3046 4838
179 281 199 347 8
541 298 580 346 arr
604 299 631 346 s.
653 296 759 346 sutoro
781 298 832 347 rr.
856 297 986 347 norrorr.
1262 279 1352 346 DDC.
1378 281 1393 343 l

132 395 163 452 et
186 394 366 454 moerentes
394 385 495 475 cripit
522 387 678 476 sospitate
704 384 778 473 (lob
804 384 850 473 v).
883 382 1061 455 hdimebat
1091 382 1157 455 sibi
1184 384 1397 454 saturitatem

132 472 242 574 panis,
271 485 308 542 ut
335 472 512 544 coelestem
545 486 657 564 posset
682 473 869 564 promereri
897 495 1033 564 panem.
1060 476 1126 544 Dra
1155 473 1293 561 quidem
1319 473 1400 562 ejus

126 561 271 650 jejuniis
297 561 491 652 pallebant,
523 585 648 653 corpus
675 562 811 632 aridum
841 562 1035 646 marcebat,
1066 561 1125 633 sed
1152 584 1248 632 mens
1278 563 1398 632 acrius

130 672 265 740 semper
281 664 437 722 aeternae
454 653 583 740 patriae
598 673 715 722 arbore
730 652 927 722 aestuabat:
954 665 986 722 et
1003 651 1094 722 unde
1111 653 1267 743 graviora
1285 673 1401 722 recor-

129 739 286 822 dabatur,
303 739 384 810 inde
400 741 585 831 patientius
600 741 724 811 leviora
742 741 909 832 portabat.
937 744 1077 833 Semper
1097 741 1188 811 enim
1208 742 1401 832 praesentis

130 829 215 899 vitae
232 829 416 899 terminum
442 830 591 911 intuens,
611 828 761 901 futuram
784 830 840 900 Dei
858 831 1061 901 sententiam
1079 853 1118 901 ao
1137 829 1319 901 metuenda
1339 831 1400 921 ju-

127 917 218 988 dicia
243 917 458 999 formidabat,
487 919 599 990 sciens
623 920 813 1010 scriptum:
839 924 962 990 Beatus
986 921 1093 1000 homo,
1121 922 1183 1011 qui
1203 942 1332 1011 semper
1349 931 1400 990 est

125 1009 269 1098 pavidus
286 1007 398 1099 (Proc.
425 1008 550 1097 artur).
577 1013 616 1078 Et
639 1008 724 1078 illud
751 1009 926 1098 Apostoli:
954 1012 1035 1081 Cum
1061 1012 1178 1080 timore
1198 1020 1231 1079 et
1254 1020 1400 1079 tractore

126 1107 272 1166 vestram
286 1099 431 1169 salutem
446 1099 635 1188 operamini
646 1097 787 1189 (Philip.
815 1096 864 1187 n).
891 1097 937 1168 hd
960 1098 1095 1168 Domini
1113 1120 1191 1169 vero
1216 1098 1317 1188 pedes
1336 1121 1398 1167 no·

126 1185 239 1256 ctibus
258 1187 405 1276 jacebat,
426 1187 587 1257 manibus
606 1200 723 1277 pectus
744 1185 904 1269 tundens,
923 1208 1029 1278 genas
1047 1187 1211 1288 lacrymis
1231 1187 1397 1276 irrigans,

128 1275 369 1364 moderatoque
399 1276 549 1365 suspirio
572 1275 682 1346 oculis
711 1274 754 1345 ad
787 1275 920 1345 coelum
946 1276 1086 1357 levatis,
1123 1276 1221 1346 illum
1257 1297 1399 1366 semper

128 1364 342 1456 respiciebat,
368 1385 468 1452 quem
494 1362 636 1435 fortasse
658 1363 891 1452 delinquendo
912 1364 1095 1436 offendisse
1116 1365 1267 1448 timebat,
1289 1387 1329 1435 ac
1347 1364 1400 1436 la-

129 1455 305 1524 mentabili
324 1474 403 1524 voce
419 1454 502 1524 haec
518 1454 673 1526 crebrius
690 1454 792 1524 verba
817 1455 1034 1557 geminabat:
1064 1455 1135 1525 riti
1157 1457 1223 1524 soli
1242 1458 1396 1547 peccavi,

127 1545 283 1614 moerere
306 1545 374 1612 mei
394 1544 574 1614 secundum
599 1566 757 1646 magnam
780 1545 1045 1614 mirericordiam
1064 1555 1158 1614 tuom
1176 1545 1245 1634 (Pa.
1268 1543 1326 1634 50)
1338 1569 1346 1630 3
1363 1559 1401 1615 et

126 1631 214 1702 illud
233 1633 320 1702 beati
340 1631 427 1703 lob:
454 1636 624 1714 Memento,
652 1633 824 1721 inquiens,
850 1635 933 1723 quio
947 1645 1065 1704 ventus
1081 1644 1129 1704 est
1144 1636 1217 1704 vito
1235 1655 1321 1703 mea.
1342 1639 1396 1716 Et,

127 1725 232 1792 Parce
250 1721 360 1792 mitt:
386 1722 474 1792 nibil
496 1724 584 1792 enim
606 1732 685 1793 sunt
708 1722 778 1792 dies
800 1724 868 1791 mei
881 1721 955 1812 (lob
972 1722 1043 1812 ru).
1065 1726 1103 1792 Et
1118 1744 1158 1792 ex
1177 1744 1213 1793 se
1228 1722 1399 1810 quodam·

130 1809 231 1880 modo
258 1809 461 1913 egrediens,
487 1810 572 1881 illud
597 1825 675 1880 ante
706 1832 804 1882 suam
834 1811 997 1901 pingebat
1021 1824 1191 1882 mentem:
1216 1811 1306 1900 quod
1333 1834 1401 1882 nec

128 1899 252 1970 oculus
267 1900 362 1981 vidit,
383 1921 445 1970 nee
466 1901 560 1970 auris
576 1899 719 1981 audivit,
740 1899 853 1970 necin
873 1921 931 1970 cor
948 1899 1099 1970 hominis
1115 1901 1280 1981 aseendit,
1306 1923 1401 1987 quae

129 1990 344 2080 praeparavit
374 1994 462 2060 Deus
489 1987 716 2081 diligentibus
740 2011 787 2060 se.
814 1988 894 2059 Ideo
922 1990 986 2059 ista
1013 1989 1144 2080 jugiter
1172 1990 1397 2072 meditando,

128 2090 256 2164 quanto
277 2077 355 2169 plus
372 2077 581 2169 proficiebat,
601 2091 694 2149 tanto
718 2077 798 2168 plus
819 2077 1086 2148 humiliabatur:
1112 2090 1150 2150 ut
1172 2079 1401 2172 quantoplus

130 2167 332 2238 humiliatus
346 2181 445 2250 esset,
465 2179 559 2239 tanto
573 2167 725 2258 amplius
743 2167 932 2256 proliceret.
958 2169 1062 2268 Cujus
1078 2180 1207 2256 quanta
1221 2167 1285 2238 luit
1302 2189 1400 2238 moe-

129 2256 231 2338 stitia,
251 2269 344 2327 tanta
359 2257 425 2327 fuit
439 2268 472 2327 et
488 2259 585 2326 venia
601 2279 610 2338 ;
628 2269 661 2326 et
672 2268 839 2344 quantum
858 2278 894 2327 se
915 2256 1092 2328 humiliter
1111 2256 1240 2338 afflixit,
1261 2269 1397 2327 tantum

129 2342 314 2415 clementer
332 2368 350 2415 a
369 2346 512 2416 Domino
537 2347 660 2416 meruit
676 2344 869 2416 sublimari.
888 2350 914 2416 0
928 2345 1097 2435 profunda
1112 2346 1306 2437 benignitas
1322 2348 1396 2416 Deil

129 2433 179 2503 Fit
194 2433 339 2505 velocior
355 2434 465 2515 venia,
485 2456 590 2522 quarn
607 2433 721 2523 culpa.
741 2437 766 2506 0
790 2431 870 2504 felix
894 2435 1114 2525 poenitentia,
1132 2457 1220 2523 quae
1245 2449 1311 2504 tam
1339 2457 1400 2504 ve-

129 2520 246 2594 lociter
262 2523 304 2594 ad
322 2544 358 2593 se
377 2524 500 2595 Christi
516 2524 615 2593 traxit
639 2523 922 2603 misericordiam,
946 2544 1103 2612 quaeque
1123 2546 1190 2595 non
1220 2525 1316 2614 prius
1340 2546 1400 2596 as-

127 2611 228 2682 siduo
244 2614 327 2683 lietu
350 2612 551 2683 delictorum
571 2612 729 2682 flammas
745 2612 987 2704 extinguendo,
1008 2613 1247 2700 frequentique
1258 2613 1399 2703 jejunio

128 2714 342 2790 peecatorum
362 2701 456 2772 virus
471 2700 686 2777 excludenda
707 2700 846 2783 destitit,
864 2724 967 2788 quam
988 2701 1270 2784 misericordiam,
1287 2724 1398 2790 quam

127 2792 287 2877 poscebat
302 2812 322 2862 a
335 2791 489 2872 Domino,
516 2790 713 2879 impetraret
728 2794 734 2858 l
765 2795 807 2860 De
824 2790 951 2861 talibus
966 2793 1096 2882 quippe
1113 2813 1172 2882 per
1189 2791 1396 2862 Malachiam

127 2879 327 2969 prophetam
346 2879 512 2950 Dominus
536 2877 639 2948 dicit:
665 2879 752 2949 Dedi
772 2881 805 2948 ei
826 2882 980 2951 timorem
997 2903 1121 2961 metam,
1140 2891 1170 2950 et
1196 2883 1309 2950 timuit
1325 2903 1393 2962 me,

125 2978 156 3036 et
179 2991 201 3038 a
223 2969 311 3060 facie
333 2970 476 3040 nominis
499 2969 567 3038 mci
578 2969 721 3059 pavebat
743 2968 880 3058 (Molee.
899 2969 949 3057 ιι).

168 3061 250 3144 §D
278 3059 428 3146 Denique
460 3056 610 3145 quodam
646 3069 799 3147 tempore
832 3057 1055 3149 interpellans
1083 3059 1289 3140 Dominum,
1327 3057 1397 3128 lide

125 3145 226 3235 pleno
252 3159 385 3238 pectore
408 3145 574 3237 exigebat,
601 3159 640 3217 ut
663 3149 704 3227 si,
726 3159 866 3237 accepta
883 3153 949 3218 Deo
970 3148 1177 3236 poenitentia
1196 3148 1271 3238 ejus
1287 3161 1391 3228 esset,

124 3257 262 3324 quoquo
280 3235 381 3306 modo
401 3235 602 3327 dignaretur
615 3236 647 3305 ei
666 3235 749 3305 Dare
770 3237 938 3308 notitiam.
965 3236 1118 3307 Habebat
1139 3237 1252 3326 itaque
1271 3237 1305 3306 in
1331 3259 1397 3306 cu-

124 3323 251 3407 biculo,
272 3327 329 3398 ubi
348 3324 487 3398 assidue
510 3324 664 3396 cubitare
684 3323 805 3394 solitus
829 3338 912 3406 erat,
934 3324 1121 3398 multorum
1140 3327 1283 3416 pignora
1308 3329 1395 3395 San-

123 3426 255 3486 ctorum
283 3415 318 3484 in
352 3437 394 3484 su
421 3414 525 3485 remis
554 3413 794 3504 dependentia,
822 3413 887 3484 sub
907 3435 1056 3504 quorum
1089 3437 1187 3485 sacro
1211 3415 1393 3494 velamine,

124 3503 286 3575 reclinato
303 3503 338 3574 in
363 3437 476 3574 cificio
495 3503 617 3592 capite,
644 3524 742 3573 orare
756 3516 980 3574 consueverat
1000 3515 1109 3574 nocte.
1129 3509 1201 3587 Quo
1226 3505 1393 3574 nimirum

122 3592 157 3662 in
175 3593 248 3664 loco
264 3614 345 3664 cum
364 3616 404 3664 ex
422 3614 515 3663 more
533 3592 684 3680 quadam
703 3605 800 3663 nocte
824 3593 858 3662 in
876 3593 1031 3662 oratione
1049 3606 1261 3684 prostratus,
1288 3615 1397 3684 super

121 3682 275 3754 cilicium
300 3681 535 3762 incumberet,
562 3702 684 3753 somno
708 3681 890 3772 ingruente
918 3703 1127 3772 oppressus,
1152 3682 1254 3752 veluti
1282 3694 1395 3754 trans-

120 3771 235 3841 eundo
259 3773 294 3840 in
313 3782 485 3842 momento
501 3770 720 3851 obdormirit,
739 3771 920 3857 visumque
942 3782 994 3841 est
1016 3771 1048 3840 ei
1067 3771 1239 3844 adstitisse
1255 3786 1395 3861 repente

118 3858 330 3948 quemdam,
357 3871 460 3948 atque
483 3858 634 3930 dixisse:
662 3864 804 3940 «Ecce,
830 3860 941 3951 Eligi,
968 3861 1146 3932 exauditae
1174 3872 1255 3930 sunt
1275 3864 1396 3950 pr'eces

119 3961 221 4028 tuae,
249 3948 445 4037 indiciaque
468 3947 551 4019 clim
575 3948 733 4038 quaesita
763 3970 855 4019 nunc
888 3948 949 4019 tibi
982 3971 1156 4020 concessa.
1183 3973 1202 4018 n
1231 3954 1304 4019 lior
1335 3950 1396 4020 ille

117 4036 295 4118 excitatus,
321 4037 461 4108 odorem
486 4037 602 4110 hatteit
625 4037 875 4128 gratissimum.
896 4039 1010 4110 Sensit
1023 4039 1124 4109 etiam
1143 4061 1182 4109 ex
1202 4037 1323 4130 gerulo
1339 4061 1395 4110 re-

119 4125 306 4215 liquiarum
320 4141 435 4218 guttas
446 4127 670 4198 suavissimas
682 4148 786 4217 super
801 4149 904 4197 suum
919 4127 1096 4199 lenissime
1109 4127 1261 4198 defluere
1273 4143 1393 4217 caput.

118 4218 249 4303 Exque
266 4215 370 4286 nimis
389 4216 566 4294 attonitus.
585 4217 732 4286 surrexit
748 4215 917 4298 velociter,
941 4230 974 4287 et
997 4215 1141 4288 sollicite
1161 4217 1392 4308 conspiciens

117 4304 203 4374 vidit
221 4305 321 4392 quasi
346 4303 541 4375 balsamum
557 4304 727 4376 distillare
743 4304 786 4374 de
802 4305 1021 4384 chrismario,
1040 4320 1073 4377 et
1097 4305 1213 4396 pallio,
1233 4329 1302 4394 quo
1321 4323 1397 4377 erat

118 4404 269 4484 opertos.
295 4398 402 4464 Tanta
425 4393 555 4484 quippe
584 4393 773 4484 fragrantia
801 4393 917 4464 odoris
941 4395 1141 4468 suavissimi
1171 4409 1277 4466 totum
1305 4395 1392 4467 illud
