2960 4824
66 253 124 316 Dee.
147 255 174 318 ll
449 275 486 320 mc
511 226 539 322 s.
566 275 700 322 cinisii
725 274 850 322 srvciric
1179 261 1242 324 265

62 354 253 437 resederunt,
279 370 409 426 etcum
431 360 462 426 in
492 373 615 428 terram
634 359 837 460 appulisset,
858 359 923 448 ipsi
949 359 1118 430 accedunt
1138 361 1180 430 ad
1207 385 1286 432 san-

61 457 136 522 cium,
153 456 181 513 et
196 467 261 514 una
277 447 418 516 cumeis
434 449 582 537 Sergius.
603 452 666 530 om
681 470 759 517 cum
779 447 926 538 benigne
942 447 1129 520 admodum
1148 451 1284 519 beatum

59 531 213 613 salutasset,
235 533 301 602 alia
316 536 453 622 quidem
474 537 548 626 ipse
572 537 722 627 exponit,
743 536 923 618 Simeonis,
942 536 1097 626 inquam,
1125 537 1206 606 liinc
1230 538 1287 607 de-

59 642 171 702 cessum,
192 636 223 690 et
241 623 329 710 quod
358 615 499 714 abipso
526 625 655 694 donum
679 626 779 694 derret
806 623 848 693 ad
874 630 1139 714 Imperatorem,
1166 628 1285 696 dicens

59 709 176 791 Danieli,
202 710 233 778 id
258 710 300 780 ad
325 735 402 782 eum
436 715 549 802 potius
578 737 653 783 esse
681 714 850 793 missum,
878 735 982 800 quani
1014 715 1057 784 ad
1088 715 1211 794 illum,
1240 717 1282 784 ad

58 819 126 882 quem
149 801 217 889 ipse
242 800 276 868 id
304 801 389 871 mitti
414 803 623 892 opinaretur.
651 802 722 872 illia
753 815 867 870 autem
899 825 1021 873 rursus
1050 804 1147 873 audit
1174 827 1193 872 a
1225 809 1287 872 Da·

58 885 135 968 niele,
158 910 242 974 quae
272 890 303 958 ei
334 895 421 960 Deus
454 891 660 980 significavit
683 892 725 960 de
750 892 931 970 Simeone,
958 903 991 960 et
1022 891 1065 961 de
1089 894 1181 972 vita,
1209 893 1284 982 ejus
1399 890 1406 905 ‘

56 975 116 1044 n'tae
137 978 285 1048 instituto
308 993 535 1068 congruenter
558 980 702 1070 agenda.
730 984 821 1062 Quae
845 979 985 1066 quidem
1015 1003 1094 1050 cum
1120 981 1287 1050 audiisset

54 1065 171 1152 Sergius,
196 1089 331 1136 sacrum
349 1069 462 1137 statim
479 1068 609 1138 donum
634 1069 787 1157 ejiciens,
809 1067 840 1137 id
859 1068 965 1138 donat
991 1070 1131 1151 Danieli,
1155 1083 1287 1170 epatre

54 1152 175 1310 Sinpope
203 1155 321 1224 diceus
347 1157 495 1246 migrare
519 1157 560 1226 ad
589 1171 718 1247 patrem
754 1157 938 1227 Danielem.
972 1159 1008 1226 Et
1033 1159 1116 1228 haec
1145 1159 1284 1245 quidem

53 1259 90 1305 sic
125 1257 226 1311 eant.

84 1329 172 1413 §ld
197 1337 287 1402 Deus
310 1345 422 1402 autem
446 1355 567 1404 rursus
583 1347 745 1404 consueta
763 1335 903 1413 faciens,
925 1336 1089 1406 incitabat
1111 1337 1283 1406 Danielem

52 1415 319 1511 visionequadam
344 1423 522 1503 diviniore,
549 1435 588 1492 ut
611 1425 854 1514 aggrederetur
872 1424 1005 1492 vivendi
1027 1423 1192 1493 rationem
1214 1447 1284 1494 ma-

48 1523 128 1587 iorem
154 1521 189 1578 et
205 1510 467 1592 sublimiorem,
495 1533 553 1580 vas
576 1533 656 1582 eum
681 1512 881 1592 electionis,
907 1512 1079 1597 quomodo
1111 1513 1282 1594 Paulum,

50 1596 209 1677 praesciens
232 1598 402 1668 futurum.
427 1602 593 1690 Apparuit
616 1623 694 1672 vero
712 1601 796 1670 visio
818 1622 885 1670 non
907 1600 1058 1681 Danieli,
1086 1601 1145 1670 sed
1173 1599 1286 1690 potiiis

51 1683 147 1778 Sergio
171 1687 380 1757 Videbantur
395 1689 486 1757 eiiiin
512 1699 579 1758 tres
599 1689 737 1760 adeum
758 1692 892 1760 venisse
916 1689 1160 1770 adolescentes
1178 1703 1211 1758 et
1234 1690 1286 1758 di-

49 1789 132 1840 xisse:
156 1781 250 1846 «Sur
275 1799 315 1855 e,
347 1779 453 1866 Sergi,
480 1775 536 1846 die
562 1778 681 1848 Abbati
704 1779 856 1848 Danieli:
883 1777 1055 1867 expletum
1080 1793 1131 1847 est
1152 1791 1286 1867 tempus

51 1866 106 1927 tuae
119 1861 149 1930 in
164 1799 289 1955 tempdb
306 1865 536 1936 habitationis.
560 1867 681 1936 Adesto
698 1867 871 1956 deinceps,
898 1881 930 1936 et
954 1867 996 1934 ad
1016 1866 1145 1954 majora
1164 1889 1284 1956 parare

55 1953 250 2022 certamina.»
277 1957 360 2022 Cum
382 1975 462 2043 ergo
488 1955 518 2025 ei
545 1957 685 2044 Sergius
708 1956 860 2025 divinam
887 1955 1078 2044 aperuisset
1103 1955 1282 2037 visionem,

56 2039 176 2116 queniam
202 2042 229 2110 is
258 2053 426 2113 statuerat
449 2064 516 2112 non
543 2066 736 2134 repugnare
766 2045 929 2115 omnibus
958 2043 1101 2112 nutibus
1129 2045 1285 2133 omnipo-

57 2127 180 2208 cilicet
201 2129 333 2217 alioqui
355 2131 460 2231 priori
484 2154 621 2220 quoque
648 2134 771 2202 visioni
796 2133 947 2203 secunda
972 2132 1229 2232 consentiebam
1255 2145 1287 2201 et

58 2227 183 2294 praeterea
208 2221 382 2290 Simeonis
406 2220 507 2292 etiam
538 2221 780 2291 indumentum
802 2235 873 2292 erat
898 2221 999 2290 arrha
1018 2220 1095 2290 talis
1119 2235 1206 2290 vitae
1226 2221 1286 2290 dc-

57 2301 156 2393 geilae,
178 2309 326 2378 mittitur
354 2310 514 2398 Sergius,
542 2323 581 2378 ut
608 2309 754 2380 disceret
773 2310 848 2380 loca
870 2309 980 2400 magis
1008 2309 1172 2390 solitaria,
1199 2331 1287 2395 quae

57 2385 106 2456 illic
121 2410 196 2478 sunt,
216 2398 279 2468 ubi
305 2409 457 2486 oporteat
474 2418 598 2486 ponere
617 2398 827 2475 columnam,
855 2411 886 2468 et
914 2411 1033 2488 aptum
1053 2397 1094 2469 ad
1116 2398 1285 2498 agendam

56 2473 163 2552 vitinin
176 2487 293 2572 quiete
308 2497 340 2554 et
353 2485 499 2556 silentio.
520 2487 677 2569 Quicum
700 2499 814 2586 partes¹
827 2487 995 2574 quasdam
1014 2487 1142 2644 lastigii
1161 2487 1287 2556 montis

51 2565 135 2649 pulcre
151 2587 237 2644 esset
262 2587 510 2664 perscrutatus,
531 2587 711 2665 postquam
743 2588 888 2644 venisset
907 2577 942 2644 in
968 2575 1067 2645 illum
1107 2597 1220 2655 ocum,
1249 2576 1283 2644 in

48 2671 95 2736 ltro
113 2663 279 2748 oportebat
313 2675 402 2732 stare
433 2663 657 2741 columnam,
686 2676 721 2733 lu
752 2669 839 2732 Deus
864 2665 1019 2733 omnium
1052 2664 1115 2732 lioc
1145 2685 1283 2750 quoque

47 2747 174 2818 utendis.
201 2753 301 2822 Videt
324 2773 405 2841 ergo
434 2753 591 2840 protinus
615 2751 728 2822 dictus
753 2753 892 2842 Sergius
916 2752 1028 2821 albam
1060 2752 1282 2832 columbam,

45 2849 110 2912 quae
120 2838 184 2910 alas
197 2839 397 2928 frequenter
407 2840 617 2930 expandens,
630 2854 662 2909 et
675 2863 798 2930 parum
818 2862 938 2911 rursus
952 2840 1150 2922 subvolans,
1163 2843 1284 2912 iteruin

44 2917 201 3002 decidebat.
219 2929 415 3000 arbitratus
434 2950 515 3019 ergo
530 2951 605 2999 eam
626 2951 701 3000 esse
716 2943 851 3019 captam
869 2943 902 2999 et
916 2930 1063 2998 vinctam
1082 2930 1225 3017 laqueis,
1243 2929 1287 2999 ad

45 3027 99 3078 ean
126 3014 281 3099 Destinat,
305 3031 337 3088 et
356 3019 531 3088 contendit
558 3040 634 3088 eam
658 3039 780 3107 capere
810 3017 985 3088 manibus.
1016 3015 1075 3086 [lla
1105 3041 1184 3089 vero
1206 3040 1286 3089 cum

44 3101 131 3170 statim
148 3106 326 3188 evolasset,
350 3127 391 3176 ne
407 3107 517 3178 oeulis
537 3106 677 3194 quidem
703 3119 833 3195 poterut
852 3105 1079 3196 apprehendi.
1108 3111 1190 3176 Cum
1219 3121 1285 3176 tom

43 3187 153 3262 evidens
167 3197 358 3296 accepisset
378 3195 516 3284 signum
542 3195 742 3266 statuendae
766 3195 959 3276 columnae,
987 3207 1020 3264 et
1047 3195 1121 3283 ipse
1149 3216 1287 3282 quoque

43 3277 104 3346 sctis
118 3281 346 3364 intellexisset,
368 3305 473 3370 quain
498 3297 587 3354 esset
610 3298 711 3374 aptus
731 3284 838 3364 locus,
858 3284 1036 3355 descendit
1052 3282 1094 3383 ad
1114 3296 1284 3383 sanctum,

43 3371 177 3441 etomnia
195 3372 377 3462 sigillatim
397 3374 577 3442 renunciat
593 3395 672 3442 cum
690 3395 742 3454 ea,
768 3395 871 3460 quam
898 3373 1038 3452 viderat,
1059 3393 1199 3470 visione.
1226 3370 1287 3440 Ille

42 3466 130 3524 autem
145 3473 176 3530 et
187 3460 337 3532 laetatus
350 3473 411 3542 est,
430 3484 508 3532 cum
523 3462 721 3544 audivisset,
739 3475 772 3532 et
792 3461 834 3530 ad
854 3461 966 3531 locum
983 3461 1097 3530 venire
1112 3461 1284 3548 cupiebat.

43 3541 86 3610 Dat
99 3567 168 3618 vero
184 3556 322 3622 llarcus
338 3551 476 3638 quidem
492 3551 523 3620 ei
539 3551 672 3620 amiciis
689 3567 721 3620 ei
733 3550 861 3636 alioqui
876 3550 1057 3620 familiaris
1072 3548 1284 3650 columnam.

43 3629 104 3727 lum
119 3650 226 3709 autem
246 3640 360 3710 laetus
376 3652 464 3710 esset
483 3641 512 3708 is
527 3659 676 3727 quoque,
694 3639 755 3726 qui
774 3640 859 3710 solet
879 3640 995 3708 vocari
1014 3639 1162 3717 modius,
1181 3649 1214 3706 et
1232 3657 1287 3706 ca-

43 3720 89 3798 Diti
104 3724 281 3800 columnae
304 3727 425 3798 suisset
439 3728 632 3817 adaptatos,
655 3726 754 3818 jubet
769 3728 860 3798 circa
884 3727 1033 3796 mediam
1051 3739 1183 3826 noctem
1210 3747 1287 3826 per·

43 3799 122 3905 brari
136 3815 200 3886 sibi
220 3816 343 3907 templi
363 3815 524 3905 parietem
543 3842 551 3882 c
572 3830 605 3888 et
623 3817 680 3898 ita,
700 3837 819 3886 omnes
837 3817 957 3896 latens,
975 3815 1140 3886 aseendit.
1161 3815 1287 3914 Deinde

44 3905 120 3988 etiam
144 3925 220 3973 cum
250 3905 380 3996 gaudio
403 3904 554 3995 concipit
575 3927 703 3994 preces,
731 3926 820 3992 quae
847 3906 892 3975 ita
918 3903 1111 3974 habebant:
1138 3903 1288 3974 «Gloria

45 3983 99 4080 lbi,
121 3991 247 4065 Christe
266 4000 365 4076 Deus,
383 3995 476 4082 quod
503 4015 556 4064 me
573 3994 700 4064 talibus
719 3993 819 4064 bonis
835 4006 867 4062 et
891 3993 949 4062 tali
975 3994 1062 4063 vitae
1078 3992 1234 4062 instituto
1251 4015 1288 4062 es

46 4067 68 4136 li
108 4091 190 4150 atus.
213 4083 276 4154 Sed
296 4097 331 4155 tu
347 4085 428 4165 seis,
448 4105 468 4152 ο
488 4083 641 4163 Domine,
663 4083 754 4169 quod
777 4097 807 4152 te
823 4081 895 4152 solo
910 4082 1017 4152 fretus
1034 4082 1123 4152 lianc
1139 4080 1287 4150 ascendo

48 4177 73 4226 tt
84 4185 227 4254 umnam,
249 4185 281 4242 et
307 4173 371 4242 boc
390 4183 562 4242 certamen
592 4170 709 4260 subeo.
740 4171 881 4259 Suscipe
904 4191 1019 4240 meum
1045 4170 1285 4270 propositum;

51 4253 187 4340 ¹confirma
207 4273 261 4330 nie
284 4261 325 4331 od
354 4282 522 4339 cursum;
548 4271 707 4348 coeptum
733 4281 849 4329 meum
878 4257 1062 4329 absolve.»
1088 4263 1142 4330 Sic
1167 4258 1287 4329 beatus

52 4333 88 4406 ille
108 4366 168 4416 non
188 4349 311 4436 spiritu
334 4349 446 4420 solum
468 4369 542 4418 esse
565 4347 732 4429 coelestis,
761 4347 818 4418 sed
839 4347 955 4426 etiarn,
974 4347 1085 4434 quoad
1113 4349 1188 4436 ejus
1213 4345 1286 4415 lieri
