2960 4824
236 277 301 342 270
630 295 669 338 oir
693 297 721 340 s.
747 293 881 340 naxium
906 291 1032 340 sixtus
1307 273 1378 336 ott.
1399 273 1426 334 ti
1464 269 1465 340 ?

192 383 293 460 Deus,
312 389 345 448 et
359 377 506 468 justitia,
528 398 617 463 quae
634 398 744 464 neque
807 389 868 447 test
884 376 995 457 vitari,
1023 397 1085 446 nec
1099 375 1264 446 oblivioni
1287 374 1430 444 mandari.
1464 380 1465 456 i

193 466 282 550 Quid
303 489 384 558 ergo
398 466 544 536 accidit?
566 479 600 534 et
617 399 890 552 quomotlhohuec
905 465 1177 554 dispensantur?
1193 465 1297 534 llulus
1312 463 1432 552 spiritus
1464 465 1465 550 3

191 557 307 626 statim
325 555 470 624 mittitur
486 553 529 623 ad
552 553 677 623 malam
695 567 727 624 et
745 554 943 623 mendacem
962 553 1160 635 foeminam,
1176 567 1209 624 et
1226 553 1346 622 inritus
1362 551 1433 618 inii-

192 658 261 716 tam
280 645 371 733 cogit
386 643 483 713 ellari
503 641 658 712 lraudem
685 643 933 712 baereticorum
962 643 995 712 io
1021 642 1130 724 illam,
1157 655 1310 714 etenum
1335 661 1433 710 rursus

192 732 414 803 mendacium
431 746 464 802 et
479 731 782 800 machinationem.
804 736 887 801 Cum
912 753 987 801 eam
1012 753 1093 822 ergo
1116 733 1325 821 accepissent
1346 729 1429 804 cives,

192 835 225 892 et
240 821 282 890 ud
298 826 460 890 Sanctum
479 820 669 900 duxissent,
688 820 854 911 rogabant
873 825 1035 890 Sanctum
1050 833 1089 890 ut
1103 835 1250 890 curaret.
1269 818 1328 890 llle
1341 831 1433 888 anien

192 931 294 978 verus
310 910 434 979 Christi
453 908 659 999 discipulus,
669 910 729 996 qui
743 909 828 978 dixit
844 909 1077 999 septuagesies
1087 931 1123 978 ae
1151 910 1212 980 ties
1221 919 1366 1000 oportere
1380 904 1433 972 lra-

194 998 304 1070 tribus
328 999 499 1067 remittere
514 997 639 1078 debita,
662 1009 694 1066 et
717 995 861 1088 diligere
878 999 1049 1079 inimicos,
1071 931 1174 1068 amhn
1197 997 1301 1066 simul
1320 1015 1434 1086 praece·

194 1099 250 1177 pta
279 1109 349 1156 una
373 1099 535 1156 executus
561 1099 612 1156 est
634 1087 788 1155 actione:
816 1085 900 1155 illud
930 1086 1083 1172 quidem,
1116 1085 1341 1156 condonando
1365 1083 1436 1170 inju-

193 1177 301 1256 riam;
328 1175 393 1244 hoc
417 1195 506 1255 vero,
529 1173 723 1244 miserendo
737 1175 954 1256 calamitatis
973 1177 1081 1244 immo
1097 1197 1174 1244 vero
1191 1196 1266 1244 eam
1287 1173 1379 1262 plene
1392 1170 1437 1238 eri·

192 1263 316 1355 gendo,
343 1277 376 1332 et
392 1263 529 1334 sanitati
546 1263 768 1334 restituendo.
789 1268 872 1332 llam
898 1285 978 1333 cum
995 1265 1150 1333 oratione
1172 1285 1271 1342 usus,
1289 1282 1359 1331 eain
1380 1259 1437 1327 olco

193 1365 389 1424 sanctorum
405 1364 579 1442 tamquam
597 1352 740 1422 salutari
757 1351 874 1438 aliquo
889 1365 1036 1442 potasset
1051 1352 1312 1432 medicamento,
1329 1347 1437 1418 malurn

191 1441 331 1529 quidem
358 1441 530 1530 spiritum,
558 1454 734 1527 tamquam
759 1439 891 1528 aliquid
920 1453 1139 1521 venenatum,
1165 1441 1281 1510 statim
1304 1436 1437 1527 expellit:

191 1551 266 1600 eam
286 1543 413 1611 autom,
431 1549 520 1617 quae
540 1527 729 1610 laborabat,
751 1529 825 1600 auis
851 1550 970 1599 sanam
992 1527 1116 1599 reddit.
1135 1534 1229 1612 Quae
1244 1532 1344 1598 etiam
1364 1523 1439 1595 illius

190 1617 369 1708 complexa
385 1617 597 1698 columnam,
619 1639 763 1707 magnas
785 1617 925 1705 quidem
946 1639 1053 1708 ageris
1078 1620 1217 1708 gratias,
1243 1631 1278 1688 ei
1301 1615 1440 1699 deinceps

191 1706 302 1776 multa
318 1711 385 1776 Deo
402 1707 614 1797 promittens,
633 1718 672 1776 ut
686 1728 775 1794 quac
794 1706 969 1797 duplicem
995 1707 1153 1776 morbum
1178 1707 1364 1797 effugisset,
1388 1720 1439 1770 nou

191 1795 303 1866 solum
329 1816 421 1878 eum,
447 1795 508 1882 qui
531 1795 730 1885 apparebat,
757 1809 790 1865 et
812 1796 980 1864 damnum
1001 1795 1164 1866 afferebat
1187 1795 1235 1864 rei
1262 1815 1349 1882 quae
1371 1789 1440 1858 iidc-
1464 1788 1465 1806 ¹

191 1885 305 1966 batur,
333 1883 392 1953 sed
411 1884 518 1954 multo
543 1883 654 1973 magis
678 1905 757 1952 eum
782 1885 842 1970 qui
867 1883 1003 1964 latebat,
1025 1882 1399 1970 eratquevoluntarius,
1416 1888 1440 1942 et

190 1994 255 2042 sua
278 1985 398 2129 sponte
422 1984 615 2063 susceptus,
632 1985 665 2042 et
681 1974 832 2043 animam
860 1971 1089 2042 immortalem
1108 1973 1231 2062 punire
1252 1983 1378 2063 poterat
1391 1969 1439 2034 in·

190 2073 298 2131 morta
318 2075 390 2130 iter.

235 2155 349 2232 §u
376 2154 447 2220 Non
473 2149 585 2220 solum
610 2161 723 2219 autem
744 2150 916 2230 morbum,
937 2149 997 2238 qui
1016 2149 1117 2218 modo
1134 2149 1316 2230 inciderat,
1337 2153 1444 2238 poterat
1464 2177 1465 2260 3

190 2259 311 2309 curare
335 2250 493 2320 sanctus3
519 2237 577 2308 sed
601 2239 704 2307 etiam
723 2239 791 2308 ritu
815 2239 984 2308 bonorum
1002 2237 1228 2319 medicorum,
1249 2251 1284 2308 et
1308 2237 1441 2307 iuiurun
1464 2263 1465 2346 3

190 2348 316 2407 nosse,
341 2340 374 2396 et
397 2326 487 2416 quod
512 2337 585 2396 erat
607 2340 835 2408 eventurum,
859 2325 1057 2417 prophetice
1090 2340 1122 2398 et
1152 2326 1270 2398 videre
1293 2339 1326 2396 ct
1348 2325 1465 2398 diceret

190 2415 382 2486 certissima
402 2427 533 2504 poterat
548 2416 757 2506 conjectura.
785 2421 942 2506 liugnam
963 2415 1104 2503 quidem
1129 2431 1219 2486 certe
1243 2416 1364 2486 urbem
1388 2405 1465 2498 ma}

188 2525 274 2594 gaas
298 2501 478 2573 adorturas
509 2524 584 2573 esse
614 2505 752 2585 otinas,
783 2525 863 2574 cum
896 2527 919 2574 a
947 2505 1085 2593 superis
1118 2505 1310 2594 accepisset
1338 2497 1465 2592 revelat

189 2593 327 2672 tionem,
346 2613 421 2662 eam
442 2591 610 2682 Episcopo
626 2591 799 2683 significat
821 2593 1010 2674 Gennadio,
1032 2593 1160 2682 jubetis
1184 2594 1393 2664 contentiore
1406 2599 1443 2684 nti
1464 2589 1465 2596 ’

187 2681 394 2781 precatione.
421 2681 614 2763 Quinetiam
641 2682 842 2771 imperatori
867 2682 968 2750 Leoni
996 2681 1161 2771 praedicit
1180 2682 1323 2764 similia,
1354 2695 1384 2750 et
1404 2677 1445 2744 bis

187 2790 221 2837 in
243 2768 456 2840 hebdomada
467 2771 567 2861 jubet
581 2791 784 2840 communes
807 2769 881 2840 fieri
907 2769 1189 2860 supplicationes.
1215 2772 1273 2840 Sic
1297 2770 1387 2840 enim
1408 2764 1446 2859 eis

188 2857 371 2947 pollicetur
396 2859 482 2928 iram
516 2859 573 2928 Dei
603 2857 753 2928 suturam
785 2859 968 2928 mitiorem.
996 2865 1101 2946 tique
1129 2859 1153 2927 ii
1177 2859 1323 2948 quidem
1353 2863 1445 2926 saucii

187 2946 379 3036 praeceptis
402 2947 613 3038 contemptui
630 2947 768 3029 habitis,
791 2961 888 3017 erant
913 2948 988 3037 ipsa
1012 2947 1220 3017 intellecturi
1236 2943 1444 3038 experientia,

185 3055 329 3124 eaquae
350 3034 534 3104 multitudo
559 3048 776 3124 peccatorum
801 3037 923 3116 ellecit,
950 3048 988 3106 ut
1001 3035 1045 3105 ad
1064 3037 1223 3106 ellectum
1249 3035 1444 3126 deducerem

186 3136 253 3194 tur.
281 3123 473 3194 Procedens
487 3136 601 3194 autern
624 3123 656 3192 id
674 3123 863 3194 declarabit
878 3125 998 3194 oratio.
1025 3125 1193 3207 Quoniam
1212 3140 1330 3194 autem
1352 3121 1445 3192 diiiiii

152 3231 154 3236 “
186 3233 324 3300 quoquc
339 3212 420 3302 agni
437 3213 702 3283 sacnficatorem
723 3213 897 3302 oportebat
922 3234 997 3284 esse
1027 3209 1223 3295 Danielem,
1243 3215 1306 3300 qui
1330 3213 1399 3300 jam
1419 3205 1445 3274 ci

186 3301 284 3392 prius
308 3301 559 3372 sacrificaverat
575 3314 608 3371 et
623 3323 749 3391 corpus
764 3315 798 3370 et
812 3303 980 3382 unimam,
1001 3323 1020 3370 e
1040 3303 1176 3392 superis
1188 3301 1331 3388 quidem
1352 3305 1447 3369 moret

185 3393 430 3482 Imperatorem
446 3391 613 3480 spiritus:
640 3403 751 3460 movet
766 3403 881 3460 autem
907 3390 1122 3460 Gennadium
1147 3411 1289 3478 quoque
1313 3395 1448 3477 imperi-

186 3491 249 3561 tor,
275 3492 309 3548 et
331 3479 374 3549 ad
399 3500 478 3549 eum
504 3479 635 3560 scribit,
663 3491 700 3548 ut
715 3481 866 3568 acceptis
890 3478 1010 3548 multis
1033 3500 1074 3549 ex
1097 3479 1255 3560 ecclesia,
1284 3479 1394 3548 veniat
1414 3469 1448 3542 ad

184 3589 351 3658 magnum
376 3566 563 3648 Danielem,
589 3580 725 3638 etcum
750 3579 968 3638 consummet
990 3567 1112 3638 ordine
1129 3567 1348 3638 sacerdotali.
1374 3569 1445 3634 Cum

184 3654 214 3726 is
238 3677 317 3726 vero
340 3656 425 3726 liaeo
446 3654 602 3735 fecisset,
629 3657 689 3757 qui
723 3655 945 3747 praevidendi
978 3656 1119 3742 quidem
1152 3655 1266 3726 lutura
1298 3671 1447 3744 magnarii

182 3743 330 3813 habebat
355 3756 566 3835 potestatem,
594 3767 747 3835 primum
765 3746 905 3836 quidem
931 3745 1057 3836 spiritu
1083 3746 1345 3902 praecognoscit
1366 3741 1448 3810 lutu-

183 3853 259 3900 rum
278 3832 321 3901 ad
339 3855 375 3902 se
391 3834 590 3904 adventum.
616 3835 743 3904 Deinde
757 3857 836 3905 cum
856 3834 914 3903 ille
928 3836 1004 3926 p'am
1018 3847 1203 3906 venisseta
1244 3833 1446 3904 columnam.
1464 3889 1465 3902 .

182 3919 267 3990 dixit
286 3941 323 3992 se
338 3921 549 4080 jampridem
566 3921 781 3992 desiderasse
796 3923 839 3992 ad
856 3944 935 3992 eum
953 3922 1158 4004 ascendere;
1182 3921 1239 3994 sed
1261 3943 1363 3992 curas
1381 3937 1448 4007 pro-

183 4008 339 4080 hibuisse
357 4031 415 4080 ecc
430 4011 619 4093 esiasticas,
638 4032 682 4081 ne
705 4011 810 4081 linem
836 4011 1027 4100 imponeret
1054 4033 1123 4082 suo¹
1145 4009 1338 4082 desiderio:
1365 4023 1447 4076 nuno

183 4110 296 4168 autern
315 4101 441 4199 venire,
460 4113 498 4170 ut
518 4113 550 4170 et
569 4101 686 4190 ipsum
710 4099 851 4183 videret,
878 4101 1021 4191 ejusque
1045 4101 1207 4191 precibus
1231 4099 1401 4170 frueretur
1420 4101 1448 4160 et

183 4189 415 4258 sermonibus.
442 4188 595 4278 Dogabat
612 4210 690 4258 iero
705 4199 744 4259 ut
760 4188 872 4260 scalae
894 4210 1032 4277 quoque
1054 4189 1315 4259 adhiberentur.
1334 4208 1352 4252 ii
1373 4188 1448 4251 Frit-

183 4288 265 4356 stra,
283 4276 396 4362 inquit
410 4277 442 4377 ci
458 4277 681 4368 praedicendi
697 4299 824 4369 magna
837 4279 872 4379 pi
888 4276 1065 4369 praeditus
1088 4277 1221 4360 Daniel,
1243 4277 1338 4346 hunc
1361 4271 1448 4341 labo·

183 4385 255 4434 rein
273 4376 311 4434 ut
327 4385 532 4455 susciperes,
552 4367 760 4457 procurarit,
785 4389 846 4458 qui
871 4380 903 4438 te
927 4367 971 4439 ad
996 4388 1060 4438 nos
1079 4367 1195 4440 movit.
1215 4391 1233 4436 o
1256 4367 1329 4437 lloc
1352 4353 1465 4434 sinuli
