<?xml version="1.0" encoding="UTF-8"?>
<!DOCTYPE html PUBLIC "-//W3C//DTD XHTML 1.0 Transitional//EN"
    "http://www.w3.org/TR/xhtml1/DTD/xhtml1-transitional.dtd">
<html xmlns="http://www.w3.org/1999/xhtml" xml:lang="en" lang="en">
 <head>
  <title>
</title>
<meta http-equiv="Content-Type" content="text/html;charset=utf-8" />
  <meta name='ocr-system' content='tesseract 3.04.00' />
  <meta name='ocr-capabilities' content='ocr_page ocr_carea ocr_par ocr_line ocrx_word'/>
</head>
<body>
  <div class='ocr_page' id='page_1' title='image "./historiaeseuvit00lippgoog_0493.png"; bbox 0 0 2954 4816; ppageno 0'>
   <div class='ocr_carea' id='block_1_1' title="bbox 217 257 1417 348">
    <p class='ocr_par' dir='ltr' id='par_1_1' title="bbox 217 257 1417 348">
     <span class='ocr_line' id='line_1_1' title="bbox 217 257 1417 348; baseline -0.009 -19"><span class='ocrx_word' id='word_1_1' title='bbox 217 265 280 329; x_wconf 72' lang='lat' dir='ltr'><strong>tet</strong></span> <span class='ocrx_word' id='word_1_2' title='bbox 533 280 572 326; x_wconf 85' lang='lat' dir='ltr'><strong>ns</strong></span> <span class='ocrx_word' id='word_1_3' title='bbox 597 280 625 326; x_wconf 91' lang='lat' dir='ltr'><strong>s.</strong></span> <span class='ocrx_word' id='word_1_4' title='bbox 645 278 813 348; x_wconf 31' lang='lat' dir='ltr'><strong>&#39;srneunuo</strong></span> <span class='ocrx_word' id='word_1_5' title='bbox 838 277 1083 326; x_wconf 83' lang='lat' dir='ltr'><strong>rnoronnarras</strong></span> <span class='ocrx_word' id='word_1_6' title='bbox 1297 257 1370 321; x_wconf 78' lang='lat' dir='ltr'><strong>bEl.</strong></span> <span class='ocrx_word' id='word_1_7' title='bbox 1387 259 1417 318; x_wconf 77' lang='lat'><strong>26</strong></span> 
     </span>
    </p>
   </div>
   <div class='ocr_carea' id='block_1_2' title="bbox 147 359 1427 2318">
    <p class='ocr_par' dir='ltr' id='par_1_2' title="bbox 174 359 1420 540">
     <span class='ocr_line' id='line_1_2' title="bbox 174 359 1420 450; baseline -0.006 -16"><span class='ocrx_word' id='word_1_8' title='bbox 174 365 317 434; x_wconf 92' lang='lat' dir='ltr'><strong>lloribus</strong></span> <span class='ocrx_word' id='word_1_9' title='bbox 341 378 373 433; x_wconf 91' lang='lat' dir='ltr'><strong>et</strong></span> <span class='ocrx_word' id='word_1_10' title='bbox 399 364 462 433; x_wconf 89' lang='lat' dir='ltr'><strong>levi</strong></span> <span class='ocrx_word' id='word_1_11' title='bbox 486 362 635 450; x_wconf 88' lang='lat' dir='ltr'><strong>quodam</strong></span> <span class='ocrx_word' id='word_1_12' title='bbox 664 384 737 432; x_wconf 91' lang='lat' dir='ltr'><strong>rore</strong></span> <span class='ocrx_word' id='word_1_13' title='bbox 762 360 1013 440; x_wconf 79' lang='lat' dir='ltr'><strong>circumluens,</strong></span> <span class='ocrx_word' id='word_1_14' title='bbox 1041 360 1245 429; x_wconf 89' lang='lat' dir='ltr'><strong>dulcissimo</strong></span> <span class='ocrx_word' id='word_1_15' title='bbox 1270 359 1420 430; x_wconf 89' lang='lat' dir='ltr'><strong>aebeatis·</strong></span> 
     </span>
     <span class='ocr_line' id='line_1_3' title="bbox 174 453 697 540; baseline -0.008 -16"><span class='ocrx_word' id='word_1_16' title='bbox 174 455 262 524; x_wconf 90' lang='lat' dir='ltr'><strong>simo</strong></span> <span class='ocrx_word' id='word_1_17' title='bbox 277 475 399 522; x_wconf 83' lang='lat' dir='ltr'><strong>sonnno</strong></span> <span class='ocrx_word' id='word_1_18' title='bbox 414 453 615 540; x_wconf 78' lang='lat' dir='ltr'><strong>consopitus</strong></span> <span class='ocrx_word' id='word_1_19' title='bbox 635 466 697 521; x_wconf 89' lang='lat' dir='ltr'><strong>est.</strong></span> 
     </span>
    </p>

    <p class='ocr_par' dir='ltr' id='par_1_3' title="bbox 147 536 1427 2318">
     <span class='ocr_line' id='line_1_4' title="bbox 217 536 1421 631; baseline -0.009 -18"><span class='ocrx_word' id='word_1_20' title='bbox 217 545 234 630; x_wconf 83' lang='lat'>§</span> <span class='ocrx_word' id='word_1_21' title='bbox 259 545 299 613; x_wconf 78' lang='lat'><strong>8.</strong></span> <span class='ocrx_word' id='word_1_22' title='bbox 328 543 390 612; x_wconf 89' lang='lat' dir='ltr'><strong>Sed</strong></span> <span class='ocrx_word' id='word_1_23' title='bbox 417 563 478 610; x_wconf 92' lang='lat' dir='ltr'><strong>nos</strong></span> <span class='ocrx_word' id='word_1_24' title='bbox 500 541 640 610; x_wconf 89' lang='lat' dir='ltr'><strong>victoria</strong></span> <span class='ocrx_word' id='word_1_25' title='bbox 657 561 809 631; x_wconf 81' lang='lat' dir='ltr'><strong>pugnam</strong></span> <span class='ocrx_word' id='word_1_26' title='bbox 828 538 1085 620; x_wconf 88' lang='lat' dir='ltr'><strong>antevertimus,</strong></span> <span class='ocrx_word' id='word_1_27' title='bbox 1103 552 1135 608; x_wconf 90' lang='lat' dir='ltr'><strong>et</strong></span> <span class='ocrx_word' id='word_1_28' title='bbox 1155 552 1234 608; x_wconf 91' lang='lat' dir='ltr'><strong>ante</strong></span> <span class='ocrx_word' id='word_1_29' title='bbox 1248 536 1421 608; x_wconf 71' lang='lat' dir='ltr'>certaminis</span> 
     </span>
     <span class='ocr_line' id='line_1_5' title="bbox 172 625 1420 719; baseline -0.008 -19"><span class='ocrx_word' id='word_1_30' title='bbox 172 632 290 711; x_wconf 87' lang='lat' dir='ltr'>finem,</span> <span class='ocrx_word' id='word_1_31' title='bbox 313 633 424 700; x_wconf 90' lang='lat' dir='ltr'><strong>virum</strong></span> <span class='ocrx_word' id='word_1_32' title='bbox 446 629 661 719; x_wconf 84' lang='lat' dir='ltr'><strong>adspicimus</strong></span> <span class='ocrx_word' id='word_1_33' title='bbox 684 641 898 699; x_wconf 92' lang='lat' dir='ltr'><strong>coronatum.</strong></span> <span class='ocrx_word' id='word_1_34' title='bbox 926 627 1129 716; x_wconf 78' lang='lat' dir='ltr'><strong>Priusquam</strong></span> <span class='ocrx_word' id='word_1_35' title='bbox 1150 629 1244 696; x_wconf 89' lang='lat' dir='ltr'><strong>enim</strong></span> <span class='ocrx_word' id='word_1_36' title='bbox 1268 625 1420 716; x_wconf 87' lang='lat' dir='ltr'><strong>pugnandi</strong></span> 
     </span>
     <span class='ocr_line' id='line_1_6' title="bbox 174 716 1420 805; baseline -0.006 -17"><span class='ocrx_word' id='word_1_37' title='bbox 174 721 306 791; x_wconf 88' lang='lat' dir='ltr'><strong>labores</strong></span> <span class='ocrx_word' id='word_1_38' title='bbox 324 718 531 800; x_wconf 90' lang='lat' dir='ltr'><strong>videremus,</strong></span> <span class='ocrx_word' id='word_1_39' title='bbox 550 716 593 788; x_wconf 92' lang='lat' dir='ltr'><strong>ad</strong></span> <span class='ocrx_word' id='word_1_40' title='bbox 610 719 809 788; x_wconf 80' lang='lat' dir='ltr'><strong>certaminis</strong></span> <span class='ocrx_word' id='word_1_41' title='bbox 824 717 951 786; x_wconf 82' lang='lat' dir='ltr'><strong>exitum</strong></span> <span class='ocrx_word' id='word_1_42' title='bbox 968 717 1121 786; x_wconf 89' lang='lat' dir='ltr'><strong>oratione</strong></span> <span class='ocrx_word' id='word_1_43' title='bbox 1140 716 1289 805; x_wconf 78' lang='lat' dir='ltr'><strong>provecti</strong></span> <span class='ocrx_word' id='word_1_44' title='bbox 1308 735 1420 784; x_wconf 90' lang='lat' dir='ltr'><strong>sumus.</strong></span> 
     </span>
     <span class='ocr_line' id='line_1_7' title="bbox 174 805 1421 896; baseline -0.01 -16"><span class='ocrx_word' id='word_1_45' title='bbox 174 814 286 896; x_wconf 77' lang='lat' dir='ltr'><strong>Neque</strong></span> <span class='ocrx_word' id='word_1_46' title='bbox 311 810 412 880; x_wconf 83' lang='lat' dir='ltr'><strong>enim</strong></span> <span class='ocrx_word' id='word_1_47' title='bbox 432 807 502 886; x_wconf 91' lang='lat' dir='ltr'><strong>illa,</strong></span> <span class='ocrx_word' id='word_1_48' title='bbox 531 829 605 876; x_wconf 90' lang='lat' dir='ltr'><strong>rnea</strong></span> <span class='ocrx_word' id='word_1_49' title='bbox 634 807 774 894; x_wconf 87' lang='lat' dir='ltr'><strong>quidem</strong></span> <span class='ocrx_word' id='word_1_50' title='bbox 799 806 978 886; x_wconf 89' lang='lat' dir='ltr'><strong>sententia,</strong></span> <span class='ocrx_word' id='word_1_51' title='bbox 1004 805 1254 890; x_wconf 89' lang='lat' dir='ltr'><strong>praetereunda</strong></span> <span class='ocrx_word' id='word_1_52' title='bbox 1275 819 1374 876; x_wconf 84' lang='lat' dir='ltr'><strong>erant.</strong></span> <span class='ocrx_word' id='word_1_53' title='bbox 1395 824 1421 868; x_wconf 81' lang='lat' dir='ltr'><strong>es</strong></span> 
     </span>
     <span class='ocr_line' id='line_1_8' title="bbox 173 893 1423 986; baseline -0.008 -18"><span class='ocrx_word' id='word_1_54' title='bbox 173 897 301 985; x_wconf 88' lang='lat' dir='ltr'><strong>quibus</strong></span> <span class='ocrx_word' id='word_1_55' title='bbox 318 895 641 986; x_wconf 69' lang='lat' dir='ltr'><strong>maximemartyris</strong></span> <span class='ocrx_word' id='word_1_56' title='bbox 657 897 766 966; x_wconf 89' lang='lat' dir='ltr'><strong>virtus</strong></span> <span class='ocrx_word' id='word_1_57' title='bbox 785 894 902 965; x_wconf 83' lang='lat' dir='ltr'><strong>eluxit.</strong></span> <span class='ocrx_word' id='word_1_58' title='bbox 920 893 1039 977; x_wconf 81' lang='lat' dir='ltr'><strong>Qualis</strong></span> <span class='ocrx_word' id='word_1_59' title='bbox 1060 893 1218 964; x_wconf 86' lang='lat' dir='ltr'><strong>videlicet</strong></span> <span class='ocrx_word' id='word_1_60' title='bbox 1239 893 1423 963; x_wconf 84' lang='lat' dir='ltr'><strong>interficien-</strong></span> 
     </span>
     <span class='ocr_line' id='line_1_9' title="bbox 174 983 1424 1074; baseline -0.007 -19"><span class='ocrx_word' id='word_1_61' title='bbox 174 989 258 1056; x_wconf 90' lang='lat' dir='ltr'><strong>tium</strong></span> <span class='ocrx_word' id='word_1_62' title='bbox 284 985 463 1055; x_wconf 85' lang='lat' dir='ltr'><strong>consessus</strong></span> <span class='ocrx_word' id='word_1_63' title='bbox 487 985 600 1065; x_wconf 89' lang='lat' dir='ltr'><strong>luerit,</strong></span> <span class='ocrx_word' id='word_1_64' title='bbox 629 997 661 1054; x_wconf 88' lang='lat' dir='ltr'><strong>et</strong></span> <span class='ocrx_word' id='word_1_65' title='bbox 684 983 857 1072; x_wconf 89' lang='lat' dir='ltr'><strong>quomodo</strong></span> <span class='ocrx_word' id='word_1_66' title='bbox 883 984 1009 1074; x_wconf 90' lang='lat' dir='ltr'><strong>pariter</strong></span> <span class='ocrx_word' id='word_1_67' title='bbox 1033 984 1214 1056; x_wconf 88' lang='lat' dir='ltr'><strong>universos</strong></span> <span class='ocrx_word' id='word_1_68' title='bbox 1239 984 1282 1052; x_wconf 91' lang='lat' dir='ltr'><strong>ad</strong></span> <span class='ocrx_word' id='word_1_69' title='bbox 1310 997 1424 1071; x_wconf 89' lang='lat' dir='ltr'><strong>patran-</strong></span> 
     </span>
     <span class='ocr_line' id='line_1_10' title="bbox 172 1071 1425 1164; baseline -0.006 -22"><span class='ocrx_word' id='word_1_70' title='bbox 172 1075 251 1143; x_wconf 88' lang='lat' dir='ltr'><strong>dam</strong></span> <span class='ocrx_word' id='word_1_71' title='bbox 269 1075 407 1144; x_wconf 90' lang='lat' dir='ltr'><strong>caedem</strong></span> <span class='ocrx_word' id='word_1_72' title='bbox 426 1075 521 1143; x_wconf 90' lang='lat' dir='ltr'><strong>luror</strong></span> <span class='ocrx_word' id='word_1_73' title='bbox 545 1074 717 1144; x_wconf 90' lang='lat' dir='ltr'><strong>incitarit:</strong></span> <span class='ocrx_word' id='word_1_74' title='bbox 745 1086 875 1160; x_wconf 86' lang='lat' dir='ltr'><strong>quanta</strong></span> <span class='ocrx_word' id='word_1_75' title='bbox 898 1073 941 1142; x_wconf 93' lang='lat' dir='ltr'><strong>ad</strong></span> <span class='ocrx_word' id='word_1_76' title='bbox 967 1071 1102 1142; x_wconf 83' lang='lat' dir='ltr'><strong>lacinus</strong></span> <span class='ocrx_word' id='word_1_77' title='bbox 1123 1073 1341 1164; x_wconf 83' lang='lat' dir='ltr'><strong>congregatis</strong></span> <span class='ocrx_word' id='word_1_78' title='bbox 1363 1091 1425 1139; x_wconf 81' lang='lat' dir='ltr'><strong>coin·</strong></span> 
     </span>
     <span class='ocr_line' id='line_1_11' title="bbox 171 1157 1425 1253; baseline -0.008 -19"><span class='ocrx_word' id='word_1_79' title='bbox 171 1163 324 1252; x_wconf 79' lang='lat' dir='ltr'><strong>spiratio,</strong></span> <span class='ocrx_word' id='word_1_80' title='bbox 343 1165 403 1251; x_wconf 89' lang='lat' dir='ltr'><strong>qui</strong></span> <span class='ocrx_word' id='word_1_81' title='bbox 428 1162 647 1253; x_wconf 83' lang='lat' dir='ltr'><strong>singulorum</strong></span> <span class='ocrx_word' id='word_1_82' title='bbox 666 1163 823 1241; x_wconf 75' lang='lat' dir='ltr'><strong>intuitus,</strong></span> <span class='ocrx_word' id='word_1_83' title='bbox 846 1183 935 1248; x_wconf 87' lang='lat' dir='ltr'><strong>quac</strong></span> <span class='ocrx_word' id='word_1_84' title='bbox 959 1161 1083 1251; x_wconf 83' lang='lat' dir='ltr'><strong>ligura,</strong></span> <span class='ocrx_word' id='word_1_85' title='bbox 1111 1183 1200 1250; x_wconf 89' lang='lat' dir='ltr'><strong>quae</strong></span> <span class='ocrx_word' id='word_1_86' title='bbox 1224 1162 1375 1231; x_wconf 89' lang='lat' dir='ltr'><strong>dentium</strong></span> <span class='ocrx_word' id='word_1_87' title='bbox 1391 1157 1425 1226; x_wconf 88' lang='lat' dir='ltr'><strong>al-</strong></span> 
     </span>
     <span class='ocr_line' id='line_1_12' title="bbox 171 1250 1426 1342; baseline -0.006 -22"><span class='ocrx_word' id='word_1_88' title='bbox 171 1251 282 1322; x_wconf 90' lang='lat' dir='ltr'><strong>lectio.</strong></span> <span class='ocrx_word' id='word_1_89' title='bbox 309 1257 419 1332; x_wconf 85' lang='lat' dir='ltr'><strong>Nam,</strong></span> <span class='ocrx_word' id='word_1_90' title='bbox 453 1265 492 1320; x_wconf 91' lang='lat' dir='ltr'><strong>ut</strong></span> <span class='ocrx_word' id='word_1_91' title='bbox 520 1253 698 1342; x_wconf 81' lang='lat' dir='ltr'><strong>Scriptura</strong></span> <span class='ocrx_word' id='word_1_92' title='bbox 731 1263 895 1331; x_wconf 88' lang='lat' dir='ltr'><strong>testatur,</strong></span> <span class='ocrx_word' id='word_1_93' title='bbox 921 1250 1186 1321; x_wconf 80' lang='lat' dir='ltr'><strong>dissecabantur</strong></span> <span class='ocrx_word' id='word_1_94' title='bbox 1210 1251 1387 1326; x_wconf 84' lang='lat' dir='ltr'><strong>cordibus,</strong></span> <span class='ocrx_word' id='word_1_95' title='bbox 1405 1263 1426 1314; x_wconf 85' lang='lat' dir='ltr'><strong>et</strong></span> 
     </span>
     <span class='ocr_line' id='line_1_13' title="bbox 170 1337 1426 1428; baseline -0.005 -18"><span class='ocrx_word' id='word_1_96' title='bbox 170 1341 361 1412; x_wconf 88' lang='lat' dir='ltr'><strong>stridebant</strong></span> <span class='ocrx_word' id='word_1_97' title='bbox 384 1340 547 1411; x_wconf 86' lang='lat' dir='ltr'><strong>dentibus</strong></span> <span class='ocrx_word' id='word_1_98' title='bbox 572 1343 606 1410; x_wconf 92' lang='lat' dir='ltr'><strong>in</strong></span> <span class='ocrx_word' id='word_1_99' title='bbox 632 1363 732 1421; x_wconf 90' lang='lat' dir='ltr'><strong>eum,</strong></span> <span class='ocrx_word' id='word_1_100' title='bbox 760 1339 819 1428; x_wconf 91' lang='lat' dir='ltr'><strong>qui</strong></span> <span class='ocrx_word' id='word_1_101' title='bbox 850 1352 895 1410; x_wconf 94' lang='lat' dir='ltr'><strong>tot</strong></span> <span class='ocrx_word' id='word_1_102' title='bbox 924 1337 1116 1426; x_wconf 88' lang='lat' dir='ltr'><strong>taliumque</strong></span> <span class='ocrx_word' id='word_1_103' title='bbox 1141 1362 1271 1410; x_wconf 87' lang='lat' dir='ltr'><strong>corona</strong></span> <span class='ocrx_word' id='word_1_104' title='bbox 1300 1340 1426 1408; x_wconf 91' lang='lat' dir='ltr'><strong>circum·</strong></span> 
     </span>
     <span class='ocr_line' id='line_1_14' title="bbox 171 1426 1426 1519; baseline -0.006 -21"><span class='ocrx_word' id='word_1_105' title='bbox 171 1443 301 1519; x_wconf 81' lang='lat' dir='ltr'><strong>septus,</strong></span> <span class='ocrx_word' id='word_1_106' title='bbox 328 1443 360 1499; x_wconf 89' lang='lat' dir='ltr'><strong>et</strong></span> <span class='ocrx_word' id='word_1_107' title='bbox 376 1444 495 1499; x_wconf 90' lang='lat' dir='ltr'><strong>contra</strong></span> <span class='ocrx_word' id='word_1_108' title='bbox 519 1451 638 1500; x_wconf 89' lang='lat' dir='ltr'><strong>omnes</strong></span> <span class='ocrx_word' id='word_1_109' title='bbox 655 1429 870 1500; x_wconf 89' lang='lat' dir='ltr'><strong>adversarias</strong></span> <span class='ocrx_word' id='word_1_110' title='bbox 894 1428 1011 1518; x_wconf 90' lang='lat' dir='ltr'><strong>copias</strong></span> <span class='ocrx_word' id='word_1_111' title='bbox 1039 1429 1222 1516; x_wconf 91' lang='lat' dir='ltr'><strong>parricidis</strong></span> <span class='ocrx_word' id='word_1_112' title='bbox 1240 1426 1426 1519; x_wconf 82' lang='lat' dir='ltr'><strong>opitulantes</strong></span> 
     </span>
     <span class='ocr_line' id='line_1_15' title="bbox 171 1517 1426 1610; baseline -0.006 -23"><span class='ocrx_word' id='word_1_113' title='bbox 171 1540 245 1589; x_wconf 89' lang='lat' dir='ltr'><strong>sese</strong></span> <span class='ocrx_word' id='word_1_114' title='bbox 259 1519 437 1610; x_wconf 89' lang='lat' dir='ltr'><strong>objiciens,</strong></span> <span class='ocrx_word' id='word_1_115' title='bbox 464 1519 573 1588; x_wconf 91' lang='lat' dir='ltr'><strong>animi</strong></span> <span class='ocrx_word' id='word_1_116' title='bbox 590 1517 860 1608; x_wconf 87' lang='lat' dir='ltr'><strong>prudentiaeque</strong></span> <span class='ocrx_word' id='word_1_117' title='bbox 886 1517 1127 1608; x_wconf 81' lang='lat' dir='ltr'><strong>magnitudine</strong></span> <span class='ocrx_word' id='word_1_118' title='bbox 1149 1519 1183 1586; x_wconf 94' lang='lat' dir='ltr'><strong>in</strong></span> <span class='ocrx_word' id='word_1_119' title='bbox 1209 1519 1372 1588; x_wconf 87' lang='lat' dir='ltr'><strong>omnibus</strong></span> <span class='ocrx_word' id='word_1_120' title='bbox 1386 1535 1426 1581; x_wconf 84' lang='lat' dir='ltr'><strong>er·</strong></span> 
     </span>
     <span class='ocr_line' id='line_1_16' title="bbox 171 1605 1424 1698; baseline -0.006 -23"><span class='ocrx_word' id='word_1_121' title='bbox 171 1605 299 1677; x_wconf 81' lang='lat' dir='ltr'><strong>calluit.</strong></span> <span class='ocrx_word' id='word_1_122' title='bbox 327 1607 496 1697; x_wconf 90' lang='lat' dir='ltr'><strong>Opposuit</strong></span> <span class='ocrx_word' id='word_1_123' title='bbox 514 1609 607 1677; x_wconf 91' lang='lat' dir='ltr'><strong>enim</strong></span> <span class='ocrx_word' id='word_1_124' title='bbox 631 1606 740 1677; x_wconf 88' lang='lat' dir='ltr'><strong>lureri</strong></span> <span class='ocrx_word' id='word_1_125' title='bbox 766 1607 978 1697; x_wconf 88' lang='lat' dir='ltr'><strong>patientiam,</strong></span> <span class='ocrx_word' id='word_1_126' title='bbox 1000 1607 1104 1676; x_wconf 90' lang='lat' dir='ltr'><strong>minis</strong></span> <span class='ocrx_word' id='word_1_127' title='bbox 1131 1619 1424 1698; x_wconf 79' lang='lat' dir='ltr'><strong>contemptionem.</strong></span> 
     </span>
     <span class='ocr_line' id='line_1_17' title="bbox 171 1693 1427 1787; baseline -0.003 -23"><span class='ocrx_word' id='word_1_128' title='bbox 171 1697 291 1766; x_wconf 90' lang='lat' dir='ltr'><strong>mortis</strong></span> <span class='ocrx_word' id='word_1_129' title='bbox 317 1695 436 1766; x_wconf 90' lang='lat' dir='ltr'><strong>terreri</strong></span> <span class='ocrx_word' id='word_1_130' title='bbox 467 1695 730 1787; x_wconf 89' lang='lat' dir='ltr'><strong>despicientiam</strong></span> <span class='ocrx_word' id='word_1_131' title='bbox 761 1697 859 1776; x_wconf 87' lang='lat' dir='ltr'><strong>vitae,</strong></span> <span class='ocrx_word' id='word_1_132' title='bbox 887 1693 1158 1764; x_wconf 86' lang='lat' dir='ltr'><strong>benevolentiam</strong></span> <span class='ocrx_word' id='word_1_133' title='bbox 1182 1696 1276 1776; x_wconf 90' lang='lat' dir='ltr'><strong>odio,</strong></span> <span class='ocrx_word' id='word_1_134' title='bbox 1307 1693 1427 1764; x_wconf 87' lang='lat' dir='ltr'><strong>malem·</strong></span> 
     </span>
     <span class='ocr_line' id='line_1_18' title="bbox 147 1781 1426 1876; baseline -0.006 -24"><span class='ocrx_word' id='word_1_135' title='bbox 147 1785 296 1876; x_wconf 34' lang='lat' dir='ltr'><strong>‘lentiae</strong></span> <span class='ocrx_word' id='word_1_136' title='bbox 322 1785 547 1866; x_wconf 90' lang='lat' dir='ltr'><strong>charitatem,</strong></span> <span class='ocrx_word' id='word_1_137' title='bbox 579 1785 775 1854; x_wconf 87' lang='lat' dir='ltr'><strong>calumniae</strong></span> <span class='ocrx_word' id='word_1_138' title='bbox 806 1785 955 1854; x_wconf 88' lang='lat' dir='ltr'><strong>veritatis</strong></span> <span class='ocrx_word' id='word_1_139' title='bbox 979 1783 1264 1854; x_wconf 87' lang='lat' dir='ltr'><strong>declarationem.</strong></span> <span class='ocrx_word' id='word_1_140' title='bbox 1296 1781 1426 1852; x_wconf 78' lang='lat' dir='ltr'><strong>lenitatis</strong></span> 
     </span>
     <span class='ocr_line' id='line_1_19' title="bbox 171 1872 1427 1962; baseline -0.005 -21"><span class='ocrx_word' id='word_1_141' title='bbox 171 1875 263 1943; x_wconf 90' lang='lat' dir='ltr'><strong>enim</strong></span> <span class='ocrx_word' id='word_1_142' title='bbox 288 1875 449 1945; x_wconf 83' lang='lat' dir='ltr'><strong>defensor</strong></span> <span class='ocrx_word' id='word_1_143' title='bbox 473 1895 540 1942; x_wconf 91' lang='lat' dir='ltr'><strong>non</strong></span> <span class='ocrx_word' id='word_1_144' title='bbox 575 1895 644 1943; x_wconf 91' lang='lat' dir='ltr'><strong>uno</strong></span> <span class='ocrx_word' id='word_1_145' title='bbox 670 1872 908 1943; x_wconf 91' lang='lat' dir='ltr'><strong>tantummodo</strong></span> <span class='ocrx_word' id='word_1_146' title='bbox 941 1872 1048 1941; x_wconf 91' lang='lat' dir='ltr'><strong>victer</strong></span> <span class='ocrx_word' id='word_1_147' title='bbox 1081 1875 1263 1962; x_wconf 89' lang='lat' dir='ltr'><strong>apparuit:</strong></span> <span class='ocrx_word' id='word_1_148' title='bbox 1295 1873 1350 1944; x_wconf 89' lang='lat' dir='ltr'><strong>sed</strong></span> <span class='ocrx_word' id='word_1_149' title='bbox 1373 1889 1427 1938; x_wconf 93' lang='lat' dir='ltr'><strong>om-</strong></span> 
     </span>
     <span class='ocr_line' id='line_1_20' title="bbox 173 1961 1427 2053; baseline -0.004 -24"><span class='ocrx_word' id='word_1_150' title='bbox 173 1963 277 2032; x_wconf 91' lang='lat' dir='ltr'><strong>nibus</strong></span> <span class='ocrx_word' id='word_1_151' title='bbox 309 1963 459 2032; x_wconf 89' lang='lat' dir='ltr'><strong>malitiae</strong></span> <span class='ocrx_word' id='word_1_152' title='bbox 483 1962 688 2053; x_wconf 78' lang='lat' dir='ltr'><strong>generibuS‚</strong></span> <span class='ocrx_word' id='word_1_153' title='bbox 717 1984 805 2052; x_wconf 88' lang='lat' dir='ltr'><strong>quae</strong></span> <span class='ocrx_word' id='word_1_154' title='bbox 829 1962 1030 2031; x_wconf 86' lang='lat' dir='ltr'><strong>exercebant</strong></span> <span class='ocrx_word' id='word_1_155' title='bbox 1060 1961 1210 2043; x_wconf 85' lang='lat' dir='ltr'><strong>ludaei,</strong></span> <span class='ocrx_word' id='word_1_156' title='bbox 1240 1963 1345 2032; x_wconf 90' lang='lat' dir='ltr'><strong>variis</strong></span> <span class='ocrx_word' id='word_1_157' title='bbox 1376 1961 1427 2046; x_wconf 83' lang='lat' dir='ltr'><strong>ipse</strong></span> 
     </span>
     <span class='ocr_line' id='line_1_21' title="bbox 173 2051 1426 2141; baseline -0.004 -24"><span class='ocrx_word' id='word_1_158' title='bbox 173 2051 357 2122; x_wconf 89' lang='lat' dir='ltr'><strong>virtutibus</strong></span> <span class='ocrx_word' id='word_1_159' title='bbox 381 2053 550 2122; x_wconf 89' lang='lat' dir='ltr'><strong>occurrit:</strong></span> <span class='ocrx_word' id='word_1_160' title='bbox 578 2074 657 2121; x_wconf 92' lang='lat' dir='ltr'><strong>cum</strong></span> <span class='ocrx_word' id='word_1_161' title='bbox 683 2052 847 2120; x_wconf 90' lang='lat' dir='ltr'><strong>omnibus</strong></span> <span class='ocrx_word' id='word_1_162' title='bbox 865 2072 1072 2141; x_wconf 83' lang='lat' dir='ltr'><strong>congressus</strong></span> <span class='ocrx_word' id='word_1_163' title='bbox 1096 2065 1158 2127; x_wconf 91' lang='lat' dir='ltr'><strong>est,</strong></span> <span class='ocrx_word' id='word_1_164' title='bbox 1185 2071 1375 2138; x_wconf 86' lang='lat' dir='ltr'><strong>omnesque</strong></span> <span class='ocrx_word' id='word_1_165' title='bbox 1389 2069 1426 2113; x_wconf 84' lang='lat' dir='ltr'><strong>sn·</strong></span> 
     </span>
     <span class='ocr_line' id='line_1_22' title="bbox 172 2139 1425 2230; baseline -0.006 -21"><span class='ocrx_word' id='word_1_166' title='bbox 172 2141 314 2230; x_wconf 88' lang='lat' dir='ltr'><strong>peravit.</strong></span> <span class='ocrx_word' id='word_1_167' title='bbox 335 2141 389 2210; x_wconf 90' lang='lat' dir='ltr'><strong>Sic</strong></span> <span class='ocrx_word' id='word_1_168' title='bbox 407 2142 440 2208; x_wconf 95' lang='lat' dir='ltr'><strong>in</strong></span> <span class='ocrx_word' id='word_1_169' title='bbox 466 2141 694 2210; x_wconf 87' lang='lat' dir='ltr'><strong>certaminum</strong></span> <span class='ocrx_word' id='word_1_170' title='bbox 714 2139 807 2208; x_wconf 91' lang='lat' dir='ltr'><strong>ludis</strong></span> <span class='ocrx_word' id='word_1_171' title='bbox 825 2139 968 2209; x_wconf 83' lang='lat' dir='ltr'><strong>victores</strong></span> <span class='ocrx_word' id='word_1_172' title='bbox 993 2140 1126 2230; x_wconf 90' lang='lat' dir='ltr'><strong>accipio</strong></span> <span class='ocrx_word' id='word_1_173' title='bbox 1143 2140 1314 2222; x_wconf 83' lang='lat' dir='ltr'><strong>factitare,</strong></span> <span class='ocrx_word' id='word_1_174' title='bbox 1334 2153 1369 2207; x_wconf 93' lang='lat' dir='ltr'><strong>ut</strong></span> <span class='ocrx_word' id='word_1_175' title='bbox 1387 2155 1425 2224; x_wconf 81' lang='lat' dir='ltr'><strong>per</strong></span> 
     </span>
     <span class='ocr_line' id='line_1_23' title="bbox 171 2223 1416 2318; baseline -0.002 -21"><span class='ocrx_word' id='word_1_176' title='bbox 171 2241 279 2299; x_wconf 89' lang='lat' dir='ltr'><strong>totum</strong></span> <span class='ocrx_word' id='word_1_177' title='bbox 298 2251 399 2318; x_wconf 89' lang='lat' dir='ltr'><strong>saepe</strong></span> <span class='ocrx_word' id='word_1_178' title='bbox 416 2229 567 2298; x_wconf 89' lang='lat' dir='ltr'><strong>stadium</strong></span> <span class='ocrx_word' id='word_1_179' title='bbox 594 2227 690 2310; x_wconf 91' lang='lat' dir='ltr'><strong>nudi,</strong></span> <span class='ocrx_word' id='word_1_180' title='bbox 717 2229 852 2299; x_wconf 91' lang='lat' dir='ltr'><strong>cunctis</strong></span> <span class='ocrx_word' id='word_1_181' title='bbox 868 2228 1075 2298; x_wconf 86' lang='lat' dir='ltr'><strong>adversariis</strong></span> <span class='ocrx_word' id='word_1_182' title='bbox 1092 2231 1201 2310; x_wconf 87' lang='lat' dir='ltr'><strong>victis,</strong></span> <span class='ocrx_word' id='word_1_183' title='bbox 1231 2229 1382 2318; x_wconf 88' lang='lat' dir='ltr'><strong>praemia</strong></span> <span class='ocrx_word' id='word_1_184' title='bbox 1397 2223 1416 2288; x_wconf 86' lang='lat' dir='ltr'><strong>u</strong></span> 
     </span>
    </p>
   </div>
   <div class='ocr_carea' id='block_1_3' title="bbox 62 2315 1424 2408">
    <p class='ocr_par' dir='ltr' id='par_1_4' title="bbox 62 2315 1424 2408">
     <span class='ocr_line' id='line_1_24' title="bbox 62 2315 1424 2408; baseline -0.007 -19"><span class='ocrx_word' id='word_1_185' title='bbox 62 2377 65 2382; x_wconf 92' lang='lat'><em>.</em></span> <span class='ocrx_word' id='word_1_186' title='bbox 170 2319 297 2388; x_wconf 89' lang='lat' dir='ltr'><strong>ctoriae</strong></span> <span class='ocrx_word' id='word_1_187' title='bbox 321 2318 441 2387; x_wconf 71' lang='lat' dir='ltr'><strong>beraut.</strong></span> <span class='ocrx_word' id='word_1_188' title='bbox 470 2317 591 2387; x_wconf 88' lang='lat' dir='ltr'><strong>Itidem</strong></span> <span class='ocrx_word' id='word_1_189' title='bbox 617 2319 653 2386; x_wconf 95' lang='lat' dir='ltr'><strong>in</strong></span> <span class='ocrx_word' id='word_1_190' title='bbox 680 2331 869 2406; x_wconf 73' lang='lat' dir='ltr'><strong>martyrum</strong></span> <span class='ocrx_word' id='word_1_191' title='bbox 896 2315 1005 2387; x_wconf 91' lang='lat' dir='ltr'><strong>stadio</strong></span> <span class='ocrx_word' id='word_1_192' title='bbox 1035 2339 1071 2386; x_wconf 93' lang='lat' dir='ltr'><strong>se</strong></span> <span class='ocrx_word' id='word_1_193' title='bbox 1100 2318 1300 2408; x_wconf 90' lang='lat' dir='ltr'><strong>Stephanus</strong></span> <span class='ocrx_word' id='word_1_194' title='bbox 1333 2315 1424 2408; x_wconf 84' lang='lat' dir='ltr'><strong>gessit.</strong></span> 
     </span>
    </p>
   </div>
   <div class='ocr_carea' id='block_1_4' title="bbox 167 2406 1474 4362">
    <p class='ocr_par' dir='ltr' id='par_1_5' title="bbox 167 2406 1474 4362">
     <span class='ocr_line' id='line_1_25' title="bbox 170 2406 1424 2495; baseline -0.01 -19"><span class='ocrx_word' id='word_1_195' title='bbox 170 2408 230 2494; x_wconf 87' lang='lat' dir='ltr'><strong>qui</strong></span> <span class='ocrx_word' id='word_1_196' title='bbox 257 2427 394 2477; x_wconf 91' lang='lat' dir='ltr'><strong>omnem</strong></span> <span class='ocrx_word' id='word_1_197' title='bbox 428 2406 536 2478; x_wconf 89' lang='lat' dir='ltr'><strong>bostis</strong></span> <span class='ocrx_word' id='word_1_198' title='bbox 565 2406 631 2475; x_wconf 90' lang='lat' dir='ltr'><strong>vim</strong></span> <span class='ocrx_word' id='word_1_199' title='bbox 664 2420 766 2492; x_wconf 91' lang='lat' dir='ltr'><strong>atque</strong></span> <span class='ocrx_word' id='word_1_200' title='bbox 791 2407 957 2495; x_wconf 90' lang='lat' dir='ltr'><strong>impetum</strong></span> <span class='ocrx_word' id='word_1_201' title='bbox 991 2406 1188 2495; x_wconf 75' lang='lat' dir='ltr'><strong>excipiens,</strong></span> <span class='ocrx_word' id='word_1_202' title='bbox 1218 2406 1383 2478; x_wconf 90' lang='lat' dir='ltr'><strong>illustrem</strong></span> <span class='ocrx_word' id='word_1_203' title='bbox 1404 2421 1424 2466; x_wconf 91' lang='lat' dir='ltr'><strong>n</strong></span> 
     </span>
     <span class='ocr_line' id='line_1_26' title="bbox 169 2494 1425 2577; baseline -0.006 -13"><span class='ocrx_word' id='word_1_204' title='bbox 169 2495 333 2565; x_wconf 91' lang='lat' dir='ltr'><strong>omnibus</strong></span> <span class='ocrx_word' id='word_1_205' title='bbox 351 2495 526 2564; x_wconf 83' lang='lat' dir='ltr'><strong>victoriam</strong></span> <span class='ocrx_word' id='word_1_206' title='bbox 545 2517 579 2563; x_wconf 92' lang='lat' dir='ltr'><strong>re</strong></span> <span class='ocrx_word' id='word_1_207' title='bbox 606 2497 738 2565; x_wconf 88' lang='lat' dir='ltr'><strong>ortavit.</strong></span> <span class='ocrx_word' id='word_1_208' title='bbox 768 2494 900 2564; x_wconf 85' lang='lat' dir='ltr'><strong>Falsam</strong></span> <span class='ocrx_word' id='word_1_209' title='bbox 926 2495 1019 2564; x_wconf 90' lang='lat' dir='ltr'><strong>enim</strong></span> <span class='ocrx_word' id='word_1_210' title='bbox 1045 2496 1316 2576; x_wconf 89' lang='lat' dir='ltr'><strong>Libertinorum,</strong></span> <span class='ocrx_word' id='word_1_211' title='bbox 1338 2508 1367 2562; x_wconf 90' lang='lat' dir='ltr'><strong>et</strong></span> <span class='ocrx_word' id='word_1_212' title='bbox 1384 2495 1425 2577; x_wconf 61' lang='lat' dir='ltr'><strong>lp·</strong></span> 
     </span>
     <span class='ocr_line' id='line_1_27' title="bbox 169 2517 1474 2687; baseline -0.001 -34"><span class='ocrx_word' id='word_1_213' title='bbox 169 2585 381 2663; x_wconf 86' lang='lat' dir='ltr'><strong>renensium,</strong></span> <span class='ocrx_word' id='word_1_214' title='bbox 400 2597 432 2653; x_wconf 89' lang='lat' dir='ltr'><strong>et</strong></span> <span class='ocrx_word' id='word_1_215' title='bbox 448 2517 758 2656; x_wconf 75' lang='lat' dir='ltr'><strong>Alexandrinorum</strong></span> <span class='ocrx_word' id='word_1_216' title='bbox 777 2584 994 2672; x_wconf 88' lang='lat' dir='ltr'><strong>sapientiam,</strong></span> <span class='ocrx_word' id='word_1_217' title='bbox 1019 2605 1097 2653; x_wconf 90' lang='lat' dir='ltr'><strong>vera</strong></span> <span class='ocrx_word' id='word_1_218' title='bbox 1114 2585 1288 2687; x_wconf 85' lang='lat' dir='ltr'><strong>sapientia</strong></span> <span class='ocrx_word' id='word_1_219' title='bbox 1311 2581 1422 2653; x_wconf 76' lang='lat' dir='ltr'><strong>darien.</strong></span> <span class='ocrx_word' id='word_1_220' title='bbox 1473 2608 1474 2652; x_wconf 84' lang='lat' dir='ltr'><strong>t</strong></span> 
     </span>
     <span class='ocr_line' id='line_1_28' title="bbox 170 2665 1474 2760; baseline -0.002 -18"><span class='ocrx_word' id='word_1_221' title='bbox 170 2687 299 2742; x_wconf 90' lang='lat' dir='ltr'><strong>metum</strong></span> <span class='ocrx_word' id='word_1_222' title='bbox 327 2671 465 2742; x_wconf 87' lang='lat' dir='ltr'><strong>dicendi</strong></span> <span class='ocrx_word' id='word_1_223' title='bbox 490 2672 667 2754; x_wconf 87' lang='lat' dir='ltr'><strong>libertate,</strong></span> <span class='ocrx_word' id='word_1_224' title='bbox 695 2673 999 2742; x_wconf 87' lang='lat' dir='ltr'><strong>comminationem</strong></span> <span class='ocrx_word' id='word_1_225' title='bbox 1036 2673 1292 2760; x_wconf 82' lang='lat' dir='ltr'><strong>despicientia,</strong></span> <span class='ocrx_word' id='word_1_226' title='bbox 1322 2665 1426 2744; x_wconf 86' lang='lat' dir='ltr'><strong>beneli·</strong></span> <span class='ocrx_word' id='word_1_227' title='bbox 1473 2699 1474 2740; x_wconf 70' lang='lat'>1</span> 
     </span>
     <span class='ocr_line' id='line_1_29' title="bbox 168 2759 1423 2848; baseline -0.006 -18"><span class='ocrx_word' id='word_1_228' title='bbox 168 2763 293 2830; x_wconf 91' lang='lat' dir='ltr'><strong>cientia</strong></span> <span class='ocrx_word' id='word_1_229' title='bbox 316 2761 566 2842; x_wconf 88' lang='lat' dir='ltr'><strong>crudelitatem,</strong></span> <span class='ocrx_word' id='word_1_230' title='bbox 588 2763 727 2831; x_wconf 85' lang='lat' dir='ltr'><strong>veritato</strong></span> <span class='ocrx_word' id='word_1_231' title='bbox 746 2761 979 2832; x_wconf 90' lang='lat' dir='ltr'><strong>mendacium.</strong></span> <span class='ocrx_word' id='word_1_232' title='bbox 999 2760 1053 2830; x_wconf 95' lang='lat' dir='ltr'><strong>llli</strong></span> <span class='ocrx_word' id='word_1_233' title='bbox 1070 2763 1210 2848; x_wconf 89' lang='lat' dir='ltr'><strong>quidem</strong></span> <span class='ocrx_word' id='word_1_234' title='bbox 1238 2763 1283 2832; x_wconf 90' lang='lat' dir='ltr'><strong>ad</strong></span> <span class='ocrx_word' id='word_1_235' title='bbox 1310 2759 1423 2832; x_wconf 89' lang='lat' dir='ltr'><strong>caedem</strong></span> 
     </span>
     <span class='ocr_line' id='line_1_30' title="bbox 169 2842 1423 2952; baseline -0.008 -34"><span class='ocrx_word' id='word_1_236' title='bbox 169 2850 380 2938; x_wconf 87' lang='lat' dir='ltr'><strong>spectabant,</strong></span> <span class='ocrx_word' id='word_1_237' title='bbox 403 2851 546 2952; x_wconf 76' lang='lat' dir='ltr'><strong>jamque</strong></span> <span class='ocrx_word' id='word_1_238' title='bbox 572 2871 697 2921; x_wconf 91' lang='lat' dir='ltr'><strong>manus</strong></span> <span class='ocrx_word' id='word_1_239' title='bbox 717 2851 900 2920; x_wconf 90' lang='lat' dir='ltr'><strong>armabant</strong></span> <span class='ocrx_word' id='word_1_240' title='bbox 925 2850 1113 2940; x_wconf 89' lang='lat' dir='ltr'><strong>lapidibus,</strong></span> <span class='ocrx_word' id='word_1_241' title='bbox 1133 2867 1164 2921; x_wconf 92' lang='lat' dir='ltr'><strong>et</strong></span> <span class='ocrx_word' id='word_1_242' title='bbox 1184 2851 1360 2922; x_wconf 79' lang='lat' dir='ltr'><strong>anhelitu,</strong></span> <span class='ocrx_word' id='word_1_243' title='bbox 1383 2842 1423 2912; x_wconf 87' lang='lat' dir='ltr'><strong>al·</strong></span> 
     </span>
     <span class='ocr_line' id='line_1_31' title="bbox 169 2938 1424 3028; baseline -0.01 -21"><span class='ocrx_word' id='word_1_244' title='bbox 169 2951 300 3028; x_wconf 90' lang='lat' dir='ltr'><strong>speetu,</strong></span> <span class='ocrx_word' id='word_1_245' title='bbox 322 2938 478 3009; x_wconf 85' lang='lat' dir='ltr'><strong>‹lernttum</strong></span> <span class='ocrx_word' id='word_1_246' title='bbox 504 2939 681 3009; x_wconf 88' lang='lat' dir='ltr'><strong>collisione</strong></span> <span class='ocrx_word' id='word_1_247' title='bbox 706 2940 882 3010; x_wconf 84' lang='lat' dir='ltr'><strong>saevitiam</strong></span> <span class='ocrx_word' id='word_1_248' title='bbox 903 2961 982 3026; x_wconf 87' lang='lat' dir='ltr'><strong>prae</strong></span> <span class='ocrx_word' id='word_1_249' title='bbox 1005 2961 1041 3008; x_wconf 89' lang='lat' dir='ltr'><strong>se</strong></span> <span class='ocrx_word' id='word_1_250' title='bbox 1057 2939 1234 3010; x_wconf 84' lang='lat' dir='ltr'><strong>ferebant:</strong></span> <span class='ocrx_word' id='word_1_251' title='bbox 1256 2941 1315 3010; x_wconf 87' lang='lat' dir='ltr'><strong>lnic</strong></span> <span class='ocrx_word' id='word_1_252' title='bbox 1334 2951 1424 3008; x_wconf 87' lang='lat' dir='ltr'><strong>auten</strong></span> 
     </span>
     <span class='ocr_line' id='line_1_32' title="bbox 168 3026 1474 3118; baseline -0.005 -24"><span class='ocrx_word' id='word_1_253' title='bbox 168 3049 226 3098; x_wconf 91' lang='lat' dir='ltr'><strong>eos</strong></span> <span class='ocrx_word' id='word_1_254' title='bbox 241 3027 440 3097; x_wconf 88' lang='lat' dir='ltr'><strong>intuebatur</strong></span> <span class='ocrx_word' id='word_1_255' title='bbox 465 3041 501 3098; x_wconf 92' lang='lat' dir='ltr'><strong>ut</strong></span> <span class='ocrx_word' id='word_1_256' title='bbox 526 3029 663 3110; x_wconf 83' lang='lat' dir='ltr'><strong>fratres,</strong></span> <span class='ocrx_word' id='word_1_257' title='bbox 692 3042 729 3097; x_wconf 93' lang='lat' dir='ltr'><strong>ut</strong></span> <span class='ocrx_word' id='word_1_258' title='bbox 755 3043 867 3118; x_wconf 85' lang='lat' dir='ltr'><strong>patres</strong></span> <span class='ocrx_word' id='word_1_259' title='bbox 891 3026 1133 3098; x_wconf 88' lang='lat' dir='ltr'><strong>demulcebat:</strong></span> <span class='ocrx_word' id='word_1_260' title='bbox 1162 3055 1179 3095; x_wconf 82' lang='lat' dir='ltr'><strong>n</strong></span> <span class='ocrx_word' id='word_1_261' title='bbox 1210 3031 1280 3098; x_wconf 89' lang='lat' dir='ltr'><strong>lliri</strong></span> <span class='ocrx_word' id='word_1_262' title='bbox 1312 3027 1422 3098; x_wconf 84' lang='lat' dir='ltr'><strong>lratres.</strong></span> <span class='ocrx_word' id='word_1_263' title='bbox 1473 3063 1474 3078; x_wconf 65' lang='lat'>2</span> 
     </span>
     <span class='ocr_line' id='line_1_33' title="bbox 168 3115 1425 3202; baseline -0.005 -19"><span class='ocrx_word' id='word_1_264' title='bbox 168 3116 292 3202; x_wconf 88' lang='lat' dir='ltr'><strong>inquit,</strong></span> <span class='ocrx_word' id='word_1_265' title='bbox 319 3115 435 3186; x_wconf 90' lang='lat' dir='ltr'><strong>audite</strong></span> <span class='ocrx_word' id='word_1_266' title='bbox 461 3139 525 3186; x_wconf 94' lang='lat' dir='ltr'><strong>me.</strong></span> <span class='ocrx_word' id='word_1_267' title='bbox 546 3141 563 3184; x_wconf 81' lang='lat' dir='ltr'><strong>n</strong></span> <span class='ocrx_word' id='word_1_268' title='bbox 590 3117 645 3187; x_wconf 94' lang='lat' dir='ltr'><strong>llli</strong></span> <span class='ocrx_word' id='word_1_269' title='bbox 668 3117 880 3186; x_wconf 88' lang='lat' dir='ltr'><strong>calumniam</strong></span> <span class='ocrx_word' id='word_1_270' title='bbox 898 3117 1133 3198; x_wconf 90' lang='lat' dir='ltr'><strong>adornabant;</strong></span> <span class='ocrx_word' id='word_1_271' title='bbox 1161 3117 1246 3187; x_wconf 90' lang='lat' dir='ltr'><strong>lnuic</strong></span> <span class='ocrx_word' id='word_1_272' title='bbox 1268 3115 1425 3188; x_wconf 77' lang='lat' dir='ltr'><strong>consessus</strong></span> 
     </span>
     <span class='ocr_line' id='line_1_34' title="bbox 169 3201 1424 3277; baseline -0.008 -4"><span class='ocrx_word' id='word_1_273' title='bbox 169 3203 449 3274; x_wconf 87' lang='lat' dir='ltr'><strong>interficientium</strong></span> <span class='ocrx_word' id='word_1_274' title='bbox 475 3219 548 3274; x_wconf 90' lang='lat' dir='ltr'><strong>erat</strong></span> <span class='ocrx_word' id='word_1_275' title='bbox 573 3207 722 3277; x_wconf 85' lang='lat' dir='ltr'><strong>veritatis</strong></span> <span class='ocrx_word' id='word_1_276' title='bbox 748 3205 876 3275; x_wconf 87' lang='lat' dir='ltr'><strong>schola.</strong></span> <span class='ocrx_word' id='word_1_277' title='bbox 913 3209 1111 3276; x_wconf 89' lang='lat' dir='ltr'><strong>Sermonem</strong></span> <span class='ocrx_word' id='word_1_278' title='bbox 1147 3207 1273 3276; x_wconf 88' lang='lat' dir='ltr'><strong>timore</strong></span> <span class='ocrx_word' id='word_1_279' title='bbox 1304 3227 1366 3274; x_wconf 91' lang='lat' dir='ltr'><strong>non</strong></span> <span class='ocrx_word' id='word_1_280' title='bbox 1389 3201 1424 3266; x_wconf 92' lang='lat' dir='ltr'><strong>in-</strong></span> 
     </span>
     <span class='ocr_line' id='line_1_35' title="bbox 170 3294 1474 3384; baseline -0.005 -22"><span class='ocrx_word' id='word_1_281' title='bbox 170 3295 325 3374; x_wconf 87' lang='lat' dir='ltr'><strong>termisit,</strong></span> <span class='ocrx_word' id='word_1_282' title='bbox 354 3316 463 3383; x_wconf 90' lang='lat' dir='ltr'><strong>neque</strong></span> <span class='ocrx_word' id='word_1_283' title='bbox 488 3294 641 3384; x_wconf 88' lang='lat' dir='ltr'><strong>periculo</strong></span> <span class='ocrx_word' id='word_1_284' title='bbox 671 3294 809 3365; x_wconf 91' lang='lat' dir='ltr'><strong>territus</strong></span> <span class='ocrx_word' id='word_1_285' title='bbox 838 3295 1022 3383; x_wconf 87' lang='lat' dir='ltr'><strong>despondit</strong></span> <span class='ocrx_word' id='word_1_286' title='bbox 1048 3297 1225 3364; x_wconf 90' lang='lat' dir='ltr'><strong>animum:</strong></span> <span class='ocrx_word' id='word_1_287' title='bbox 1254 3295 1312 3366; x_wconf 89' lang='lat' dir='ltr'><strong>sed</strong></span> <span class='ocrx_word' id='word_1_288' title='bbox 1339 3299 1423 3361; x_wconf 78' lang='lat' dir='ltr'><strong>niente</strong></span> <span class='ocrx_word' id='word_1_289' title='bbox 1473 3333 1474 3340; x_wconf 52' lang='lat'><strong>,</strong></span> 
     </span>
     <span class='ocr_line' id='line_1_36' title="bbox 168 3383 1474 3479; baseline -0.008 -29"><span class='ocrx_word' id='word_1_290' title='bbox 168 3384 340 3470; x_wconf 89' lang='lat' dir='ltr'><strong>rebusque</strong></span> <span class='ocrx_word' id='word_1_291' title='bbox 366 3383 605 3473; x_wconf 89' lang='lat' dir='ltr'><strong>praesentibus</strong></span> <span class='ocrx_word' id='word_1_292' title='bbox 625 3383 807 3474; x_wconf 83' lang='lat' dir='ltr'><strong>neglectis,</strong></span> <span class='ocrx_word' id='word_1_293' title='bbox 831 3397 862 3452; x_wconf 90' lang='lat' dir='ltr'><strong>et</strong></span> <span class='ocrx_word' id='word_1_294' title='bbox 892 3405 953 3472; x_wconf 90' lang='lat' dir='ltr'><strong>pro</strong></span> <span class='ocrx_word' id='word_1_295' title='bbox 981 3383 1090 3453; x_wconf 91' lang='lat' dir='ltr'><strong>nihilo</strong></span> <span class='ocrx_word' id='word_1_296' title='bbox 1118 3384 1270 3464; x_wconf 90' lang='lat' dir='ltr'><strong>babitis,</strong></span> <span class='ocrx_word' id='word_1_297' title='bbox 1301 3391 1423 3452; x_wconf 79' lang='lat' dir='ltr'><strong>menatem</strong></span> <span class='ocrx_word' id='word_1_298' title='bbox 1464 3426 1474 3479; x_wconf 85' lang='lat' dir='ltr'><strong>t</strong></span> 
     </span>
     <span class='ocr_line' id='line_1_37' title="bbox 169 3471 1471 3571; baseline -0.008 -32"><span class='ocrx_word' id='word_1_299' title='bbox 169 3473 203 3540; x_wconf 91' lang='lat' dir='ltr'><strong>in</strong></span> <span class='ocrx_word' id='word_1_300' title='bbox 233 3471 382 3542; x_wconf 89' lang='lat' dir='ltr'><strong>sublime</strong></span> <span class='ocrx_word' id='word_1_301' title='bbox 416 3471 560 3552; x_wconf 74' lang='lat' dir='ltr'><strong>tollenS,</strong></span> <span class='ocrx_word' id='word_1_302' title='bbox 589 3495 647 3542; x_wconf 90' lang='lat' dir='ltr'><strong>eos</strong></span> <span class='ocrx_word' id='word_1_303' title='bbox 678 3487 854 3558; x_wconf 88' lang='lat' dir='ltr'><strong>tamquam</strong></span> <span class='ocrx_word' id='word_1_304' title='bbox 888 3472 1051 3560; x_wconf 89' lang='lat' dir='ltr'><strong>puerulos</strong></span> <span class='ocrx_word' id='word_1_305' title='bbox 1086 3486 1212 3543; x_wconf 89' lang='lat' dir='ltr'><strong>temere</strong></span> <span class='ocrx_word' id='word_1_306' title='bbox 1240 3473 1424 3562; x_wconf 85' lang='lat' dir='ltr'><strong>desipientes</strong></span> <span class='ocrx_word' id='word_1_307' title='bbox 1464 3486 1471 3571; x_wconf 54' lang='grc' dir='ltr'>ἒ</span> 
     </span>
     <span class='ocr_line' id='line_1_38' title="bbox 167 3554 1472 3665; baseline 0.006 -36"><span class='ocrx_word' id='word_1_308' title='bbox 167 3560 356 3644; x_wconf 89' lang='lat' dir='ltr'><strong>erudiebat,</strong></span> <span class='ocrx_word' id='word_1_309' title='bbox 384 3582 423 3630; x_wconf 86' lang='lat' dir='ltr'><strong>ex</strong></span> <span class='ocrx_word' id='word_1_310' title='bbox 448 3561 562 3638; x_wconf 91' lang='lat' dir='ltr'><strong>rebus,</strong></span> <span class='ocrx_word' id='word_1_311' title='bbox 589 3584 676 3648; x_wconf 90' lang='lat' dir='ltr'><strong>quas</strong></span> <span class='ocrx_word' id='word_1_312' title='bbox 702 3563 767 3650; x_wconf 90' lang='lat' dir='ltr'><strong>ipsi</strong></span> <span class='ocrx_word' id='word_1_313' title='bbox 790 3575 899 3632; x_wconf 89' lang='lat' dir='ltr'><strong>certas</strong></span> <span class='ocrx_word' id='word_1_314' title='bbox 915 3576 947 3631; x_wconf 89' lang='lat' dir='ltr'><strong>et</strong></span> <span class='ocrx_word' id='word_1_315' title='bbox 964 3563 1157 3651; x_wconf 84' lang='lat' dir='ltr'><strong>exploratas</strong></span> <span class='ocrx_word' id='word_1_316' title='bbox 1183 3561 1362 3636; x_wconf 76' lang='lat' dir='ltr'><strong>habebant,</strong></span> <span class='ocrx_word' id='word_1_317' title='bbox 1381 3554 1423 3622; x_wconf 70' lang='lat' dir='ltr'><strong>tl·</strong></span> <span class='ocrx_word' id='word_1_318' title='bbox 1465 3577 1472 3665; x_wconf 65' lang='grc' dir='ltr'><strong>ἱ</strong></span> 
     </span>
     <span class='ocr_line' id='line_1_39' title="bbox 168 3649 1474 3737; baseline -0.001 -19"><span class='ocrx_word' id='word_1_319' title='bbox 168 3662 376 3728; x_wconf 88' lang='lat' dir='ltr'><strong>monstrans,</strong></span> <span class='ocrx_word' id='word_1_320' title='bbox 394 3649 523 3737; x_wconf 90' lang='lat' dir='ltr'><strong>quibus</strong></span> <span class='ocrx_word' id='word_1_321' title='bbox 540 3651 572 3718; x_wconf 92' lang='lat' dir='ltr'><strong>in</strong></span> <span class='ocrx_word' id='word_1_322' title='bbox 592 3651 770 3720; x_wconf 88' lang='lat' dir='ltr'><strong>erroribus</strong></span> <span class='ocrx_word' id='word_1_323' title='bbox 786 3663 1017 3720; x_wconf 87' lang='lat' dir='ltr'><strong>versarentur.</strong></span> <span class='ocrx_word' id='word_1_324' title='bbox 1467 3672 1474 3732; x_wconf 70' lang='lat' dir='ltr'><strong>a</strong></span> 
     </span>
     <span class='ocr_line' id='line_1_40' title="bbox 214 3733 1423 3830; baseline -0.01 -22"><span class='ocrx_word' id='word_1_325' title='bbox 214 3741 302 3826; x_wconf 67' lang='grc' dir='ltr'><strong>ξθ.</strong></span> <span class='ocrx_word' id='word_1_326' title='bbox 330 3738 476 3808; x_wconf 70' lang='lat' dir='ltr'><strong>adducit</strong></span> <span class='ocrx_word' id='word_1_327' title='bbox 500 3740 607 3830; x_wconf 82' lang='lat' dir='ltr'><strong>igitur</strong></span> <span class='ocrx_word' id='word_1_328' title='bbox 631 3739 784 3808; x_wconf 75' lang='lat' dir='ltr'><strong>abrabae</strong></span> <span class='ocrx_word' id='word_1_329' title='bbox 818 3740 1078 3818; x_wconf 90' lang='lat' dir='ltr'><strong>testimonium,</strong></span> <span class='ocrx_word' id='word_1_330' title='bbox 1111 3760 1321 3826; x_wconf 84' lang='lat' dir='ltr'><strong>omnemque</strong></span> <span class='ocrx_word' id='word_1_331' title='bbox 1350 3733 1423 3822; x_wconf 70' lang='lat' dir='ltr'><strong>illius</strong></span> 
     </span>
     <span class='ocr_line' id='line_1_41' title="bbox 169 3827 1420 3916; baseline -0.001 -20"><span class='ocrx_word' id='word_1_332' title='bbox 169 3828 349 3897; x_wconf 88' lang='lat' dir='ltr'><strong>lristorinm</strong></span> <span class='ocrx_word' id='word_1_333' title='bbox 369 3827 515 3898; x_wconf 89' lang='lat' dir='ltr'><strong>breviter</strong></span> <span class='ocrx_word' id='word_1_334' title='bbox 539 3829 588 3897; x_wconf 93' lang='lat' dir='ltr'><strong>eis</strong></span> <span class='ocrx_word' id='word_1_335' title='bbox 613 3841 691 3898; x_wconf 89' lang='lat' dir='ltr'><strong>ante</strong></span> <span class='ocrx_word' id='word_1_336' title='bbox 715 3827 834 3900; x_wconf 91' lang='lat' dir='ltr'><strong>oculos</strong></span> <span class='ocrx_word' id='word_1_337' title='bbox 860 3831 967 3916; x_wconf 93' lang='lat' dir='ltr'><strong>ponit.</strong></span> <span class='ocrx_word' id='word_1_338' title='bbox 995 3834 1079 3897; x_wconf 76' lang='lat' dir='ltr'><strong>tum</strong></span> <span class='ocrx_word' id='word_1_339' title='bbox 1098 3841 1237 3898; x_wconf 88' lang='lat' dir='ltr'><strong>sanctos</strong></span> <span class='ocrx_word' id='word_1_340' title='bbox 1264 3829 1357 3902; x_wconf 91' lang='lat' dir='ltr'><strong>viros,</strong></span> <span class='ocrx_word' id='word_1_341' title='bbox 1377 3837 1420 3914; x_wconf 71' lang='lat' dir='ltr'><strong>qt*</strong></span> 
     </span>
     <span class='ocr_line' id='line_1_42' title="bbox 168 3914 1421 4008; baseline -0.008 -23"><span class='ocrx_word' id='word_1_342' title='bbox 168 3917 331 4008; x_wconf 89' lang='lat' dir='ltr'><strong>deinceps</strong></span> <span class='ocrx_word' id='word_1_343' title='bbox 357 3931 610 3987; x_wconf 89' lang='lat' dir='ltr'><strong>successerunt.</strong></span> <span class='ocrx_word' id='word_1_344' title='bbox 630 3917 757 3986; x_wconf 85' lang='lat' dir='ltr'><strong>Deinde</strong></span> <span class='ocrx_word' id='word_1_345' title='bbox 781 3917 935 4007; x_wconf 88' lang='lat' dir='ltr'><strong>genitum</strong></span> <span class='ocrx_word' id='word_1_346' title='bbox 962 3921 1100 3996; x_wconf 86' lang='lat' dir='ltr'><strong>Mosem,</strong></span> <span class='ocrx_word' id='word_1_347' title='bbox 1122 3915 1321 3994; x_wconf 86' lang='lat' dir='ltr'><strong>educatum,</strong></span> <span class='ocrx_word' id='word_1_348' title='bbox 1347 3914 1421 3980; x_wconf 83' lang='lat' dir='ltr'><strong>insu·</strong></span> 
     </span>
     <span class='ocr_line' id='line_1_43' title="bbox 168 4005 1420 4096; baseline -0.005 -22"><span class='ocrx_word' id='word_1_349' title='bbox 168 4019 302 4086; x_wconf 89' lang='lat' dir='ltr'><strong>tutum,</strong></span> <span class='ocrx_word' id='word_1_350' title='bbox 336 4005 369 4072; x_wconf 93' lang='lat' dir='ltr'><strong>in</strong></span> <span class='ocrx_word' id='word_1_351' title='bbox 402 4018 515 4074; x_wconf 91' lang='lat' dir='ltr'><strong>monte</strong></span> <span class='ocrx_word' id='word_1_352' title='bbox 540 4006 786 4096; x_wconf 88' lang='lat' dir='ltr'><strong>percipientem</strong></span> <span class='ocrx_word' id='word_1_353' title='bbox 818 4007 1002 4094; x_wconf 86' lang='lat' dir='ltr'><strong>mysteria,</strong></span> <span class='ocrx_word' id='word_1_354' title='bbox 1031 4018 1207 4074; x_wconf 82' lang='lat' dir='ltr'><strong>vexantem</strong></span> <span class='ocrx_word' id='word_1_355' title='bbox 1233 4011 1420 4096; x_wconf 67' lang='lat' dir='ltr'><strong>aegiptum-</strong></span> 
     </span>
     <span class='ocr_line' id='line_1_44' title="bbox 169 4077 1419 4184; baseline -0.004 -20"><span class='ocrx_word' id='word_1_356' title='bbox 169 4095 331 4180; x_wconf 74' lang='lat' dir='ltr'><strong>lsraelem</strong></span> <span class='ocrx_word' id='word_1_357' title='bbox 352 4108 632 4175; x_wconf 81' lang='lat' dir='ltr'><strong>conservantem,</strong></span> <span class='ocrx_word' id='word_1_358' title='bbox 660 4095 694 4164; x_wconf 93' lang='lat' dir='ltr'><strong>id</strong></span> <span class='ocrx_word' id='word_1_359' title='bbox 720 4095 812 4184; x_wconf 88' lang='lat' dir='ltr'><strong>quod</strong></span> <span class='ocrx_word' id='word_1_360' title='bbox 845 4095 980 4163; x_wconf 87' lang='lat' dir='ltr'><strong>Domini</strong></span> <span class='ocrx_word' id='word_1_361' title='bbox 1006 4095 1208 4184; x_wconf 76' lang='lat' dir='ltr'><strong>mysterium</strong></span> <span class='ocrx_word' id='word_1_362' title='bbox 1239 4077 1419 4184; x_wconf 69' lang='lat' dir='ltr'><strong>declarabat·</strong></span> 
     </span>
     <span class='ocr_line' id='line_1_45' title="bbox 169 4183 1421 4263; baseline -0.001 -13"><span class='ocrx_word' id='word_1_363' title='bbox 169 4187 279 4263; x_wconf 87' lang='lat' dir='ltr'><strong>Quare</strong></span> <span class='ocrx_word' id='word_1_364' title='bbox 303 4204 490 4253; x_wconf 88' lang='lat' dir='ltr'><strong>consessus</strong></span> <span class='ocrx_word' id='word_1_365' title='bbox 528 4185 629 4252; x_wconf 90' lang='lat' dir='ltr'><strong>etiam</strong></span> <span class='ocrx_word' id='word_1_366' title='bbox 657 4184 805 4254; x_wconf 84' lang='lat' dir='ltr'><strong>maxime</strong></span> <span class='ocrx_word' id='word_1_367' title='bbox 830 4197 1024 4253; x_wconf 87' lang='lat' dir='ltr'><strong>commotus</strong></span> <span class='ocrx_word' id='word_1_368' title='bbox 1052 4196 1124 4261; x_wconf 90' lang='lat' dir='ltr'><strong>est,</strong></span> <span class='ocrx_word' id='word_1_369' title='bbox 1152 4195 1185 4252; x_wconf 91' lang='lat' dir='ltr'><strong>et</strong></span> <span class='ocrx_word' id='word_1_370' title='bbox 1212 4183 1421 4262; x_wconf 71' lang='lat' dir='ltr'><strong>morbusne</strong></span> 
     </span>
     <span class='ocr_line' id='line_1_46' title="bbox 169 4271 1420 4362; baseline -0.001 -26"><span class='ocrx_word' id='word_1_371' title='bbox 169 4271 419 4352; x_wconf 77' lang='lat' dir='ltr'><strong>inllammatuS,</strong></span> <span class='ocrx_word' id='word_1_372' title='bbox 448 4293 527 4341; x_wconf 90' lang='lat' dir='ltr'><strong>cum</strong></span> <span class='ocrx_word' id='word_1_373' title='bbox 550 4277 689 4354; x_wconf 86' lang='lat' dir='ltr'><strong>llosem,</strong></span> <span class='ocrx_word' id='word_1_374' title='bbox 706 4273 809 4361; x_wconf 90' lang='lat' dir='ltr'><strong>cujus</strong></span> <span class='ocrx_word' id='word_1_375' title='bbox 834 4293 868 4342; x_wconf 89' lang='lat' dir='ltr'><strong>se</strong></span> <span class='ocrx_word' id='word_1_376' title='bbox 886 4271 1161 4342; x_wconf 89' lang='lat' dir='ltr'><strong>studiosissimos</strong></span> <span class='ocrx_word' id='word_1_377' title='bbox 1178 4271 1357 4362; x_wconf 84' lang='lat' dir='ltr'><strong>fingebant,</strong></span> <span class='ocrx_word' id='word_1_378' title='bbox 1375 4280 1420 4350; x_wconf 76' lang='lat' dir='ltr'><strong>pst</strong></span> 
     </span>
    </p>
   </div>
   <div class='ocr_carea' id='block_1_5' title="bbox 173 4357 1419 4450">
    <p class='ocr_par' dir='ltr' id='par_1_6' title="bbox 173 4357 1419 4450">
     <span class='ocr_line' id='line_1_47' title="bbox 173 4357 1419 4450; baseline -0.004 -27"><span class='ocrx_word' id='word_1_379' title='bbox 173 4357 344 4445; x_wconf 86' lang='lat' dir='ltr'><strong>Stephano</strong></span> <span class='ocrx_word' id='word_1_380' title='bbox 370 4373 458 4429; x_wconf 89' lang='lat' dir='ltr'><strong>stare</strong></span> <span class='ocrx_word' id='word_1_381' title='bbox 485 4363 727 4450; x_wconf 88' lang='lat' dir='ltr'><strong>perspicerent.</strong></span> <span class='ocrx_word' id='word_1_382' title='bbox 763 4366 881 4448; x_wconf 90' lang='lat' dir='ltr'><strong>ltaque</strong></span> <span class='ocrx_word' id='word_1_383' title='bbox 911 4376 1183 4450; x_wconf 78' lang='lat' dir='ltr'><strong>consurgentes,</strong></span> <span class='ocrx_word' id='word_1_384' title='bbox 1214 4361 1262 4430; x_wconf 89' lang='lat' dir='ltr'><strong>rei</strong></span> <span class='ocrx_word' id='word_1_385' title='bbox 1288 4358 1419 4428; x_wconf 77' lang='lat' dir='ltr'><strong>deessset</strong></span> 
     </span>
    </p>
   </div>
   <div class='ocr_carea' id='block_1_6' title="bbox 0 0 1482 4816">
    <p class='ocr_par' dir='ltr' id='par_1_7' title="bbox 0 0 1482 4816">
     <span class='ocr_line' id='line_1_48' title="bbox 0 0 1482 4816; baseline 0 1"><span class='ocrx_word' id='word_1_386' title='bbox 0 0 1482 4816; x_wconf 95' lang='lat' dir='ltr'><strong> </strong></span> 
     </span>
    </p>
   </div>
  </div>
 </body>
</html>
