2920 4810
244 283 344 352 toto*
590 299 855 352 nuntroncocrurr
883 301 1097 351 ruuusrnarutt
1325 283 1405 350 nur.
1422 285 1444 343 li

200 401 264 450 cam
286 384 474 464 disciplinam
500 383 654 465 praeclare
676 384 828 458 restitnit;
858 382 916 444 mis
936 383 1068 462 deniqne
1097 383 1274 446 introductis
1290 383 1445 444 consuetudi·

199 471 359 545 propagata
386 466 528 543 deinceps
557 480 611 544 per
631 462 741 527 Gallias
769 477 829 525 non
859 463 972 535 nibus,
997 479 1075 555 pene
1102 469 1317 536 restauratum,
1347 471 1403 522 tun
1423 460 1445 518 ci

198 545 298 607 solum
319 551 350 608 et
370 541 579 619 Germaniam,
599 544 650 606 sed
672 543 831 621 Hispanias
857 539 1024 620 Religionis
1040 550 1172 622 portum,
1188 543 1356 605 innumeris
1375 541 1444 602 inlu

198 633 229 688 et
243 623 459 686 remotissimos
472 639 606 704 quasque
628 636 734 700 gentes
749 623 830 686 Ordi·
858 623 976 683 saecnlo
997 623 1154 702 ndulragis
1180 630 1329 700 apertum,
1349 630 1377 682 et
1397 619 1444 682 ddi·

114 769 121 784 ,
200 707 247 766 nis
272 705 499 776 reformatione,
521 711 605 765 tauto
630 702 743 782 ubique
766 718 831 763 snc-
859 701 1440 764 uemS.Benedictisnmmooumnmum

199 801 296 857 cessu,
319 790 353 844 ut
374 791 528 862 superstes
549 785 625 862 ipse,
647 799 736 861 supra
761 783 829 843 bina
859 779 994 842 fidelium
1016 779 1120 858 plausu
1141 792 1230 860 atque
1255 781 1353 844 tructu
1374 787 1439 841 retae

200 863 415 926 coenobiorum
439 863 547 937 millio,
570 879 649 924 unus
669 863 830 938 dirigeret,
859 868 968 921 ratum.
991 859 1125 939 Reliquit
1140 877 1203 922 non
1225 875 1317 939 pauca
1338 869 1438 938 praesis

200 943 290 1006 etad
317 947 426 1003 nutum
450 943 650 1021 obsequentes
672 949 748 1003 totos
769 940 830 1002 llo·
861 940 969 1002 tissimi
1000 941 1118 1016 ingenii
1155 943 1364 1014 monimenta,
1389 955 1440 1001 ete

202 1023 367 1086 nardorum
403 1023 557 1084 exercitus
591 1021 738 1084 baberet:
774 1029 833 1084 sto·
861 1018 1102 1094 iuter,offlcium
1125 1027 1304 1083 totumcum
1317 1027 1440 1082 cantus-r

201 1100 342 1180 pentibus
364 1103 408 1162 rei
437 1107 570 1162 novitate
601 1102 772 1172 universis,
803 1109 832 1161 et
860 1098 899 1160 cti
912 1097 1033 1161 Martini
1048 1098 1150 1174 Festo,
1164 1117 1216 1180 per
1231 1107 1329 1163 totum
1341 1109 1439 1161 terrers

201 1179 425 1244 confluentibus
439 1196 474 1240 ex
493 1187 554 1242 toto
573 1187 725 1243 terrarum
747 1181 830 1250 orbe,
860 1179 965 1240 orbem
980 1187 1173 1257 usurpatum.
1193 1179 1264 1242 ruit
1286 1180 1440 1262 Deiparatl·

224 1261 254 1322 ui
269 1260 306 1322 od
321 1260 431 1322 lamam
449 1261 526 1322 tanti
546 1261 678 1322 nominis
699 1261 830 1336 Magistri
861 1258 1066 1330 dictissimus,
1088 1266 1119 1322 et
1144 1261 1231 1338 jussit
1259 1267 1292 1321 nt
1310 1259 1441 1338 amplisu

201 1279 379 1402 gluniacum
395 1346 542 1416 petentes,
558 1341 589 1401 iu
602 1347 644 1402 tot
657 1348 830 1402 sauctorum
861 1335 984 1400 Ordinis
1004 1337 1187 1401 Relormatio
1206 1338 1263 1400 snb
1278 1343 1369 1417 ipsius
1385 1353 1443 1420 auses-

200 1418 320 1483 admitti
342 1418 590 1492 contubernium,
612 1426 712 1482 mucia
737 1419 834 1482 ambi·
860 1421 928 1492 ciis,
950 1417 1077 1480 nomine
1098 1426 1129 1480 et
1151 1421 1338 1495 protectione
1358 1420 1389 1480 ai
1407 1431 1443 1476 ur·

202 1501 285 1560 tione
299 1497 437 1571 sollicite,
464 1499 622 1560 humiliter
641 1507 673 1560 et
686 1501 777 1561 enixe
791 1499 833 1560 el·
862 1500 957 1559 uersis
977 1513 1049 1560 suae
1069 1501 1252 1576 posteritatis
1272 1497 1443 1575 discipdisr

201 1577 390 1654 flagitabant.
414 1576 496 1640 lutor
508 1577 581 1641 alias
594 1593 613 1640 e
626 1579 707 1640 coelo
722 1579 833 1656 gratias
862 1577 1042 1650 lebraretur,
1057 1576 1164 1640 solitus
1177 1579 1240 1656 ipso
1255 1594 1316 1640 non
1332 1579 1442 1640 aliens-t

201 1654 296 1720 Odoni
323 1657 392 1720 siue
420 1673 549 1720 numero
578 1660 740 1720 venientes
770 1671 832 1719 non
860 1656 999 1720 eamdem
1021 1655 1101 1718 Goeli
1131 1656 1454 1735 imperatricem,qu.·r

200 1735 330 1798 minima
349 1734 410 1809 ilia,
431 1737 512 1816 qnod
532 1736 569 1798 ad
591 1739 687 1814 ipsum
709 1736 754 1800 Ss.
774 1736 831 1800 Pa·
862 1737 974 1802 Matris
986 1737 1212 1803 dtism'cordtoe
1224 1736 1398 1817 appellere·

201 1815 833 1890 triarcbnnosterBeuedictus,rumsancto

202 1895 332 1958 biartino
349 1895 422 1957 an.
440 1895 552 1958 Pontii.
576 1895 764 1974 frequentius
787 1899 832 1956 in·
978 1922 1009 1986 S·
1025 1921 1182 1988 THOMAS
1198 1923 1372 1986 Momm·

202 1979 326 2050 viseret,
348 1983 378 2036 et
394 1990 463 2037 oum
479 1991 515 2036 eo
530 1975 763 2038 familiarissime
774 1975 832 2039 col·
1244 1975 1251 1986 “

202 2057 390 2134 loqueretur,
404 2055 502 2134 ipsum
520 2057 694 2128 instrueret,
709 2071 831 2133 eosque,
900 2054 1309 2119 misnens-normensis
1322 2055 1354 2116 S.
1363 2056 1443 2116 lusu¹

201 2138 251 2213 qui
265 2135 320 2196 sibi
344 2133 596 2218 obsequerentur,
618 2137 739 2213 maguis
753 2137 832 2198 lavo·
861 2135 1112 2213 Monacbi,quem
1124 2136 1443 2212 antioclienqnbpsrs

201 2216 297 2285 ribus,
318 2215 369 2292 qui
386 2213 509 2290 obsequi
532 2215 739 2292 negligerent.
765 2216 832 2274 rin·
860 2213 926 2289 ejus
956 2214 1095 2294 precibus
1121 2216 1255 2278 sedatam
1273 2262 1281 2290 ,
1301 2215 1444 2276 solemnio.-

202 2295 281 2357 dicta
303 2291 428 2356 coelitus
450 2304 693 2372 prosequeretur.
721 2292 831 2357 Christi
860 2309 962 2356 auuun
975 2295 1150 2358 coluerunt.
1431 2363 1438 2376 ,

201 2391 283 2436 auuo
302 2371 372 2444 titt,
394 2373 610 2436 exardescente
630 2376 731 2436 denuo
753 2375 833 2435 inter
902 2373 943 2434 [ie
958 2375 1064 2437 eodem
1081 2373 1358 2453 Nicephornsllr'rt.
1373 2367 1435 2432 titt

203 2460 386 2515 memoratos
407 2467 495 2530 supra
516 2453 672 2532 Principes
693 2453 782 2528 odio,
804 2461 834 2514 et
863 2453 913 2515 ubi
942 2461 1007 2530 post
1034 2454 1130 2516 multa
1161 2455 1233 2518 baec
1260 2457 1322 2518 ait:
1361 2449 1443 2518 nillil

202 2533 293 2595 rebus
320 2531 357 2594 ad
381 2531 495 2594 bellum
517 2532 726 2596 loedissimum
748 2534 833 2595 incli-
862 2532 996 2595 Titnntae
1009 2535 1254 2596 anniversarium
1277 2533 1357 2612 diem
1372 2541 1444 2607 urps·-

202 2613 366 2686 uantibus,
390 2613 420 2673 in
445 2610 560 2674 ltaliam
587 2611 688 2674 denuo
710 2621 833 2674 vocatus
863 2611 1057 2674 dcentisstme
1070 2621 1196 2691 agentes
1210 2611 1385 2676 dntiocbeni
1401 2617 1437 2664 ud

202 2695 250 2753 uir
265 2699 396 2765 sanctus,
420 2707 489 2752 cum
513 2694 543 2753 in
565 2689 696 2754 dissidiis
719 2691 832 2753 Priori·
861 2692 988 2754 branis
1017 2691 1105 2754 Plura
1134 2694 1172 2755 de
1199 2695 1305 2756 eodem
1332 2693 1362 2752 in
1384 2689 1440 2750 lsai

202 2787 275 2851 pum
291 2771 518 2849 componendis,
533 2771 717 2834 conciliando
733 2770 832 2833 ttccts-
860 2771 1035 2848 spirituali.
1049 2805 1086 2820 -
1098 2772 1138 2834 ita
1151 2772 1308 2846 Baronius,
1319 2771 1367 2849 qni
1382 2777 1444 2826 tior

200 2853 252 2912 siis
275 2857 306 2912 et
331 2850 440 2924 iternis
461 2865 554 2929 pace,
582 2853 832 2929 monasteriisque
860 2867 990 2923 aunum.
1005 2867 1066 2929 quo
1078 2849 1109 2915 S.
1127 2852 1257 2915 Thomas
1270 2847 1438 2919 dornitsilst

201 2931 403 2992 relormaudis
425 2931 642 3002 consenuisset,
665 2931 774 2994 Romae
796 2947 830 2992 ex
861 2937 902 2991 tio
917 2932 1106 3010 praeterivit.

160 3049 171 3072 .
201 3009 277 3084 lebri
301 3009 510 3075 moribundus.
533 3013 640 3072 mortis
659 3010 795 3072 inducias
815 3027 830 3072 a

200 3087 334 3151 Numine
360 3089 549 3168 impetravit,
575 3091 672 3152 donec
692 3089 831 3152 Turones
937 3088 968 3150 S.
991 3089 1184 3153 FlthDlan
1206 3092 1392 3154 rumsmao.

200 3185 366 3237 reversus.
390 3167 420 3232 S.
450 3167 592 3243 Martini,
621 3185 714 3248 quem
742 3171 832 3231 unice
1018 3197 1328 3260 mmmmpoyp

199 3247 831 3327 semperdileuerut,Tutelarissui,solem·

201 3330 327 3390 uitatem
348 3326 459 3389 ibidem
474 3327 660 3390 celebrasset.
676 3329 761 3391 Tunc
776 3343 830 3390 ve·
904 3329 1086 3393 Munrunou.
1115 3363 1154 3374 -·
1183 3330 1282 3394 Lucae
1315 3331 1344 3392 in
1373 3325 1445 3408 lusti

200 3424 244 3483 ro,
261 3406 407 3470 redeunte
420 3405 509 3488 febri,
524 3410 718 3470 sacrosanctis
732 3407 831 3470 Eccle-
860 3409 1121 3473 translatiosancti
1134 3409 1297 3474 Forculum
1311 3408 1444 3488 episcope

199 3489 261 3549 siae
280 3485 483 3549 Sacramentis
505 3488 564 3550 rite
586 3489 737 3562 munitus,
751 3489 832 3549 iuter
860 3488 1054 3552 contessoris.

199 3566 440 3629 seriosissimus
454 3583 522 3628 suas
542 3567 745 3645 Fratrumqus
759 3583 831 3628 suo·
900 3569 942 3629 De
956 3571 1019 3646 ipso
1029 3570 1134 3632 scribit
1144 3569 1344 3649 &Gregorius
1354 3560 1445 3636 idida*

200 3662 269 3710 rum
292 3661 395 3723 preces
416 3645 604 3724 impollutam
619 3646 681 3708 Deo
694 3647 830 3708 animam
859 3648 913 3728 top.
932 3648 997 3709 Lib.
1015 3666 1061 3723 ur,
1084 3665 1148 3729 cap.
1171 3653 1233 3726 rx);
1253 3656 1284 3712 et
1305 3649 1351 3711 elii
1369 3660 1396 3705 er
1411 3651 1444 3697 er

200 3728 342 3790 reddidit.
366 3723 481 3788 Claruit
494 3726 681 3789 admirandis
704 3741 774 3788 cnm
799 3729 830 3788 in
859 3729 928 3791 dem
944 3735 1075 3792 auctore.
1089 3717 1443 3808 Ensuregorultueur

199 3807 262 3869 vita
278 3815 342 3868 tum
358 3812 570 3883 postmortem
594 3805 751 3884 prodigiis,
764 3809 832 3884 qui·
866 3808 948 3870 uSed
973 3823 1071 3888 neque
1086 3809 1144 3870 boc
1163 3809 1282 3880 siloem,
1303 3805 1383 3888 quod.
1400 3811 1444 3858 lii·

199 3885 266 3962 bus,
289 3885 447 3948 brevitatis
471 3885 577 3958 cansd,
601 3887 830 3964 praetermissis,
860 3896 947 3950 rante
969 3889 1039 3950 viro
1062 3889 1233 3951 venerabili
1257 3888 1392 3953 venantio
1406 3877 1444 3936 ll·

198 3963 272 4028 illud
300 3979 394 4026 uurrm
416 3965 594 4027 innuimus=
617 3962 714 4027 Odoni
739 3964 831 4043 plori-
861 3969 947 4030 censi
964 3965 1112 4047 Episcopo
1126 3977 1197 4032 ante
1214 3969 1338 4032 biduum
1356 3966 1444 4042 cnut?

197 4059 284 4106 mum
304 4043 416 4106 debere
429 4059 552 4106 omnem
573 4043 763 4106 saeculorum
781 4061 830 4123 po·
859 4048 1024 4126 agnovisse.
1043 4046 1184 4111 Lucanae
1198 4065 1325 4129 namque
1340 4041 1444 4120 dedet

196 4123 377 4194 ster-itatem,
398 4139 468 4184 cum
496 4123 534 4186 ob
549 4123 655 4186 orbem
679 4132 830 4187 terrarum
858 4127 978 4188 sibimet
999 4127 1188 4206 propinquae
1208 4129 1298 4191 luisse
1323 4127 1445 4188 mirsetl·

196 4199 269 4284 riris
289 4201 490 4263 sanctissimis
513 4201 648 4279 ejtrsdem
676 4203 831 4281 discipulis
860 4207 931 4268 tntis
946 4207 1047 4268 virum
1064 4205 1269 4284 Frigdianum
1285 4208 1447 4268 nominent·

197 4277 380 4352 ¹¹1¹tiletum,
404 4281 609 4343 meritissimis
630 4282 830 4344 Pontificibus
859 4288 940 4346 rarit
954 4285 1146 4366 Episcopum,
1160 4289 1246 4366 cujus
1270 4281 1446 4360 umectum·

195 4358 226 4410 et
244 4353 420 4420 doctoribus
442 4361 725 4432 instructissimum,
753 4365 829 4441 opti·
858 4367 972 4428 simum
1002 4381 1017 4428 a
1046 4363 1166 4430 iunctis
1194 4366 1255 4430 illic
1286 4357 1447 4429 notionum
