2932 4812
448 433 562 533 llthl
602 435 641 534 S.
677 435 882 537 ttttttttt

79 671 323 738 ARClllEPlSC.
355 672 689 752 tuntutntttttSIS,
717 676 766 739 ET
791 677 1022 743 ctunlsslttt
1048 677 1254 742 Manutius

40 896 123 942 surra
145 899 165 943 u
189 899 222 945 u.
249 899 396 946 ununnoo
425 899 499 946 etus
531 897 816 950 couruurounnuo:
843 901 930 958 nunu
954 903 1074 962 ronan,
1103 903 1143 950 un
1166 903 1206 949 aa
1231 903 1298 950 uuo

80 1003 263 1054 consumma
293 1007 366 1065 usu,
401 1005 461 1054 uoc
496 1006 571 1054 noco
602 1008 810 1066 noscntuunu,
838 1009 929 1056 urum
960 1007 1112 1058 nuuronrs
1142 1009 1299 1056 annosum

81 1109 136 1158 non
158 1112 353 1160 runrueurun
367 1091 482 1180 (vnuou
505 1115 583 1162 auru
607 1115 739 1163 euourna
756 1093 836 1182 usn).
857 1115 971 1172 rrnouu
995 1115 1132 1168 coactus
1157 1116 1218 1163 suu
1236 1115 1298 1162 uuo

83 1215 166 1264 sunno
198 1219 263 1266 unu
294 1219 447 1266 nannenus
480 1220 513 1266 ur
546 1219 764 1268 coueununuu:
797 1219 881 1277 ouon
915 1222 1017 1269 ranan
1049 1221 1145 1270 snuno
1178 1221 1299 1278 ausone

82 1321 218 1372 trunonis
243 1325 351 1373 naono
376 1327 570 1375 uunnruunro
595 1328 636 1374 uu
660 1328 796 1376 recisse.

257 1519 356 1574 Anno
377 1521 453 1575 1170
474 1519 674 1576 interfectus
695 1547 731 1562 -
753 1520 793 1574 In
814 1519 938 1586 anglie
960 1523 1069 1574 natue.

446 1737 659 1804 PROLOGUS
684 1739 883 1804 AUCTORIS

387 1879 456 1926 sun
489 1881 559 1926 nun
590 1881 638 1926 uu
666 1879 938 1928 conrnucrus.

82 2018 142 2098 Qut
176 2018 302 2087 mundi
337 2015 442 2102 hujus
477 2029 566 2086 artes
601 2030 633 2086 et
667 2017 870 2107 disciplinas
905 2017 1133 2107 profitentur,
1173 2016 1300 2086 habent

42 2103 155 2194 singuli
180 2118 327 2176 conatus
351 2127 442 2186 suos,
469 2105 596 2192 quibus
621 2105 663 2174 ad
688 2105 809 2175 altiora
836 2106 1068 2185 contendant,
1097 2105 1300 2191 laboresque

45 2215 113 2262 suos
133 2193 239 2266 duros
264 2207 297 2264 et
324 2194 483 2266 molestos
508 2195 794 2283 contemplatione
821 2193 953 2265 fruetus
981 2206 1012 2264 et
1036 2193 1194 2263 utilitatis
1220 2193 1299 2262 inde
1379 2225 1383 2234 ·

45 2283 412 2354 nasciturae'solantur.
440 2288 478 2352 Et
494 2283 577 2372 quid
597 2305 662 2352 nou
689 2283 739 2352 illi
762 2283 995 2354 molestiarum
1014 2282 1189 2362 devorant,
1212 2305 1300 2370 quos

45 2390 101 2438 nou
123 2372 257 2443 labores
290 2371 509 2461 suscipiunt,
536 2393 623 2460 quas
648 2385 807 2442 recusant
831 2372 1000 2459 injurias,
1034 2370 1134 2441 modo
1169 2371 1300 2460 possint

43 2463 189 2549 consequi
213 2460 306 2548 quod
334 2461 526 2530 venantur?
547 2460 635 2542 Quid
662 2482 738 2529 vero
757 2475 807 2531 est
833 2461 973 2532 isthuc?
990 2465 1118 2532 Corona
1134 2463 1299 2550 corrupti-

42 2547 118 2628 litis,
144 2551 191 2621 sic
208 2550 302 2620 enim
327 2548 508 2638 Apostolus
532 2562 639 2619 vocat.
659 2549 746 2618 Perit
763 2551 869 2640 igitur
892 2550 1007 2620 omnis
1032 2549 1109 2620 talis
1133 2563 1165 2617 et
1189 2549 1297 2629 labor,

41 2649 68 2702 et
89 2640 291 2726 praemium,
318 2638 400 2725 quia
425 2639 630 2726 temporaria
655 2651 747 2707 sunt.
775 2640 878 2710 llobis
896 2661 984 2720 varo,
1002 2639 1129 2724 quihus
1147 2638 1300 2736 Christus

41 2726 86 2792 ria
108 2741 166 2808 est,
192 2741 225 2798 et
251 2747 382 2796 meroes
405 2725 576 2808 laborum,
603 2727 670 2796 vita
687 2728 907 2816 sempiterna,
935 2729 1023 2797 iuter
1046 2728 1158 2795 varios
1179 2724 1299 2794 mundi

40 2833 131 2884 casus
153 2829 190 2887 ut
215 2815 326 2886 multa
349 2837 438 2905 opus
461 2828 511 2886 est
536 2814 724 2907 vigilantia,
752 2817 799 2886 ita
830 2827 1059 2906 magnasunt
1087 2815 1130 2884 ad
1157 2815 1300 2884 viriliter

40 2905 316 2987 perseverandum
343 2905 575 2985 incitamenta,
595 2926 683 2994 quae
703 2926 765 2975 nos
785 2906 975 2975 accendant
988 2904 1031 2973 ad
1048 2903 1300 2974 contemnenda

39 2991 195 3066 mollioris
218 2995 307 3064 vitae
324 2993 504 3075 lenocinia,
526 2993 765 3083 negligendam
794 2993 962 3064 malorum
980 2992 1161 3062 hominum
1183 3015 1301 3062 aemu-

41 3077 215 3164 lationem,
243 3083 331 3152 dura
355 3081 471 3152 omnia
497 3081 723 3183 perferenda,
749 3096 787 3153 ut
811 3081 901 3151 leliei
926 3082 1131 3152 commercio
1154 3104 1214 3170 pro
1246 3103 1300 3150 ea·

39 3165 129 3240 ducis
140 3184 289 3251 aeterna,
309 3191 370 3260 pro
386 3183 530 3241 terrenis
546 3171 705 3241 eoelestia
718 3173 818 3242 nohis
832 3192 1086 3260 comparemus.
1104 3171 1301 3239 Inflammat

40 3277 94 3326 nos
113 3260 154 3328 ad
183 3260 267 3329 haee
292 3260 360 3329 vita
383 3269 416 3328 et
440 3261 652 3330 conversatio
686 3265 901 3331 Sanctorum.
929 3265 952 3328 ll
976 3258 1104 3346 quibus
1133 3271 1245 3328 tamen
1272 3259 1300 3328 si

40 3342 114 3414 lorte
139 3349 255 3418 minus
281 3361 417 3419 movent
441 3349 546 3438 prisci
578 3347 629 3417 illi
660 3348 780 3418 heroes
809 3348 852 3418 ob
877 3360 1075 3418 vetustatem
1110 3345 1297 3436 temporie,

42 3434 157 3520 pudeat
183 3459 266 3506 saue
290 3436 342 3506 vel
367 3437 459 3506 hune
485 3436 574 3507 nolle
600 3437 737 3518 imitari,
760 3459 861 3526 quem
889 3435 986 3507 licuit
1002 3436 1140 3505 intueri.
1158 3439 1206 3504 En
1225 3457 1301 3526 pro

39 3521 120 3592 redit
142 3525 176 3593 in
204 3525 356 3594 medium
385 3546 491 3594 novus
516 3525 640 3596 Christi
665 3525 775 3606 miles
802 3537 833 3594 et
855 3537 985 3613 martyr
1008 3523 1166 3614 egregius
1183 3524 1302 3597 beatus

40 3609 188 3696 Thomas,
221 3614 413 3685 sanctitatis
437 3614 641 3704 speculum,
664 3615 818 3704 justitiae
844 3635 976 3694 norma,
1004 3613 1215 3682 incentivum
1242 3635 1301 3703 pa-

40 3698 179 3784 tientiae,
199 3703 334 3773 virtutis
354 3702 539 3792 exemplar,
559 3703 809 3773 invictissimus
833 3714 982 3772 assertor
998 3701 1158 3771 veritatis.
1177 3705 1215 3770 In
1234 3723 1302 3790 quo

42 3795 156 3873 tamen,
184 3813 226 3861 ne
252 3792 314 3862 hoo
334 3791 492 3863 infirmos
516 3792 649 3862 animos
674 3793 871 3872 absterreat,
898 3812 965 3860 uon
992 3791 1205 3879 martyrium,
1233 3811 1300 3859 non

43 3875 200 3948 miracula
225 3879 393 3949 imitanda
418 3881 667 3971 proponimuS,
694 3880 752 3950 sed
775 3881 877 3950 vitam
904 3879 1069 3968 martyrio
1093 3877 1242 3968 plenam.
1269 3882 1303 3947 Is

42 3965 122 4034 enim
148 3969 299 4038 interea
323 3969 463 4050 omnia,
490 3990 578 4057 quae
603 3969 756 4040 mundus
780 3969 837 4038 hie
861 3968 1053 4038 admiratur
1075 3980 1108 4038 et
1134 3967 1170 4035 in
1195 3966 1303 4056 pretio

43 4047 143 4136 hahet,
166 4069 259 4127 tauta
284 4056 349 4126 luit
372 4058 480 4128 animi
505 4060 708 4140 constantia,
735 4070 773 4128 ut
797 4078 859 4127 uec
885 4057 1059 4148 prosperis
1076 4054 1299 4156 mollesceret,

47 4155 98 4208 ttae
116 4144 196 4214 ullis
214 4145 317 4215 rebus
340 4145 493 4216 adversis
510 4169 528 4216 a
546 4147 677 4218 Christo
700 4147 966 4218 abstraheretur.
987 4151 1112 4215 Passus
1128 4142 1301 4225 exsilium,
1329 4185 1344 4208 ..

49 4221 197 4316 dignitate
220 4247 253 4304 et
277 4234 377 4304 honis
401 4235 474 4305 suis
498 4235 661 4306 omnihus
687 4236 851 4325 privatus
878 4255 1036 4304 carorum
1066 4233 1227 4323 injuriis,
1256 4231 1304 4302 la-

50 4322 161 4402 crenis
184 4335 217 4392 et
241 4323 450 4394 desolatione
480 4323 577 4396 valde
609 4324 776 4404 alllictus,
810 4323 942 4394 excelso
966 4321 1083 4392 animo
1114 4343 1154 4392 ea
1188 4321 1304 4391 omnia
