2946 4798
17 337 79 400 IIII.
103 337 140 400 27
283 353 323 400 nn
347 355 393 401 ss.
422 352 586 402 raconnrro
610 353 648 400 rr
672 353 859 402 satornana
883 355 940 400 mr.
1144 339 1209 402 l99

15 459 180 506 aranearum
196 437 356 507 similem.
375 461 394 505 >r
412 438 539 508 Deinde
556 439 638 508 haec
652 460 789 526 quoque
805 437 889 508 dicit
906 438 1010 528 paulo
1025 452 1117 528 post:
1132 461 1150 505 a
1166 443 1250 510 Cum

15 549 72 618 ergo
89 541 162 596 tunc
176 526 333 606 venisset,
353 528 413 614 qui
426 528 536 616 jussis
553 529 720 598 serviebat
737 529 979 616 imperatoriis,
994 541 1026 597 ct
1042 529 1254 598 ascendisset

15 617 35 684 in
50 616 180 684 insulam
203 617 404 706 lphusiam,
424 637 485 686 nos
509 638 635 706 magna
659 617 832 686 celeritate
855 616 1015 705 abreptos
1032 615 1129 686 duxit
1152 617 1187 684 in
1206 618 1252 686 ci·

15 707 129 784 ornem,
147 727 297 784 causam,
316 727 380 774 cur
395 707 621 784 traheremur,
640 705 817 774 affirmans
835 727 870 776 se
887 706 1057 795 ignorare,
1078 706 1146 775 nisi
1158 706 1251 793 quod

15 815 68 862 {nm
91 815 206 884 magna
228 793 446 864 festmatione
462 806 494 863 et
513 794 685 864 celeritate
701 795 835 865 dicebat
858 817 894 864 se
914 817 988 864 esse
1014 795 1172 864 missurn.
1191 799 1250 864 lle·

15 883 101 952 rimus
125 883 232 970 itaque
262 884 297 952 in
323 882 517 964 civitatem,
547 905 628 954 cum
659 896 748 954 esset
775 897 915 954 octavus
945 884 1019 953 dics
1042 883 1137 954 Iulii.
1165 887 1249 953 Cum

15 985 97 1039 rotem
124 973 321 1062 Imperatori
349 972 566 1062 aperuisset
591 972 686 1043 solus
713 973 744 1044 is
779 973 839 1060 qui
864 995 926 1042 nos
950 973 1106 1055 duxerat,
1130 973 1253 1060 jussus

15 1073 46 1128 cst
63 1082 114 1129 nos
132 1062 240 1130 statIm
262 995 441 1132 includere
460 1062 494 1130 in
513 1062 695 1130 Praetorio.
715 1066 793 1131 Post
817 1084 874 1132 serr
898 1083 976 1132 vero
1000 1062 1097 1142 dies,
1125 1082 1250 1148 nempe

15 1148 229 1233 ruartodecimo
246 1151 401 1240 ejusdem
417 1150 557 1230 mensis,
573 1151 784 1220 accersimur
800 1150 843 1219 ad
858 1155 1116 1241 Imperatorem,
1134 1163 1251 1220 nostro

15 1235 131 1308 alrentu
146 1239 216 1327 jam
244 1241 280 1308 in
308 1239 462 1308 omnium
484 1240 611 1308 animis
636 1237 855 1341 praecognito
878 1253 911 1308 et
934 1253 1139 1329 exspectato,
1159 1237 1251 1325 quod

15 1325 112 1395 scilicet
131 1327 169 1396 ad
186 1333 432 1418 Imperatorem
450 1328 644 1398 deducendr
660 1350 828 1407 essemus
851 1341 889 1396 ut
906 1351 1033 1417 poenas
1054 1329 1248 1412 lueremus;

15 1435 96 1498 terrae
110 1415 333 1486 licebataliud
353 1416 466 1486 videre
490 1431 549 1486 aut
564 1417 696 1498 audire,
719 1417 784 1484 nisi
800 1428 946 1486 terrores
970 1432 1002 1487 et
1027 1420 1152 1498 minas,
1172 1415 1250 1485 aliis

15 1503 119 1588 rudem
141 1505 325 1576 crudeliter
347 1505 564 1577 dicentibus:
592 1529 610 1571 <r
629 1505 742 1575 dedite
759 1527 818 1576 vos
841 1507 1101 1594 quamprimum
1122 1519 1154 1575 et
1170 1505 1251 1576 abs-

15 1611 57 1688 pre
76 1595 159 1662 omni
173 1595 443 1664 contradictione
462 1595 572 1683 jussis
589 1593 841 1686 Imperatoriis;
861 1593 939 1664 aliis
965 1617 1042 1664 vero
1068 1617 1130 1664 nos
1154 1615 1249 1663 acer-

15 1681 123 1750 rrssima
149 1705 324 1772 passuros
353 1684 383 1752 si
407 1705 475 1753 non
508 1705 720 1773 pareremus,
754 1682 1043 1772 protestantibus;
1070 1683 1148 1752 aliis
1172 1705 1251 1752 vero

15 1767 181 1853 dicentibus,
204 1779 353 1842 Tenetur
371 1771 582 1842 daemonum
599 1771 628 1854 *,
654 1771 772 1842 atalia
797 1772 1000 1860 hujusmodi
1025 1783 1057 1840 et
1083 1772 1136 1840 lris
1160 1770 1252 1840 dete-

15 1855 87 1940 iura,
109 1883 190 1947 quae
210 1862 339 1932 nostris
358 1861 502 1942 auribus
526 1861 796 1951 accipiebamus.
816 1866 854 1931 Et
874 1861 957 1930 haec
974 1860 1114 1948 quidem
1131 1859 1251 1928 audie-

15 1967 120 2029 ramus,
150 1951 355 2039 priusquam
384 1951 610 2032 arl'aureum,
629 1948 885 2040 quod·dicitur‚
915 1949 1169 2019 adduceremur
1194 1948 1252 2016 tri-

15 2033 133 2105 linium.
152 2040 317 2111 Idductis
334 2052 448 2110 autem
462 2053 495 2108 et
509 2039 636 2109 ostium
651 2039 829 2128 ingressis,
849 2060 912 2107 nos
926 2037 1099 2108 Praefecto
1115 2058 1251 2126 praece-

15 2121 95 2204 lente,
114 2127 201 2198 visus
213 2142 265 2198 est
279 2149 300 2198 a
315 2129 414 2198 nobis
436 2133 626 2218 Imperator
641 2127 739 2196 valde
756 2127 920 2197 terribilis
940 2140 972 2196 et
995 2128 1083 2196 iram
1099 2127 1248 2214 spirans,

15 2211 103 2282 multis
122 2215 199 2287 lrinc
230 2231 263 2288 et
298 2216 394 2287 illinc
427 2239 488 2286 nos
516 2217 865 2286 circumsistentibus.
896 2222 975 2286 Erat
1004 2217 1088 2286 lrora
1112 2215 1250 2284 circiter

15 2297 125 2384 decima,
145 2319 176 2376 et
198 2305 407 2387 Praefectus,
434 2306 494 2394 qui
517 2327 669 2392 eousque
692 2317 842 2386 venerat,
869 2305 1046 2386 discessit,
1074 2303 1165 2374 solos
1190 2324 1252 2373 nos

15 2387 175 2476 relinquens
197 2396 233 2464 in
259 2407 448 2484 conspectu
472 2395 705 2483 Imperatoris.
733 2398 767 2464 Is
783 2409 898 2463 autem
919 2417 980 2464 nos
1003 2415 1082 2464 cum
1109 2392 1250 2461 adoras-

15 2497 111 2560 senus,
131 2485 303 2575 asperiore
319 2495 351 2552 et
368 2483 542 2554 acerbiore
563 2505 642 2552 voce
662 2483 767 2570 jussit
790 2481 952 2552 accedere
984 2483 1138 2570 propius.
1167 2486 1250 2550 Cum

15 2565 39 2630 td
55 2589 119 2664 eum
136 2593 214 2663 ergo
231 2594 345 2660 usque
358 2572 827 2662 venissemusinterrogavit,
844 2571 983 2641 dicens:
1004 2593 1022 2637 a
1041 2576 1080 2639 In
1097 2591 1250 2669 quanam

15 2673 119 2750 *agroue
141 2662 209 2731 nati
233 2663 339 2732 estis‘l
357 2685 375 2728 r>
389 2667 471 2731 Cum
494 2683 555 2730 nos
572 2673 687 2731 autem
706 2660 1099 2750 respondissemus,«ln
1121 2658 1250 2728 lloabr-

15 2743 76 2822 Μὴ
94 2769 109 2812 a
128 2747 181 2818 illc
201 2773 325 2821 rursus
350 2750 471 2820 iisdem
489 2751 620 2820 verbis:
639 2771 658 2816 a
683 2755 722 2818 Et
740 2772 803 2818 cur
820 2750 888 2818 huc
908 2749 1073 2819 venistis?
1089 2748 1247 2834 »inquit

15 2841 29 2896 t
44 2835 225 2924 priusquam
244 2839 545 2926 responderemus,
554 2838 661 2927 jussit
675 2838 774 2908 nobis
790 2839 963 2907 verberari
977 2837 1106 2909 oculos.
1126 2836 1251 2906 Ilrrltas

15 2923 192 3016 reroplagas
214 2939 388 3019 etgraves
411 2928 613 2997 inflixerunt
638 2928 698 3014 qui
727 2927 975 3016 percutiebant,
1006 2927 1091 2996 adeo
1120 2939 1158 2996 ut
1187 2946 1250 2994 nos

18 3011 394 3106 npleremurrertigine,
414 3030 447 3086 et
470 3017 569 3085 lrumi
596 3015 820 3096 caderemus;
845 3017 972 3085 etenim
999 3016 1065 3084 nisi
1090 3015 1166 3104 ejus
1191 3014 1250 3104 qui

15 3102 200 3194 percutiebat,
228 3106 381 3176 tunicam
410 3107 445 3174 in
476 3119 610 3194 pectore
634 3104 954 3195 apprehendissem‚
985 3103 1027 3172 ad
1057 3101 1249 3173 scabellum

15 3194 196 3273 imperatoris
215 3194 331 3264 statim
352 3215 462 3264 essem
479 3193 646 3282 dejectus.
665 3199 797 3262 Tenens
822 3206 935 3263 autem
962 3203 1102 3273 restem,
1131 3192 1251 3281 plagas

15 3279 99 3379 recepi
122 3281 293 3364 immotus,
320 3283 427 3352 donec
449 3287 641 3372 Imperator
660 3282 765 3371 jussit
789 3304 868 3351 eum
894 3302 1029 3351 cessare
1058 3293 1249 3370 percutere.

15 3383 71 3460 ,um
86 3385 268 3442 cessassent
281 3385 395 3441 autem
412 3371 473 3458 qui
490 3372 736 3460 percutiebant,
757 3393 880 3440 rursus
896 3371 1027 3460 rogavit
1040 3375 1247 3458 Imperator:

15 3462 171 3546 *lucanam
187 3459 229 3530 dc
245 3483 351 3546 causa
375 3461 443 3529 huc
459 3461 621 3530 venistis?
643 3465 742 3530 »Hoc
759 3482 838 3528 vero
854 3460 920 3530 sibi
944 3458 1077 3528 volebat
1093 3458 1140 3538 id,
1157 3456 1251 3544 quod

15 3533 134 3624 luebat,
156 3553 310 3630 Quanam
336 3549 379 3618 de
403 3571 531 3630 causa,
559 3549 713 3618 nolentes
742 3548 913 3629 eamdem,
936 3569 1041 3636 quam
1069 3568 1148 3628 noe,
1177 3568 1252 3615 am-

15 3623 87 3777 plecti
115 3635 232 3719 tidem,
260 3652 372 3708 vestra
396 3651 517 3728 sponte
545 3638 692 3726 ingressi
720 3638 803 3708 estis
837 3637 1007 3720 eamdem,
1041 3658 1145 3723 quam
1172 3657 1247 3716 noe,

28 3716 244 3808 ¹abitationem‘l
268 3733 352 3797 Cum
372 3747 435 3797 nos
451 3741 566 3796 autem
583 3727 826 3806 tacuissemus,
849 3739 881 3796 et
897 3725 1015 3795 oculos
1036 3724 1136 3794 humi
1160 3723 1250 3812 dejc-

15 3817 157 3894 racemus,
178 3815 219 3884 ad
240 3815 451 3886 Praefectum
476 3817 536 3902 qui
556 3837 659 3906 prope
680 3816 801 3894 stabat,
821 3814 1015 3904 impudenti
1041 3813 1194 3883 oratione
1219 3824 1251 3882 et

15 3901 83 3964 torro
107 3901 264 3992 adspectu
296 3926 494 3986 conversae,
520 3927 601 3974 cum
633 3927 687 3974 ma
716 3927 760 3974 na
788 3905 839 3973 ira
863 3917 896 3974 et
920 3925 1000 3974 voce
1020 3922 1142 3992 aspera
1166 3900 1251 3969 haec

16 3974 119 4059 locutus
133 4003 197 4062 est:
224 4017 243 4060 a
260 3993 353 4063 Tolle
368 4015 436 4074 eos
456 4005 488 4063 et
504 3992 539 4062 in
555 4015 674 4063 eorum
691 3928 778 4063 llircie
793 3992 945 4063 inscribe
961 4005 994 4063 et
1012 3990 1170 4080 insculpe
1187 3989 1249 4058 bos

15 4072 126 4159 lambos,
146 4093 176 4150 et
192 4083 286 4152 trade
301 4105 358 4154 eos
374 4082 511 4152 duobus
535 4083 726 4163 Saracenis,
744 4095 777 4152 ct
792 4081 967 4152 abducant
987 4103 1044 4151 eos
1065 4082 1100 4148 in
1120 4093 1246 4149 terram

17 4173 98 4228 llam.
119 4174 252 4262 »Prope
269 4193 348 4242 vero
363 4170 483 4252 adluit,
506 4171 642 4258 quiens
660 4172 807 4242 habebat
828 4171 977 4257 jambos,
996 4170 1056 4258 qui
1072 4190 1130 4238 eos
1144 4168 1248 4238 etiam

20 4237 99 4318 luerat
110 4258 295 4342 meditatus,
318 4261 458 4330 nomine
474 4259 725 4342 Christodulus,
745 4260 801 4331 cui
818 4261 919 4330 etiam
931 4258 1037 4348 jussit
1051 4279 1109 4328 eos
1122 4258 1246 4348 legere,

18 4323 65 4398 lrnc
82 4343 166 4416 etiam
190 4349 375 4438 adjiciens:
404 4372 421 4416 <r
440 4350 508 4420 lltsi
530 4371 597 4418 non
621 4347 690 4418 sint
715 4349 839 4439 pulcri,
869 4371 909 4418 ne
934 4350 977 4418 sit
1003 4347 1064 4418 tibi
1090 4369 1247 4420 curae.»

38 4455 45 4474 '
56 4457 146 4512 Etruniae
155 4474 314 4518 lacunalibus
324 4473 393 4526 legit:
403 4479 510 4518 Tenentur·
520 4478 647 4517 dceoronunr
657 4477 746 4526 cpr'rr'tu.
