<?xml version="1.0" encoding="UTF-8"?>
<!DOCTYPE html PUBLIC "-//W3C//DTD XHTML 1.0 Transitional//EN"
    "http://www.w3.org/TR/xhtml1/DTD/xhtml1-transitional.dtd">
<html xmlns="http://www.w3.org/1999/xhtml" xml:lang="en" lang="en">
 <head>
  <title>
</title>
<meta http-equiv="Content-Type" content="text/html;charset=utf-8" />
  <meta name='ocr-system' content='tesseract 3.04.00' />
  <meta name='ocr-capabilities' content='ocr_page ocr_carea ocr_par ocr_line ocrx_word'/>
</head>
<body>
  <div class='ocr_page' id='page_1' title='image "./historiaeseuvit00lippgoog_0699.png"; bbox 0 0 2920 4810; ppageno 0'>
   <div class='ocr_carea' id='block_1_1' title="bbox 286 237 1405 324">
    <p class='ocr_par' dir='ltr' id='par_1_1' title="bbox 286 237 1405 324">
     <span class='ocr_line' id='line_1_1' title="bbox 286 237 1405 324; baseline -0.026 6"><span class='ocrx_word' id='word_1_1' title='bbox 286 257 350 324; x_wconf 84' lang='grc'>630</span> <span class='ocrx_word' id='word_1_2' title='bbox 678 275 717 322; x_wconf 88' lang='lat' dir='ltr'>nn</span> <span class='ocrx_word' id='word_1_3' title='bbox 741 275 769 324; x_wconf 89' lang='lat' dir='ltr'>s.</span> <span class='ocrx_word' id='word_1_4' title='bbox 796 275 921 324; x_wconf 79' lang='lat' dir='ltr'>uanam</span> <span class='ocrx_word' id='word_1_5' title='bbox 945 273 1073 323; x_wconf 73' lang='lat' dir='ltr'>nonani</span> <span class='ocrx_word' id='word_1_6' title='bbox 1317 237 1405 308; x_wconf 78' lang='lat' dir='ltr'>llll!</span> 
     </span>
    </p>
   </div>
   <div class='ocr_carea' id='block_1_2' title="bbox 226 343 1414 4483">
    <p class='ocr_par' dir='ltr' id='par_1_2' title="bbox 232 343 1412 2245">
     <span class='ocr_line' id='line_1_2' title="bbox 240 343 1408 449; baseline -0.006 -19"><span class='ocrx_word' id='word_1_7' title='bbox 240 373 354 432; x_wconf 87' lang='lat' dir='ltr'>autem</span> <span class='ocrx_word' id='word_1_8' title='bbox 376 360 591 449; x_wconf 84' lang='lat' dir='ltr'>eloquiorum</span> <span class='ocrx_word' id='word_1_9' title='bbox 613 371 685 430; x_wconf 89' lang='lat' dir='ltr'>erat</span> <span class='ocrx_word' id='word_1_10' title='bbox 704 359 789 431; x_wconf 89' lang='lat' dir='ltr'>adeo</span> <span class='ocrx_word' id='word_1_11' title='bbox 816 360 980 444; x_wconf 90' lang='lat' dir='ltr'>studiosa,</span> <span class='ocrx_word' id='word_1_12' title='bbox 1000 373 1038 431; x_wconf 90' lang='lat' dir='ltr'>ut</span> <span class='ocrx_word' id='word_1_13' title='bbox 1065 369 1165 430; x_wconf 86' lang='lat' dir='ltr'>totam</span> <span class='ocrx_word' id='word_1_14' title='bbox 1188 349 1300 442; x_wconf 82' lang='lat' dir='ltr'>quidem</span> <span class='ocrx_word' id='word_1_15' title='bbox 1318 343 1408 414; x_wconf 84' lang='lat' dir='ltr'>dinnao</span> 
     </span>
     <span class='ocr_line' id='line_1_3' title="bbox 239 436 1405 542; baseline -0.017 -22"><span class='ocrx_word' id='word_1_16' title='bbox 239 451 477 542; x_wconf 89' lang='lat' dir='ltr'>Scripturam,</span> <span class='ocrx_word' id='word_1_17' title='bbox 507 461 651 520; x_wconf 88' lang='lat' dir='ltr'>veterem</span> <span class='ocrx_word' id='word_1_18' title='bbox 680 461 712 520; x_wconf 88' lang='lat' dir='ltr'>et</span> <span class='ocrx_word' id='word_1_19' title='bbox 736 471 883 534; x_wconf 84' lang='lat' dir='ltr'>novam,</span> <span class='ocrx_word' id='word_1_20' title='bbox 910 463 960 520; x_wconf 89' lang='lat' dir='ltr'>tar</span> <span class='ocrx_word' id='word_1_21' title='bbox 991 449 1138 542; x_wconf 85' lang='lat' dir='ltr'>singulis</span> <span class='ocrx_word' id='word_1_22' title='bbox 1166 443 1255 518; x_wconf 86' lang='lat' dir='ltr'>annis</span> <span class='ocrx_word' id='word_1_23' title='bbox 1274 436 1405 534; x_wconf 77' lang='lat' dir='ltr'>perlegeret:</span> 
     </span>
     <span class='ocr_line' id='line_1_4' title="bbox 237 523 1406 630; baseline -0.017 -21"><span class='ocrx_word' id='word_1_24' title='bbox 237 540 313 629; x_wconf 90' lang='lat' dir='ltr'>ejus</span> <span class='ocrx_word' id='word_1_25' title='bbox 334 563 410 610; x_wconf 88' lang='lat' dir='ltr'>vero</span> <span class='ocrx_word' id='word_1_26' title='bbox 429 561 479 622; x_wconf 87' lang='lat' dir='ltr'>ea,</span> <span class='ocrx_word' id='word_1_27' title='bbox 501 561 590 627; x_wconf 88' lang='lat' dir='ltr'>quae</span> <span class='ocrx_word' id='word_1_28' title='bbox 617 553 699 611; x_wconf 88' lang='lat' dir='ltr'>sunt</span> <span class='ocrx_word' id='word_1_29' title='bbox 723 539 968 630; x_wconf 88' lang='lat' dir='ltr'>pulcherrima,</span> <span class='ocrx_word' id='word_1_30' title='bbox 998 561 1134 630; x_wconf 86' lang='lat' dir='ltr'>semper</span> <span class='ocrx_word' id='word_1_31' title='bbox 1153 535 1270 608; x_wconf 86' lang='lat' dir='ltr'>haberet</span> <span class='ocrx_word' id='word_1_32' title='bbox 1288 529 1315 597; x_wconf 94' lang='lat' dir='ltr'>in</span> <span class='ocrx_word' id='word_1_33' title='bbox 1331 523 1406 619; x_wconf 77' lang='lat' dir='ltr'>lingna.</span> 
     </span>
     <span class='ocr_line' id='line_1_5' title="bbox 237 613 1406 718; baseline -0.018 -20"><span class='ocrx_word' id='word_1_34' title='bbox 237 633 276 698; x_wconf 91' lang='lat' dir='ltr'>In</span> <span class='ocrx_word' id='word_1_35' title='bbox 303 631 465 700; x_wconf 92' lang='lat' dir='ltr'>omnibus</span> <span class='ocrx_word' id='word_1_36' title='bbox 494 643 607 700; x_wconf 89' lang='lat' dir='ltr'>autem</span> <span class='ocrx_word' id='word_1_37' title='bbox 628 630 847 718; x_wconf 80' lang='lat' dir='ltr'>exquirendis</span> <span class='ocrx_word' id='word_1_38' title='bbox 863 641 896 700; x_wconf 89' lang='lat' dir='ltr'>et</span> <span class='ocrx_word' id='word_1_39' title='bbox 919 629 1156 700; x_wconf 78' lang='lat' dir='ltr'>examinandis</span> <span class='ocrx_word' id='word_1_40' title='bbox 1177 635 1237 696; x_wconf 86' lang='lat' dir='ltr'>erat</span> <span class='ocrx_word' id='word_1_41' title='bbox 1253 617 1331 711; x_wconf 87' lang='lat' dir='ltr'>plane</span> <span class='ocrx_word' id='word_1_42' title='bbox 1345 613 1406 682; x_wconf 79' lang='lat' dir='ltr'>alni-</span> 
     </span>
     <span class='ocr_line' id='line_1_6' title="bbox 238 701 1405 807; baseline -0.006 -19"><span class='ocrx_word' id='word_1_43' title='bbox 238 719 369 790; x_wconf 88' lang='lat' dir='ltr'>rabilis.</span> <span class='ocrx_word' id='word_1_44' title='bbox 396 724 577 807; x_wconf 81' lang='lat' dir='ltr'>Nunquam</span> <span class='ocrx_word' id='word_1_45' title='bbox 603 720 695 789; x_wconf 90' lang='lat' dir='ltr'>enim</span> <span class='ocrx_word' id='word_1_46' title='bbox 721 741 843 792; x_wconf 90' lang='lat' dir='ltr'>sensus</span> <span class='ocrx_word' id='word_1_47' title='bbox 866 731 925 790; x_wconf 88' lang='lat' dir='ltr'>aut</span> <span class='ocrx_word' id='word_1_48' title='bbox 950 719 1092 804; x_wconf 78' lang='lat' dir='ltr'>verbum</span> <span class='ocrx_word' id='word_1_49' title='bbox 1109 739 1176 790; x_wconf 90' lang='lat' dir='ltr'>eam</span> <span class='ocrx_word' id='word_1_50' title='bbox 1191 701 1405 804; x_wconf 75' lang='lat' dir='ltr'>praetercundo.</span> 
     </span>
     <span class='ocr_line' id='line_1_7' title="bbox 239 795 1406 901; baseline -0.019 -23"><span class='ocrx_word' id='word_1_51' title='bbox 239 809 297 878; x_wconf 92' lang='lat' dir='ltr'>sed</span> <span class='ocrx_word' id='word_1_52' title='bbox 315 809 431 879; x_wconf 89' lang='lat' dir='ltr'>omnia</span> <span class='ocrx_word' id='word_1_53' title='bbox 450 807 633 901; x_wconf 83' lang='lat' dir='ltr'>diligenter</span> <span class='ocrx_word' id='word_1_54' title='bbox 649 809 938 899; x_wconf 89' lang='lat' dir='ltr'>perscrutabatur,</span> <span class='ocrx_word' id='word_1_55' title='bbox 957 822 990 880; x_wconf 84' lang='lat' dir='ltr'>at</span> <span class='ocrx_word' id='word_1_56' title='bbox 1004 807 1096 898; x_wconf 91' lang='lat' dir='ltr'>quod</span> <span class='ocrx_word' id='word_1_57' title='bbox 1122 805 1239 884; x_wconf 83' lang='lat' dir='ltr'>latebat,</span> <span class='ocrx_word' id='word_1_58' title='bbox 1261 795 1406 896; x_wconf 77' lang='lat' dir='ltr'>canobella-</span> 
     </span>
     <span class='ocr_line' id='line_1_8' title="bbox 239 893 1407 991; baseline -0.014 -23"><span class='ocrx_word' id='word_1_59' title='bbox 239 898 336 989; x_wconf 79' lang='lat' dir='ltr'>signe</span> <span class='ocrx_word' id='word_1_60' title='bbox 355 920 431 968; x_wconf 87' lang='lat' dir='ltr'>vero</span> <span class='ocrx_word' id='word_1_61' title='bbox 456 898 532 987; x_wconf 91' lang='lat' dir='ltr'>ejus</span> <span class='ocrx_word' id='word_1_62' title='bbox 555 897 711 970; x_wconf 89' lang='lat' dir='ltr'>discendi</span> <span class='ocrx_word' id='word_1_63' title='bbox 736 899 902 981; x_wconf 87' lang='lat' dir='ltr'>studium,</span> <span class='ocrx_word' id='word_1_64' title='bbox 929 920 1003 968; x_wconf 92' lang='lat' dir='ltr'>eam</span> <span class='ocrx_word' id='word_1_65' title='bbox 1029 920 1163 988; x_wconf 90' lang='lat' dir='ltr'>quoque</span> <span class='ocrx_word' id='word_1_66' title='bbox 1177 893 1212 966; x_wconf 89' lang='lat' dir='ltr'>ad</span> <span class='ocrx_word' id='word_1_67' title='bbox 1234 899 1407 991; x_wconf 79' lang='lat' dir='ltr'>recentatur.¹</span> 
     </span>
     <span class='ocr_line' id='line_1_9' title="bbox 238 971 1407 1079; baseline -0.011 -22"><span class='ocrx_word' id='word_1_68' title='bbox 238 987 420 1070; x_wconf 85' lang='lat' dir='ltr'>bonorum,</span> <span class='ocrx_word' id='word_1_69' title='bbox 449 988 602 1076; x_wconf 91' lang='lat' dir='ltr'>inquam,</span> <span class='ocrx_word' id='word_1_70' title='bbox 629 1001 663 1058; x_wconf 89' lang='lat' dir='ltr'>et</span> <span class='ocrx_word' id='word_1_71' title='bbox 678 989 911 1060; x_wconf 90' lang='lat' dir='ltr'>studiosorum</span> <span class='ocrx_word' id='word_1_72' title='bbox 933 989 1061 1079; x_wconf 88' lang='lat' dir='ltr'>scripta</span> <span class='ocrx_word' id='word_1_73' title='bbox 1078 982 1315 1059; x_wconf 81' lang='lat' dir='ltr'>transmittebat3</span> <span class='ocrx_word' id='word_1_74' title='bbox 1330 971 1407 1069; x_wconf 81' lang='lat' dir='ltr'>stulu</span> 
     </span>
     <span class='ocr_line' id='line_1_10' title="bbox 237 1061 1409 1169; baseline -0.015 -23"><span class='ocrx_word' id='word_1_75' title='bbox 237 1090 309 1147; x_wconf 88' lang='lat' dir='ltr'>erat</span> <span class='ocrx_word' id='word_1_76' title='bbox 331 1077 474 1148; x_wconf 92' lang='lat' dir='ltr'>omnino</span> <span class='ocrx_word' id='word_1_77' title='bbox 493 1100 532 1148; x_wconf 88' lang='lat' dir='ltr'>ex</span> <span class='ocrx_word' id='word_1_78' title='bbox 549 1078 602 1160; x_wconf 91' lang='lat' dir='ltr'>iis,</span> <span class='ocrx_word' id='word_1_79' title='bbox 625 1101 712 1166; x_wconf 92' lang='lat' dir='ltr'>quae</span> <span class='ocrx_word' id='word_1_80' title='bbox 735 1077 778 1149; x_wconf 89' lang='lat' dir='ltr'>ad</span> <span class='ocrx_word' id='word_1_81' title='bbox 803 1078 983 1149; x_wconf 76' lang='lat' dir='ltr'>utilitatem</span> <span class='ocrx_word' id='word_1_82' title='bbox 1010 1078 1136 1169; x_wconf 91' lang='lat' dir='ltr'>scripta</span> <span class='ocrx_word' id='word_1_83' title='bbox 1154 1061 1409 1158; x_wconf 69' lang='lat' dir='ltr'>lucrantautscnhj-</span> 
     </span>
     <span class='ocr_line' id='line_1_11' title="bbox 238 1167 1409 1258; baseline -0.017 -22"><span class='ocrx_word' id='word_1_84' title='bbox 238 1167 376 1250; x_wconf 88' lang='lat' dir='ltr'>bantur,</span> <span class='ocrx_word' id='word_1_85' title='bbox 395 1167 487 1255; x_wconf 91' lang='lat' dir='ltr'>quod</span> <span class='ocrx_word' id='word_1_86' title='bbox 509 1188 577 1238; x_wconf 94' lang='lat' dir='ltr'>non</span> <span class='ocrx_word' id='word_1_87' title='bbox 600 1167 798 1258; x_wconf 85' lang='lat' dir='ltr'>possideret,</span> <span class='ocrx_word' id='word_1_88' title='bbox 825 1181 857 1238; x_wconf 91' lang='lat' dir='ltr'>et</span> <span class='ocrx_word' id='word_1_89' title='bbox 874 1167 952 1238; x_wconf 90' lang='lat' dir='ltr'>aliis</span> <span class='ocrx_word' id='word_1_90' title='bbox 969 1167 1237 1238; x_wconf 88' lang='lat' dir='ltr'>communicaret.</span> <span class='ocrx_word' id='word_1_91' title='bbox 1258 1167 1320 1231; x_wconf 85' lang='lat' dir='ltr'>tan</span> <span class='ocrx_word' id='word_1_92' title='bbox 1333 1170 1409 1222; x_wconf 78' lang='lat' dir='ltr'>iani</span> 
     </span>
     <span class='ocr_line' id='line_1_12' title="bbox 238 1249 1409 1415; baseline -0.005 -91"><span class='ocrx_word' id='word_1_93' title='bbox 238 1255 356 1415; x_wconf 65' lang='lat' dir='ltr'>linfiua</span> <span class='ocrx_word' id='word_1_94' title='bbox 370 1278 507 1346; x_wconf 89' lang='lat' dir='ltr'>quoque</span> <span class='ocrx_word' id='word_1_95' title='bbox 523 1261 649 1328; x_wconf 85' lang='lat' dir='ltr'>Graeca</span> <span class='ocrx_word' id='word_1_96' title='bbox 666 1259 712 1328; x_wconf 90' lang='lat' dir='ltr'>ita</span> <span class='ocrx_word' id='word_1_97' title='bbox 731 1271 802 1329; x_wconf 90' lang='lat' dir='ltr'>erat</span> <span class='ocrx_word' id='word_1_98' title='bbox 821 1258 1013 1339; x_wconf 85' lang='lat' dir='ltr'>exercitata,</span> <span class='ocrx_word' id='word_1_99' title='bbox 1032 1269 1071 1328; x_wconf 90' lang='lat' dir='ltr'>ut</span> <span class='ocrx_word' id='word_1_100' title='bbox 1087 1254 1214 1346; x_wconf 92' lang='lat' dir='ltr'>quando</span> <span class='ocrx_word' id='word_1_101' title='bbox 1226 1273 1262 1322; x_wconf 89' lang='lat' dir='ltr'>ea</span> <span class='ocrx_word' id='word_1_102' title='bbox 1274 1249 1409 1349; x_wconf 76' lang='lat' dir='ltr'>loqueram</span> 
     </span>
     <span class='ocr_line' id='line_1_13' title="bbox 237 1347 1411 1437; baseline -0.009 -23"><span class='ocrx_word' id='word_1_103' title='bbox 237 1367 284 1415; x_wconf 94' lang='lat' dir='ltr'>nu</span> <span class='ocrx_word' id='word_1_104' title='bbox 314 1369 356 1417; x_wconf 92' lang='lat' dir='ltr'>us</span> <span class='ocrx_word' id='word_1_105' title='bbox 370 1369 410 1417; x_wconf 85' lang='lat' dir='ltr'>ex</span> <span class='ocrx_word' id='word_1_106' title='bbox 422 1347 476 1430; x_wconf 90' lang='lat' dir='ltr'>iis,</span> <span class='ocrx_word' id='word_1_107' title='bbox 496 1348 555 1435; x_wconf 93' lang='lat' dir='ltr'>qui</span> <span class='ocrx_word' id='word_1_108' title='bbox 573 1347 770 1430; x_wconf 81' lang='lat' dir='ltr'>audiebant,</span> <span class='ocrx_word' id='word_1_109' title='bbox 793 1347 946 1418; x_wconf 86' lang='lat' dir='ltr'>erederet</span> <span class='ocrx_word' id='word_1_110' title='bbox 960 1347 1114 1418; x_wconf 86' lang='lat' dir='ltr'>Italicam</span> <span class='ocrx_word' id='word_1_111' title='bbox 1133 1348 1268 1437; x_wconf 83' lang='lat' dir='ltr'>linguam</span> <span class='ocrx_word' id='word_1_112' title='bbox 1284 1361 1310 1408; x_wconf 84' lang='lat' dir='ltr'>ar</span> <span class='ocrx_word' id='word_1_113' title='bbox 1322 1355 1372 1406; x_wconf 84' lang='lat' dir='ltr'>csse</span> <span class='ocrx_word' id='word_1_114' title='bbox 1384 1351 1411 1417; x_wconf 79' lang='lat' dir='ltr'>p·</span> 
     </span>
     <span class='ocr_line' id='line_1_14' title="bbox 237 1429 1412 1536; baseline -0.01 -32"><span class='ocrx_word' id='word_1_115' title='bbox 237 1435 349 1536; x_wconf 82' lang='lat' dir='ltr'>triam.</span> <span class='ocrx_word' id='word_1_116' title='bbox 377 1434 460 1524; x_wconf 74' lang='lat' dir='ltr'>EJus</span> <span class='ocrx_word' id='word_1_117' title='bbox 483 1448 596 1508; x_wconf 90' lang='lat' dir='ltr'>autem</span> <span class='ocrx_word' id='word_1_118' title='bbox 624 1437 756 1528; x_wconf 83' lang='lat' dir='ltr'>vigebat</span> <span class='ocrx_word' id='word_1_119' title='bbox 774 1437 808 1505; x_wconf 93' lang='lat' dir='ltr'>in</span> <span class='ocrx_word' id='word_1_120' title='bbox 824 1437 988 1508; x_wconf 89' lang='lat' dir='ltr'>omnibus</span> <span class='ocrx_word' id='word_1_121' title='bbox 1012 1437 1153 1507; x_wconf 90' lang='lat' dir='ltr'>honesta</span> <span class='ocrx_word' id='word_1_122' title='bbox 1172 1429 1315 1524; x_wconf 88' lang='lat' dir='ltr'>quaedam</span> <span class='ocrx_word' id='word_1_123' title='bbox 1329 1431 1412 1526; x_wconf 66' lang='lat' dir='ltr'>ergab</span> 
     </span>
     <span class='ocr_line' id='line_1_15' title="bbox 235 1523 1408 1608; baseline -0.014 -15"><span class='ocrx_word' id='word_1_124' title='bbox 235 1523 357 1598; x_wconf 83' lang='lat' dir='ltr'>lenitas</span> <span class='ocrx_word' id='word_1_125' title='bbox 373 1538 405 1596; x_wconf 87' lang='lat' dir='ltr'>et</span> <span class='ocrx_word' id='word_1_126' title='bbox 422 1525 661 1608; x_wconf 87' lang='lat' dir='ltr'>mansuetudo,</span> <span class='ocrx_word' id='word_1_127' title='bbox 682 1527 829 1596; x_wconf 79' lang='lat' dir='ltr'>maxime</span> <span class='ocrx_word' id='word_1_128' title='bbox 842 1549 881 1596; x_wconf 92' lang='lat' dir='ltr'>ea</span> <span class='ocrx_word' id='word_1_129' title='bbox 896 1526 1083 1597; x_wconf 89' lang='lat' dir='ltr'>disserente</span> <span class='ocrx_word' id='word_1_130' title='bbox 1099 1539 1131 1596; x_wconf 92' lang='lat' dir='ltr'>et</span> <span class='ocrx_word' id='word_1_131' title='bbox 1151 1525 1279 1596; x_wconf 88' lang='lat' dir='ltr'>habente</span> <span class='ocrx_word' id='word_1_132' title='bbox 1295 1527 1408 1588; x_wconf 79' lang='lat' dir='ltr'>orahonar</span> 
     </span>
     <span class='ocr_line' id='line_1_16' title="bbox 234 1603 1410 1707; baseline -0.014 -24"><span class='ocrx_word' id='word_1_133' title='bbox 234 1613 276 1683; x_wconf 88' lang='lat' dir='ltr'>ad</span> <span class='ocrx_word' id='word_1_134' title='bbox 294 1635 363 1696; x_wconf 90' lang='lat' dir='ltr'>eos,</span> <span class='ocrx_word' id='word_1_135' title='bbox 383 1617 443 1704; x_wconf 92' lang='lat' dir='ltr'>qui</span> <span class='ocrx_word' id='word_1_136' title='bbox 458 1616 659 1687; x_wconf 84' lang='lat' dir='ltr'>exercebant</span> <span class='ocrx_word' id='word_1_137' title='bbox 678 1615 944 1707; x_wconf 88' lang='lat' dir='ltr'>philosophiam.</span> <span class='ocrx_word' id='word_1_138' title='bbox 960 1617 1041 1707; x_wconf 88' lang='lat' dir='ltr'>Ejus</span> <span class='ocrx_word' id='word_1_139' title='bbox 1059 1637 1136 1686; x_wconf 88' lang='lat' dir='ltr'>vero</span> <span class='ocrx_word' id='word_1_140' title='bbox 1151 1618 1183 1685; x_wconf 93' lang='lat' dir='ltr'>in</span> <span class='ocrx_word' id='word_1_141' title='bbox 1200 1612 1343 1684; x_wconf 80' lang='lat' dir='ltr'>Christum</span> <span class='ocrx_word' id='word_1_142' title='bbox 1354 1603 1410 1703; x_wconf 74' lang='lat' dir='ltr'>calar</span> 
     </span>
     <span class='ocr_line' id='line_1_17' title="bbox 234 1704 1410 1797; baseline -0.013 -23"><span class='ocrx_word' id='word_1_143' title='bbox 234 1704 407 1776; x_wconf 89' lang='lat' dir='ltr'>nutriebat</span> <span class='ocrx_word' id='word_1_144' title='bbox 434 1727 530 1777; x_wconf 90' lang='lat' dir='ltr'>amor</span> <span class='ocrx_word' id='word_1_145' title='bbox 556 1705 696 1794; x_wconf 89' lang='lat' dir='ltr'>quidam</span> <span class='ocrx_word' id='word_1_146' title='bbox 718 1706 914 1787; x_wconf 83' lang='lat' dir='ltr'>ineffabilis,</span> <span class='ocrx_word' id='word_1_147' title='bbox 937 1718 969 1775; x_wconf 92' lang='lat' dir='ltr'>et</span> <span class='ocrx_word' id='word_1_148' title='bbox 991 1705 1052 1797; x_wconf 93' lang='lat' dir='ltr'>qui</span> <span class='ocrx_word' id='word_1_149' title='bbox 1076 1727 1143 1776; x_wconf 95' lang='lat' dir='ltr'>non</span> <span class='ocrx_word' id='word_1_150' title='bbox 1170 1711 1284 1797; x_wconf 89' lang='lat' dir='ltr'>poterat</span> <span class='ocrx_word' id='word_1_151' title='bbox 1300 1707 1410 1768; x_wconf 78' lang='lat' dir='ltr'>conithtlt·</span> 
     </span>
     <span class='ocr_line' id='line_1_18' title="bbox 233 1793 1405 1896; baseline -0.012 -34"><span class='ocrx_word' id='word_1_152' title='bbox 233 1797 303 1896; x_wconf 80' lang='lat' dir='ltr'>Hac</span> <span class='ocrx_word' id='word_1_153' title='bbox 320 1793 436 1884; x_wconf 85' lang='lat' dir='ltr'>itaque</span> <span class='ocrx_word' id='word_1_154' title='bbox 451 1795 582 1866; x_wconf 88' lang='lat' dir='ltr'>ratione</span> <span class='ocrx_word' id='word_1_155' title='bbox 608 1817 674 1866; x_wconf 93' lang='lat' dir='ltr'>non</span> <span class='ocrx_word' id='word_1_156' title='bbox 700 1794 811 1864; x_wconf 91' lang='lat' dir='ltr'>solum</span> <span class='ocrx_word' id='word_1_157' title='bbox 832 1795 1011 1876; x_wconf 85' lang='lat' dir='ltr'>efficiebat,</span> <span class='ocrx_word' id='word_1_158' title='bbox 1031 1805 1069 1865; x_wconf 92' lang='lat' dir='ltr'>ut</span> <span class='ocrx_word' id='word_1_159' title='bbox 1084 1817 1182 1866; x_wconf 89' lang='lat' dir='ltr'>mens</span> <span class='ocrx_word' id='word_1_160' title='bbox 1198 1815 1248 1865; x_wconf 92' lang='lat' dir='ltr'>eos</span> <span class='ocrx_word' id='word_1_161' title='bbox 1262 1795 1405 1862; x_wconf 78' lang='lat' dir='ltr'>aversantur</span> 
     </span>
     <span class='ocr_line' id='line_1_19' title="bbox 232 1873 1409 1973; baseline -0.012 -21"><span class='ocrx_word' id='word_1_162' title='bbox 232 1905 292 1971; x_wconf 92' lang='lat' dir='ltr'>qur</span> <span class='ocrx_word' id='word_1_163' title='bbox 313 1883 477 1955; x_wconf 81' lang='lat' dir='ltr'>furiosam</span> <span class='ocrx_word' id='word_1_164' title='bbox 498 1884 651 1972; x_wconf 88' lang='lat' dir='ltr'>aliquam</span> <span class='ocrx_word' id='word_1_165' title='bbox 677 1897 870 1973; x_wconf 90' lang='lat' dir='ltr'>sequuntur</span> <span class='ocrx_word' id='word_1_166' title='bbox 888 1885 1078 1956; x_wconf 88' lang='lat' dir='ltr'>haeresim:</span> <span class='ocrx_word' id='word_1_167' title='bbox 1105 1885 1164 1955; x_wconf 93' lang='lat' dir='ltr'>sed</span> <span class='ocrx_word' id='word_1_168' title='bbox 1185 1906 1239 1954; x_wconf 89' lang='lat' dir='ltr'>nco</span> <span class='ocrx_word' id='word_1_169' title='bbox 1261 1873 1409 1973; x_wconf 75' lang='lat' dir='ltr'>pernhart</span> 
     </span>
     <span class='ocr_line' id='line_1_20' title="bbox 234 1967 1401 2068; baseline -0.013 -26"><span class='ocrx_word' id='word_1_170' title='bbox 234 1984 409 2046; x_wconf 91' lang='lat' dir='ltr'>uteorum</span> <span class='ocrx_word' id='word_1_171' title='bbox 439 1996 563 2045; x_wconf 86' lang='lat' dir='ltr'>nomen</span> <span class='ocrx_word' id='word_1_172' title='bbox 584 1985 644 2044; x_wconf 87' lang='lat' dir='ltr'>aut</span> <span class='ocrx_word' id='word_1_173' title='bbox 668 1975 811 2046; x_wconf 90' lang='lat' dir='ltr'>auribus</span> <span class='ocrx_word' id='word_1_174' title='bbox 833 1974 1021 2056; x_wconf 87' lang='lat' dir='ltr'>audiretur,</span> <span class='ocrx_word' id='word_1_175' title='bbox 1047 1986 1107 2044; x_wconf 90' lang='lat' dir='ltr'>aut</span> <span class='ocrx_word' id='word_1_176' title='bbox 1131 1974 1243 2068; x_wconf 85' lang='lat' dir='ltr'>lingua</span> <span class='ocrx_word' id='word_1_177' title='bbox 1261 1967 1401 2063; x_wconf 85' lang='lat' dir='ltr'>prolencur</span> 
     </span>
     <span class='ocr_line' id='line_1_21' title="bbox 233 2055 1410 2155; baseline -0.012 -23"><span class='ocrx_word' id='word_1_178' title='bbox 233 2061 329 2145; x_wconf 89' lang='lat' dir='ltr'>adeo,</span> <span class='ocrx_word' id='word_1_179' title='bbox 349 2075 387 2134; x_wconf 92' lang='lat' dir='ltr'>ut</span> <span class='ocrx_word' id='word_1_180' title='bbox 401 2062 497 2133; x_wconf 88' lang='lat' dir='ltr'>valde</span> <span class='ocrx_word' id='word_1_181' title='bbox 512 2064 666 2155; x_wconf 89' lang='lat' dir='ltr'>apposite</span> <span class='ocrx_word' id='word_1_182' title='bbox 682 2063 809 2134; x_wconf 89' lang='lat' dir='ltr'>diceret</span> <span class='ocrx_word' id='word_1_183' title='bbox 824 2063 911 2135; x_wconf 93' lang='lat' dir='ltr'>illud</span> <span class='ocrx_word' id='word_1_184' title='bbox 926 2063 1035 2134; x_wconf 92' lang='lat' dir='ltr'>divini</span> <span class='ocrx_word' id='word_1_185' title='bbox 1053 2063 1208 2135; x_wconf 87' lang='lat' dir='ltr'>Davidis:</span> <span class='ocrx_word' id='word_1_186' title='bbox 1227 2067 1289 2133; x_wconf 85' lang='lat' dir='ltr'>Non</span> <span class='ocrx_word' id='word_1_187' title='bbox 1307 2055 1410 2127; x_wconf 74' lang='lat' dir='ltr'>taciturn</span> 
     </span>
     <span class='ocr_line' id='line_1_22' title="bbox 232 2155 849 2245; baseline -0.002 -23"><span class='ocrx_word' id='word_1_188' title='bbox 232 2155 404 2223; x_wconf 78' lang='lat' dir='ltr'>nominum</span> <span class='ocrx_word' id='word_1_189' title='bbox 428 2177 541 2224; x_wconf 87' lang='lat' dir='ltr'>eorum</span> <span class='ocrx_word' id='word_1_190' title='bbox 561 2177 625 2245; x_wconf 87' lang='lat' dir='ltr'>per</span> <span class='ocrx_word' id='word_1_191' title='bbox 649 2155 740 2224; x_wconf 82' lang='lat' dir='ltr'>labio</span> <span class='ocrx_word' id='word_1_192' title='bbox 763 2177 849 2224; x_wconf 85' lang='lat' dir='ltr'>men.</span> 
     </span>
    </p>

    <p class='ocr_par' dir='ltr' id='par_1_3' title="bbox 226 2232 1414 4483">
     <span class='ocr_line' id='line_1_23' title="bbox 276 2232 1411 2345; baseline -0.009 -29"><span class='ocrx_word' id='word_1_193' title='bbox 276 2244 396 2345; x_wconf 59' lang='grc' dir='ltr'>Μ).</span> <span class='ocrx_word' id='word_1_194' title='bbox 421 2247 505 2322; x_wconf 48' lang='lat' dir='ltr'>¹Cum</span> <span class='ocrx_word' id='word_1_195' title='bbox 527 2255 653 2326; x_wconf 87' lang='lat' dir='ltr'>autem,</span> <span class='ocrx_word' id='word_1_196' title='bbox 667 2244 765 2334; x_wconf 87' lang='lat' dir='ltr'>juxta</span> <span class='ocrx_word' id='word_1_197' title='bbox 788 2243 946 2325; x_wconf 90' lang='lat' dir='ltr'>Paulum,</span> <span class='ocrx_word' id='word_1_198' title='bbox 966 2241 1107 2313; x_wconf 72' lang='lat' dir='ltr'>servaret</span> <span class='ocrx_word' id='word_1_199' title='bbox 1123 2243 1254 2334; x_wconf 91' lang='lat' dir='ltr'>spiritu,</span> <span class='ocrx_word' id='word_1_200' title='bbox 1270 2259 1348 2334; x_wconf 80' lang='lat' dir='ltr'>graie</span> <span class='ocrx_word' id='word_1_201' title='bbox 1361 2232 1411 2301; x_wconf 68' lang='lat' dir='ltr'>dut</span> 
     </span>
     <span class='ocr_line' id='line_1_24' title="bbox 234 2321 1410 2424; baseline -0.007 -23"><span class='ocrx_word' id='word_1_202' title='bbox 234 2331 302 2414; x_wconf 89' lang='lat' dir='ltr'>bat,</span> <span class='ocrx_word' id='word_1_203' title='bbox 329 2353 360 2403; x_wconf 85' lang='lat' dir='ltr'>si</span> <span class='ocrx_word' id='word_1_204' title='bbox 385 2354 451 2402; x_wconf 94' lang='lat' dir='ltr'>non</span> <span class='ocrx_word' id='word_1_205' title='bbox 478 2333 552 2424; x_wconf 89' lang='lat' dir='ltr'>ipsa</span> <span class='ocrx_word' id='word_1_206' title='bbox 578 2332 703 2405; x_wconf 90' lang='lat' dir='ltr'>multos</span> <span class='ocrx_word' id='word_1_207' title='bbox 728 2333 851 2404; x_wconf 82' lang='lat' dir='ltr'>Christi</span> <span class='ocrx_word' id='word_1_208' title='bbox 878 2334 965 2423; x_wconf 90' lang='lat' dir='ltr'>parti</span> <span class='ocrx_word' id='word_1_209' title='bbox 998 2331 1202 2420; x_wconf 88' lang='lat' dir='ltr'>adjecisset,</span> <span class='ocrx_word' id='word_1_210' title='bbox 1229 2321 1410 2416; x_wconf 72' lang='lat' dir='ltr'>etsinileslt·</span> 
     </span>
     <span class='ocr_line' id='line_1_25' title="bbox 233 2421 1411 2514; baseline -0.001 -23"><span class='ocrx_word' id='word_1_211' title='bbox 233 2421 327 2492; x_wconf 87' lang='lat' dir='ltr'>beret</span> <span class='ocrx_word' id='word_1_212' title='bbox 349 2431 519 2492; x_wconf 89' lang='lat' dir='ltr'>amatores</span> <span class='ocrx_word' id='word_1_213' title='bbox 543 2423 808 2512; x_wconf 88' lang='lat' dir='ltr'>temperantiae:</span> <span class='ocrx_word' id='word_1_214' title='bbox 836 2433 868 2492; x_wconf 91' lang='lat' dir='ltr'>et</span> <span class='ocrx_word' id='word_1_215' title='bbox 894 2423 1016 2514; x_wconf 85' lang='lat' dir='ltr'>partim</span> <span class='ocrx_word' id='word_1_216' title='bbox 1041 2422 1181 2509; x_wconf 91' lang='lat' dir='ltr'>quidem</span> <span class='ocrx_word' id='word_1_217' title='bbox 1212 2421 1326 2499; x_wconf 88' lang='lat' dir='ltr'>verbis,</span> <span class='ocrx_word' id='word_1_218' title='bbox 1346 2423 1411 2506; x_wconf 81' lang='lat' dir='ltr'>pann</span> 
     </span>
     <span class='ocr_line' id='line_1_26' title="bbox 232 2509 1409 2584; baseline -0.009 -2"><span class='ocrx_word' id='word_1_219' title='bbox 232 2523 347 2582; x_wconf 89' lang='lat' dir='ltr'>autem</span> <span class='ocrx_word' id='word_1_220' title='bbox 367 2511 467 2582; x_wconf 90' lang='lat' dir='ltr'>donis</span> <span class='ocrx_word' id='word_1_221' title='bbox 488 2512 614 2584; x_wconf 90' lang='lat' dir='ltr'>multos</span> <span class='ocrx_word' id='word_1_222' title='bbox 639 2511 871 2582; x_wconf 85' lang='lat' dir='ltr'>adolescentes</span> <span class='ocrx_word' id='word_1_223' title='bbox 894 2525 926 2581; x_wconf 86' lang='lat' dir='ltr'>et</span> <span class='ocrx_word' id='word_1_224' title='bbox 955 2511 1081 2581; x_wconf 89' lang='lat' dir='ltr'>multas</span> <span class='ocrx_word' id='word_1_225' title='bbox 1103 2509 1409 2584; x_wconf 76' lang='lat' dir='ltr'>adolescentulam</span> 
     </span>
     <span class='ocr_line' id='line_1_27' title="bbox 232 2593 1411 2694; baseline -0.01 -22"><span class='ocrx_word' id='word_1_226' title='bbox 232 2601 274 2672; x_wconf 90' lang='lat' dir='ltr'>ad</span> <span class='ocrx_word' id='word_1_227' title='bbox 295 2601 582 2672; x_wconf 82' lang='lat' dir='ltr'>exercitationem.</span> <span class='ocrx_word' id='word_1_228' title='bbox 609 2601 734 2672; x_wconf 88' lang='lat' dir='ltr'>Eadem</span> <span class='ocrx_word' id='word_1_229' title='bbox 756 2622 834 2671; x_wconf 92' lang='lat' dir='ltr'>vero</span> <span class='ocrx_word' id='word_1_230' title='bbox 862 2600 1007 2671; x_wconf 81' lang='lat' dir='ltr'>faciebat</span> <span class='ocrx_word' id='word_1_231' title='bbox 1029 2602 1131 2670; x_wconf 91' lang='lat' dir='ltr'>etiam</span> <span class='ocrx_word' id='word_1_232' title='bbox 1159 2602 1194 2670; x_wconf 92' lang='lat' dir='ltr'>in</span> <span class='ocrx_word' id='word_1_233' title='bbox 1219 2599 1339 2694; x_wconf 85' lang='lat' dir='ltr'>gentiles</span> <span class='ocrx_word' id='word_1_234' title='bbox 1354 2593 1411 2689; x_wconf 75' lang='lat' dir='ltr'>eth·</span> 
     </span>
     <span class='ocr_line' id='line_1_28' title="bbox 233 2685 1410 2782; baseline -0.014 -22"><span class='ocrx_word' id='word_1_235' title='bbox 233 2693 431 2774; x_wconf 85' lang='lat' dir='ltr'>maritanas,</span> <span class='ocrx_word' id='word_1_236' title='bbox 445 2703 478 2762; x_wconf 87' lang='lat' dir='ltr'>ct</span> <span class='ocrx_word' id='word_1_237' title='bbox 494 2713 552 2762; x_wconf 86' lang='lat' dir='ltr'>eos</span> <span class='ocrx_word' id='word_1_238' title='bbox 568 2692 709 2761; x_wconf 85' lang='lat' dir='ltr'>vocabat</span> <span class='ocrx_word' id='word_1_239' title='bbox 724 2690 766 2761; x_wconf 89' lang='lat' dir='ltr'>ad</span> <span class='ocrx_word' id='word_1_240' title='bbox 783 2701 909 2761; x_wconf 87' lang='lat' dir='ltr'>reolum</span> <span class='ocrx_word' id='word_1_241' title='bbox 924 2689 1047 2760; x_wconf 87' lang='lat' dir='ltr'>fidem:</span> <span class='ocrx_word' id='word_1_242' title='bbox 1064 2689 1123 2778; x_wconf 90' lang='lat' dir='ltr'>qui</span> <span class='ocrx_word' id='word_1_243' title='bbox 1163 2691 1242 2762; x_wconf 90' lang='lat' dir='ltr'>aulo</span> <span class='ocrx_word' id='word_1_244' title='bbox 1255 2699 1317 2782; x_wconf 87' lang='lat' dir='ltr'>post</span> <span class='ocrx_word' id='word_1_245' title='bbox 1328 2685 1410 2778; x_wconf 79' lang='lat' dir='ltr'>dinosa</span> 
     </span>
     <span class='ocr_line' id='line_1_29' title="bbox 232 2713 1412 2871; baseline -0.007 -19"><span class='ocrx_word' id='word_1_246' title='bbox 232 2781 316 2862; x_wconf 91' lang='lat' dir='ltr'>suis,</span> <span class='ocrx_word' id='word_1_247' title='bbox 344 2781 439 2851; x_wconf 88' lang='lat' dir='ltr'>illum</span> <span class='ocrx_word' id='word_1_248' title='bbox 457 2780 698 2870; x_wconf 89' lang='lat' dir='ltr'>sequebantur.</span> <span class='ocrx_word' id='word_1_249' title='bbox 726 2781 780 2851; x_wconf 87' lang='lat' dir='ltr'>Sic</span> <span class='ocrx_word' id='word_1_250' title='bbox 803 2803 885 2871; x_wconf 82' lang='lat' dir='ltr'>ergo</span> <span class='ocrx_word' id='word_1_251' title='bbox 909 2792 980 2850; x_wconf 89' lang='lat' dir='ltr'>erat</span> <span class='ocrx_word' id='word_1_252' title='bbox 997 2781 1093 2851; x_wconf 88' lang='lat' dir='ltr'>beata</span> <span class='ocrx_word' id='word_1_253' title='bbox 1110 2713 1169 2850; x_wconf 72' lang='lat' dir='ltr'>illi</span> <span class='ocrx_word' id='word_1_254' title='bbox 1188 2781 1321 2852; x_wconf 89' lang='lat' dir='ltr'>loemina</span> <span class='ocrx_word' id='word_1_255' title='bbox 1341 2783 1412 2862; x_wconf 69' lang='lat' dir='ltr'>sapit-⁴</span> 
     </span>
     <span class='ocr_line' id='line_1_30' title="bbox 231 2855 1412 3030; baseline -0.008 -90"><span class='ocrx_word' id='word_1_256' title='bbox 231 2869 406 3030; x_wconf 49' lang='lat' dir='ltr'>piscatrix,</span> <span class='ocrx_word' id='word_1_257' title='bbox 433 2883 464 2941; x_wconf 86' lang='lat' dir='ltr'>et</span> <span class='ocrx_word' id='word_1_258' title='bbox 485 2870 613 2941; x_wconf 87' lang='lat' dir='ltr'>sciebat</span> <span class='ocrx_word' id='word_1_259' title='bbox 634 2870 749 2940; x_wconf 85' lang='lat' dir='ltr'>venari</span> <span class='ocrx_word' id='word_1_260' title='bbox 774 2869 910 2942; x_wconf 88' lang='lat' dir='ltr'>animas</span> <span class='ocrx_word' id='word_1_261' title='bbox 934 2869 1128 2940; x_wconf 87' lang='lat' dir='ltr'>hominurn.</span> <span class='ocrx_word' id='word_1_262' title='bbox 1154 2855 1412 2961; x_wconf 81' lang='lat' dir='ltr'>llajoresautenl</span> 
     </span>
     <span class='ocr_line' id='line_1_31' title="bbox 255 2957 1411 3051; baseline -0.004 -23"><span class='ocrx_word' id='word_1_263' title='bbox 255 2980 330 3029; x_wconf 86' lang='lat' dir='ltr'>ores</span> <span class='ocrx_word' id='word_1_264' title='bbox 355 2959 570 3050; x_wconf 73' lang='lat' dir='ltr'>aggrediens,</span> <span class='ocrx_word' id='word_1_265' title='bbox 597 2959 699 3030; x_wconf 89' lang='lat' dir='ltr'>aliam</span> <span class='ocrx_word' id='word_1_266' title='bbox 724 2980 862 3047; x_wconf 87' lang='lat' dir='ltr'>quoque</span> <span class='ocrx_word' id='word_1_267' title='bbox 885 2959 1096 3049; x_wconf 89' lang='lat' dir='ltr'>inopinatam</span> <span class='ocrx_word' id='word_1_268' title='bbox 1118 2971 1151 3028; x_wconf 91' lang='lat' dir='ltr'>et</span> <span class='ocrx_word' id='word_1_269' title='bbox 1175 2957 1411 3051; x_wconf 75' lang='lat' dir='ltr'>propendunt·</span> 
     </span>
     <span class='ocr_line' id='line_1_32' title="bbox 231 3048 1412 3140; baseline -0.012 -22"><span class='ocrx_word' id='word_1_270' title='bbox 231 3048 431 3120; x_wconf 89' lang='lat' dir='ltr'>credibilem</span> <span class='ocrx_word' id='word_1_271' title='bbox 460 3049 607 3119; x_wconf 89' lang='lat' dir='ltr'>ostendit</span> <span class='ocrx_word' id='word_1_272' title='bbox 635 3048 862 3120; x_wconf 85' lang='lat' dir='ltr'>tolerantiam.</span> <span class='ocrx_word' id='word_1_273' title='bbox 893 3053 976 3120; x_wconf 82' lang='lat' dir='ltr'>Cum</span> <span class='ocrx_word' id='word_1_274' title='bbox 1004 3049 1151 3140; x_wconf 83' lang='lat' dir='ltr'>ligneam</span> <span class='ocrx_word' id='word_1_275' title='bbox 1181 3050 1412 3138; x_wconf 79' lang='lat' dir='ltr'>quandonam</span> 
     </span>
     <span class='ocr_line' id='line_1_33' title="bbox 233 3136 1411 3230; baseline -0.004 -22"><span class='ocrx_word' id='word_1_276' title='bbox 233 3153 404 3230; x_wconf 85' lang='lat' dir='ltr'>parasset,</span> <span class='ocrx_word' id='word_1_277' title='bbox 431 3137 611 3208; x_wconf 91' lang='lat' dir='ltr'>altitudine</span> <span class='ocrx_word' id='word_1_278' title='bbox 636 3138 775 3226; x_wconf 91' lang='lat' dir='ltr'>quidem</span> <span class='ocrx_word' id='word_1_279' title='bbox 798 3149 941 3220; x_wconf 88' lang='lat' dir='ltr'>tantam,</span> <span class='ocrx_word' id='word_1_280' title='bbox 970 3149 1008 3208; x_wconf 92' lang='lat' dir='ltr'>ut</span> <span class='ocrx_word' id='word_1_281' title='bbox 1037 3160 1103 3208; x_wconf 94' lang='lat' dir='ltr'>non</span> <span class='ocrx_word' id='word_1_282' title='bbox 1127 3136 1411 3230; x_wconf 75' lang='lat' dir='ltr'>permitterentur</span> 
     </span>
     <span class='ocr_line' id='line_1_34' title="bbox 230 3227 1412 3319; baseline -0.006 -20"><span class='ocrx_word' id='word_1_283' title='bbox 230 3240 371 3311; x_wconf 88' lang='lat' dir='ltr'>rectam,</span> <span class='ocrx_word' id='word_1_284' title='bbox 393 3227 574 3299; x_wconf 89' lang='lat' dir='ltr'>latitudine</span> <span class='ocrx_word' id='word_1_285' title='bbox 597 3251 686 3310; x_wconf 83' lang='lat' dir='ltr'>vero,</span> <span class='ocrx_word' id='word_1_286' title='bbox 715 3239 753 3299; x_wconf 93' lang='lat' dir='ltr'>ut</span> <span class='ocrx_word' id='word_1_287' title='bbox 775 3250 842 3298; x_wconf 94' lang='lat' dir='ltr'>non</span> <span class='ocrx_word' id='word_1_288' title='bbox 865 3239 978 3319; x_wconf 92' lang='lat' dir='ltr'>posset</span> <span class='ocrx_word' id='word_1_289' title='bbox 999 3228 1173 3299; x_wconf 89' lang='lat' dir='ltr'>declinare</span> <span class='ocrx_word' id='word_1_290' title='bbox 1188 3229 1232 3299; x_wconf 90' lang='lat' dir='ltr'>ad</span> <span class='ocrx_word' id='word_1_291' title='bbox 1250 3230 1412 3308; x_wconf 63' lang='lat' dir='ltr'>denormat</span> 
     </span>
     <span class='ocr_line' id='line_1_35' title="bbox 231 3317 1412 3409; baseline -0.005 -20"><span class='ocrx_word' id='word_1_292' title='bbox 231 3319 274 3389; x_wconf 89' lang='lat' dir='ltr'>ad</span> <span class='ocrx_word' id='word_1_293' title='bbox 296 3319 483 3402; x_wconf 89' lang='lat' dir='ltr'>sinistram,</span> <span class='ocrx_word' id='word_1_294' title='bbox 511 3318 545 3387; x_wconf 94' lang='lat' dir='ltr'>in</span> <span class='ocrx_word' id='word_1_295' title='bbox 572 3339 611 3388; x_wconf 91' lang='lat' dir='ltr'>ea</span> <span class='ocrx_word' id='word_1_296' title='bbox 630 3339 756 3409; x_wconf 93' lang='lat' dir='ltr'>corpus</span> <span class='ocrx_word' id='word_1_297' title='bbox 785 3317 942 3398; x_wconf 88' lang='lat' dir='ltr'>includit,</span> <span class='ocrx_word' id='word_1_298' title='bbox 970 3339 1030 3409; x_wconf 89' lang='lat' dir='ltr'>per</span> <span class='ocrx_word' id='word_1_299' title='bbox 1054 3319 1154 3390; x_wconf 85' lang='lat' dir='ltr'>breve</span> <span class='ocrx_word' id='word_1_300' title='bbox 1173 3318 1412 3392; x_wconf 66' lang='lat' dir='ltr'>saramania</span> 
     </span>
     <span class='ocr_line' id='line_1_36' title="bbox 231 3405 1413 3495; baseline -0.001 -17"><span class='ocrx_word' id='word_1_301' title='bbox 231 3408 314 3482; x_wconf 92' lang='lat' dir='ltr'>loris</span> <span class='ocrx_word' id='word_1_302' title='bbox 338 3420 459 3490; x_wconf 90' lang='lat' dir='ltr'>erant,</span> <span class='ocrx_word' id='word_1_303' title='bbox 485 3405 665 3495; x_wconf 89' lang='lat' dir='ltr'>alloquens</span> <span class='ocrx_word' id='word_1_304' title='bbox 687 3420 718 3477; x_wconf 89' lang='lat' dir='ltr'>et</span> <span class='ocrx_word' id='word_1_305' title='bbox 749 3427 807 3478; x_wconf 93' lang='lat' dir='ltr'>eos</span> <span class='ocrx_word' id='word_1_306' title='bbox 831 3407 988 3478; x_wconf 86' lang='lat' dir='ltr'>audiens.</span> <span class='ocrx_word' id='word_1_307' title='bbox 1016 3413 1098 3477; x_wconf 84' lang='lat' dir='ltr'>Cum</span> <span class='ocrx_word' id='word_1_308' title='bbox 1126 3419 1235 3479; x_wconf 88' lang='lat' dir='ltr'>mater</span> <span class='ocrx_word' id='word_1_309' title='bbox 1260 3421 1351 3482; x_wconf 86' lang='lat' dir='ltr'>auten</span> <span class='ocrx_word' id='word_1_310' title='bbox 1367 3411 1413 3488; x_wconf 64' lang='lat' dir='ltr'>ull*</span> 
     </span>
     <span class='ocr_line' id='line_1_37' title="bbox 231 3485 1412 3588; baseline -0.017 -20"><span class='ocrx_word' id='word_1_311' title='bbox 231 3498 273 3568; x_wconf 90' lang='lat' dir='ltr'>ad</span> <span class='ocrx_word' id='word_1_312' title='bbox 291 3521 365 3570; x_wconf 93' lang='lat' dir='ltr'>eam</span> <span class='ocrx_word' id='word_1_313' title='bbox 384 3496 559 3570; x_wconf 85' lang='lat' dir='ltr'>accederet</span> <span class='ocrx_word' id='word_1_314' title='bbox 574 3497 660 3588; x_wconf 87' lang='lat' dir='ltr'>(erat</span> <span class='ocrx_word' id='word_1_315' title='bbox 686 3497 778 3567; x_wconf 91' lang='lat' dir='ltr'>enim</span> <span class='ocrx_word' id='word_1_316' title='bbox 803 3495 835 3566; x_wconf 92' lang='lat' dir='ltr'>ei</span> <span class='ocrx_word' id='word_1_317' title='bbox 860 3495 1087 3587; x_wconf 86' lang='lat' dir='ltr'>navigationis</span> <span class='ocrx_word' id='word_1_318' title='bbox 1111 3517 1228 3571; x_wconf 90' lang='lat' dir='ltr'>comes</span> <span class='ocrx_word' id='word_1_319' title='bbox 1250 3512 1285 3570; x_wconf 90' lang='lat' dir='ltr'>et</span> <span class='ocrx_word' id='word_1_320' title='bbox 1307 3497 1366 3570; x_wconf 85' lang='lat' dir='ltr'>socia</span> <span class='ocrx_word' id='word_1_321' title='bbox 1379 3485 1412 3580; x_wconf 83' lang='lat' dir='ltr'>ph</span> 
     </span>
     <span class='ocr_line' id='line_1_38' title="bbox 231 3581 1413 3691; baseline 0.003 -33"><span class='ocrx_word' id='word_1_322' title='bbox 231 3587 434 3691; x_wconf 84' lang='lat' dir='ltr'>losophiae),</span> <span class='ocrx_word' id='word_1_323' title='bbox 455 3609 523 3659; x_wconf 91' lang='lat' dir='ltr'>noo</span> <span class='ocrx_word' id='word_1_324' title='bbox 540 3598 665 3658; x_wconf 88' lang='lat' dir='ltr'>temere</span> <span class='ocrx_word' id='word_1_325' title='bbox 682 3586 860 3657; x_wconf 82' lang='lat' dir='ltr'>veniebat:</span> <span class='ocrx_word' id='word_1_326' title='bbox 887 3586 945 3656; x_wconf 89' lang='lat' dir='ltr'>sed</span> <span class='ocrx_word' id='word_1_327' title='bbox 972 3587 1000 3658; x_wconf 95' lang='lat' dir='ltr'>si</span> <span class='ocrx_word' id='word_1_328' title='bbox 1023 3598 1083 3655; x_wconf 90' lang='lat' dir='ltr'>aut</span> <span class='ocrx_word' id='word_1_329' title='bbox 1101 3587 1243 3658; x_wconf 85' lang='lat' dir='ltr'>vacabat</span> <span class='ocrx_word' id='word_1_330' title='bbox 1266 3581 1413 3660; x_wconf 65' lang='lat' dir='ltr'>crunno*</span> 
     </span>
     <span class='ocr_line' id='line_1_39' title="bbox 231 3673 1412 3766; baseline -0.004 -19"><span class='ocrx_word' id='word_1_331' title='bbox 231 3701 265 3748; x_wconf 91' lang='lat' dir='ltr'>m</span> <span class='ocrx_word' id='word_1_332' title='bbox 282 3677 409 3750; x_wconf 84' lang='lat' dir='ltr'>divinis</span> <span class='ocrx_word' id='word_1_333' title='bbox 434 3677 634 3749; x_wconf 89' lang='lat' dir='ltr'>versabatur</span> <span class='ocrx_word' id='word_1_334' title='bbox 656 3676 815 3766; x_wconf 85' lang='lat' dir='ltr'>eloquiis,</span> <span class='ocrx_word' id='word_1_335' title='bbox 835 3697 901 3746; x_wconf 93' lang='lat' dir='ltr'>non</span> <span class='ocrx_word' id='word_1_336' title='bbox 925 3677 1021 3766; x_wconf 91' lang='lat' dir='ltr'>prius</span> <span class='ocrx_word' id='word_1_337' title='bbox 1045 3675 1184 3746; x_wconf 89' lang='lat' dir='ltr'>adeam</span> <span class='ocrx_word' id='word_1_338' title='bbox 1207 3677 1375 3750; x_wconf 89' lang='lat' dir='ltr'>intuebatur.</span> <span class='ocrx_word' id='word_1_339' title='bbox 1388 3673 1412 3734; x_wconf 75' lang='lat' dir='ltr'>cl</span> 
     </span>
     <span class='ocr_line' id='line_1_40' title="bbox 230 3763 1412 3861; baseline -0.006 -24"><span class='ocrx_word' id='word_1_340' title='bbox 230 3768 324 3838; x_wconf 89' lang='lat' dir='ltr'>illam</span> <span class='ocrx_word' id='word_1_341' title='bbox 350 3768 589 3860; x_wconf 86' lang='lat' dir='ltr'>compellabat,</span> <span class='ocrx_word' id='word_1_342' title='bbox 612 3789 714 3856; x_wconf 91' lang='lat' dir='ltr'>quam</span> <span class='ocrx_word' id='word_1_343' title='bbox 735 3764 887 3857; x_wconf 90' lang='lat' dir='ltr'>spiritale</span> <span class='ocrx_word' id='word_1_344' title='bbox 911 3787 1010 3856; x_wconf 91' lang='lat' dir='ltr'>opus,</span> <span class='ocrx_word' id='word_1_345' title='bbox 1029 3766 1119 3852; x_wconf 92' lang='lat' dir='ltr'>quod</span> <span class='ocrx_word' id='word_1_346' title='bbox 1139 3767 1267 3851; x_wconf 91' lang='lat' dir='ltr'>obibat,</span> <span class='ocrx_word' id='word_1_347' title='bbox 1291 3763 1412 3861; x_wconf 78' lang='lat' dir='ltr'>perlaiad</span> 
     </span>
     <span class='ocr_line' id='line_1_41' title="bbox 230 3856 1414 3948; baseline -0.014 -20"><span class='ocrx_word' id='word_1_348' title='bbox 230 3858 381 3930; x_wconf 84' lang='lat' dir='ltr'>Siccam</span> <span class='ocrx_word' id='word_1_349' title='bbox 402 3858 565 3928; x_wconf 90' lang='lat' dir='ltr'>omnibus</span> <span class='ocrx_word' id='word_1_350' title='bbox 581 3859 689 3948; x_wconf 87' lang='lat' dir='ltr'>ipsam</span> <span class='ocrx_word' id='word_1_351' title='bbox 708 3878 844 3944; x_wconf 91' lang='lat' dir='ltr'>quoque</span> <span class='ocrx_word' id='word_1_352' title='bbox 861 3856 940 3925; x_wconf 88' lang='lat' dir='ltr'>vicit</span> <span class='ocrx_word' id='word_1_353' title='bbox 957 3869 1128 3926; x_wconf 89' lang='lat' dir='ltr'>naturam.</span> <span class='ocrx_word' id='word_1_354' title='bbox 1145 3859 1353 3940; x_wconf 81' lang='lat' dir='ltr'>Quamobrem</span> <span class='ocrx_word' id='word_1_355' title='bbox 1364 3858 1414 3918; x_wconf 81' lang='lat' dir='ltr'>nala</span> 
     </span>
     <span class='ocr_line' id='line_1_42' title="bbox 229 3938 1412 4039; baseline -0.01 -19"><span class='ocrx_word' id='word_1_356' title='bbox 229 3969 390 4039; x_wconf 85' lang='lat' dir='ltr'>magnam</span> <span class='ocrx_word' id='word_1_357' title='bbox 409 3946 628 4018; x_wconf 84' lang='lat' dir='ltr'>lucrifaciens</span> <span class='ocrx_word' id='word_1_358' title='bbox 644 3946 840 4028; x_wconf 87' lang='lat' dir='ltr'>utilitatem,</span> <span class='ocrx_word' id='word_1_359' title='bbox 859 3945 975 4016; x_wconf 89' lang='lat' dir='ltr'>abibat</span> <span class='ocrx_word' id='word_1_360' title='bbox 995 3967 1139 4036; x_wconf 84' lang='lat' dir='ltr'>magnas</span> <span class='ocrx_word' id='word_1_361' title='bbox 1157 3951 1223 4018; x_wconf 87' lang='lat' dir='ltr'>beo</span> <span class='ocrx_word' id='word_1_362' title='bbox 1238 3938 1412 4038; x_wconf 77' lang='lat' dir='ltr'>agensgaln</span> 
     </span>
     <span class='ocr_line' id='line_1_43' title="bbox 228 4033 1413 4192; baseline -0.007 -85"><span class='ocrx_word' id='word_1_363' title='bbox 228 4039 319 4192; x_wconf 58' lang='lat' dir='ltr'>quad</span> <span class='ocrx_word' id='word_1_364' title='bbox 343 4059 383 4108; x_wconf 86' lang='lat' dir='ltr'>ex</span> <span class='ocrx_word' id='word_1_365' title='bbox 408 4059 471 4108; x_wconf 91' lang='lat' dir='ltr'>suo</span> <span class='ocrx_word' id='word_1_366' title='bbox 495 4049 610 4107; x_wconf 88' lang='lat' dir='ltr'>ventre</span> <span class='ocrx_word' id='word_1_367' title='bbox 635 4035 734 4106; x_wconf 90' lang='lat' dir='ltr'>talem</span> <span class='ocrx_word' id='word_1_368' title='bbox 760 4035 909 4106; x_wconf 82' lang='lat' dir='ltr'>fructum</span> <span class='ocrx_word' id='word_1_369' title='bbox 937 4034 1163 4126; x_wconf 81' lang='lat' dir='ltr'>produxisset.</span> <span class='ocrx_word' id='word_1_370' title='bbox 1186 4041 1225 4106; x_wconf 86' lang='lat' dir='ltr'>Et</span> <span class='ocrx_word' id='word_1_371' title='bbox 1245 4033 1413 4126; x_wconf 74' lang='lat' dir='ltr'>quidquia</span> 
     </span>
     <span class='ocr_line' id='line_1_44' title="bbox 227 4118 1413 4218; baseline -0.003 -24"><span class='ocrx_word' id='word_1_372' title='bbox 227 4125 321 4196; x_wconf 90' lang='lat' dir='ltr'>ilius</span> <span class='ocrx_word' id='word_1_373' title='bbox 345 4127 460 4198; x_wconf 92' lang='lat' dir='ltr'>omnia</span> <span class='ocrx_word' id='word_1_374' title='bbox 487 4125 668 4217; x_wconf 74' lang='lat' dir='ltr'>persequi?</span> <span class='ocrx_word' id='word_1_375' title='bbox 691 4123 738 4195; x_wconf 81' lang='lat' dir='ltr'>hd</span> <span class='ocrx_word' id='word_1_376' title='bbox 763 4125 837 4214; x_wconf 83' lang='lat' dir='ltr'>ejus</span> <span class='ocrx_word' id='word_1_377' title='bbox 852 4125 944 4196; x_wconf 90' lang='lat' dir='ltr'>enim</span> <span class='ocrx_word' id='word_1_378' title='bbox 962 4123 1098 4194; x_wconf 89' lang='lat' dir='ltr'>laudem</span> <span class='ocrx_word' id='word_1_379' title='bbox 1117 4125 1247 4198; x_wconf 84' lang='lat' dir='ltr'>sufficit</span> <span class='ocrx_word' id='word_1_380' title='bbox 1265 4150 1320 4218; x_wconf 90' lang='lat' dir='ltr'>per</span> <span class='ocrx_word' id='word_1_381' title='bbox 1330 4118 1413 4197; x_wconf 75' lang='lat' dir='ltr'>onnilh&#39;</span> 
     </span>
     <span class='ocr_line' id='line_1_45' title="bbox 228 4213 1414 4308; baseline 0.005 -27"><span class='ocrx_word' id='word_1_382' title='bbox 228 4215 392 4286; x_wconf 88' lang='lat' dir='ltr'>modestia</span> <span class='ocrx_word' id='word_1_383' title='bbox 419 4217 494 4308; x_wconf 86' lang='lat' dir='ltr'>ejus</span> <span class='ocrx_word' id='word_1_384' title='bbox 515 4227 547 4285; x_wconf 89' lang='lat' dir='ltr'>et</span> <span class='ocrx_word' id='word_1_385' title='bbox 569 4214 767 4296; x_wconf 92' lang='lat' dir='ltr'>moderatio,</span> <span class='ocrx_word' id='word_1_386' title='bbox 794 4213 884 4302; x_wconf 92' lang='lat' dir='ltr'>quad</span> <span class='ocrx_word' id='word_1_387' title='bbox 911 4237 989 4286; x_wconf 91' lang='lat' dir='ltr'>oum</span> <span class='ocrx_word' id='word_1_388' title='bbox 1016 4215 1140 4285; x_wconf 84' lang='lat' dir='ltr'>vireret</span> <span class='ocrx_word' id='word_1_389' title='bbox 1165 4227 1233 4286; x_wconf 89' lang='lat' dir='ltr'>tam</span> <span class='ocrx_word' id='word_1_390' title='bbox 1260 4222 1414 4307; x_wconf 68' lang='lat' dir='ltr'>puraqtll</span> 
     </span>
     <span class='ocr_line' id='line_1_46' title="bbox 226 4295 1414 4387; baseline 0.005 -24"><span class='ocrx_word' id='word_1_391' title='bbox 226 4295 437 4387; x_wconf 84' lang='lat' dir='ltr'>ullusulius,</span> <span class='ocrx_word' id='word_1_392' title='bbox 457 4305 671 4376; x_wconf 86' lang='lat' dir='ltr'>conhaberet</span> <span class='ocrx_word' id='word_1_393' title='bbox 694 4305 879 4375; x_wconf 90' lang='lat' dir='ltr'>contritum</span> <span class='ocrx_word' id='word_1_394' title='bbox 900 4316 933 4375; x_wconf 90' lang='lat' dir='ltr'>et</span> <span class='ocrx_word' id='word_1_395' title='bbox 954 4317 1099 4374; x_wconf 88' lang='lat' dir='ltr'>mentem</span> <span class='ocrx_word' id='word_1_396' title='bbox 1122 4304 1306 4377; x_wconf 90' lang='lat' dir='ltr'>demissam</span> <span class='ocrx_word' id='word_1_397' title='bbox 1321 4303 1414 4376; x_wconf 77' lang='lat' dir='ltr'>arhart·</span> 
     </span>
     <span class='ocr_line' id='line_1_47' title="bbox 228 4381 1387 4483; baseline -0.003 -18"><span class='ocrx_word' id='word_1_398' title='bbox 228 4381 307 4465; x_wconf 89' lang='lat' dir='ltr'>lem,</span> <span class='ocrx_word' id='word_1_399' title='bbox 334 4403 373 4460; x_wconf 90' lang='lat' dir='ltr'>ut</span> <span class='ocrx_word' id='word_1_400' title='bbox 397 4393 515 4466; x_wconf 90' lang='lat' dir='ltr'>nullus</span> <span class='ocrx_word' id='word_1_401' title='bbox 539 4394 629 4465; x_wconf 89' lang='lat' dir='ltr'>alius</span> <span class='ocrx_word' id='word_1_402' title='bbox 653 4415 692 4462; x_wconf 85' lang='lat' dir='ltr'>ex</span> <span class='ocrx_word' id='word_1_403' title='bbox 716 4394 770 4477; x_wconf 90' lang='lat' dir='ltr'>iis,</span> <span class='ocrx_word' id='word_1_404' title='bbox 792 4394 852 4483; x_wconf 94' lang='lat' dir='ltr'>qui</span> <span class='ocrx_word' id='word_1_405' title='bbox 871 4393 978 4466; x_wconf 89' lang='lat' dir='ltr'>multa</span> <span class='ocrx_word' id='word_1_406' title='bbox 995 4393 1183 4467; x_wconf 88' lang='lat' dir='ltr'>admittunt</span> <span class='ocrx_word' id='word_1_407' title='bbox 1198 4417 1266 4467; x_wconf 93' lang='lat' dir='ltr'>non</span> <span class='ocrx_word' id='word_1_408' title='bbox 1286 4397 1387 4467; x_wconf 79' lang='lat' dir='ltr'>honesta</span> 
     </span>
    </p>
   </div>
   <div class='ocr_carea' id='block_1_3' title="bbox 0 0 1464 4809">
    <p class='ocr_par' dir='ltr' id='par_1_4' title="bbox 0 0 1464 4809">
     <span class='ocr_line' id='line_1_48' title="bbox 0 0 1464 4809; baseline 0 0"><span class='ocrx_word' id='word_1_409' title='bbox 0 0 1464 4809; x_wconf 95' lang='lat' dir='ltr'> </span> 
     </span>
    </p>
   </div>
  </div>
 </body>
</html>
