<?xml version="1.0" encoding="UTF-8"?>
<!DOCTYPE html PUBLIC "-//W3C//DTD XHTML 1.0 Transitional//EN"
    "http://www.w3.org/TR/xhtml1/DTD/xhtml1-transitional.dtd">
<html xmlns="http://www.w3.org/1999/xhtml" xml:lang="en" lang="en">
 <head>
  <title>
</title>
<meta http-equiv="Content-Type" content="text/html;charset=utf-8" />
  <meta name='ocr-system' content='tesseract 3.04.00' />
  <meta name='ocr-capabilities' content='ocr_page ocr_carea ocr_par ocr_line ocrx_word'/>
</head>
<body>
  <div class='ocr_page' id='page_1' title='image "./historiaeseuvit00lippgoog_0344.png"; bbox 0 0 2960 4824; ppageno 0'>
   <div class='ocr_carea' id='block_1_1' title="bbox 28 275 1205 356">
    <p class='ocr_par' dir='ltr' id='par_1_1' title="bbox 28 275 1205 356">
     <span class='ocr_line' id='line_1_1' title="bbox 28 275 1205 356; baseline 0.006 -19"><span class='ocrx_word' id='word_1_1' title='bbox 28 275 81 338; x_wconf 77' lang='lat' dir='ltr'><strong>nul.</strong></span> <span class='ocrx_word' id='word_1_2' title='bbox 102 276 134 339; x_wconf 75' lang='lat' dir='ltr'><strong>td</strong></span> <span class='ocrx_word' id='word_1_3' title='bbox 269 293 317 342; x_wconf 78' lang='lat' dir='ltr'><strong>on</strong></span> <span class='ocrx_word' id='word_1_4' title='bbox 341 294 384 341; x_wconf 90' lang='lat' dir='ltr'><strong>ss.</strong></span> <span class='ocrx_word' id='word_1_5' title='bbox 409 297 592 356; x_wconf 80' lang='lat' dir='ltr'><strong>nusraarro,</strong></span> <span class='ocrx_word' id='word_1_6' title='bbox 621 297 779 344; x_wconf 78' lang='lat' dir='ltr'><strong>aursana</strong></span> <span class='ocrx_word' id='word_1_7' title='bbox 802 295 869 344; x_wconf 79' lang='lat' dir='ltr'><strong>arc.</strong></span> <span class='ocrx_word' id='word_1_8' title='bbox 897 297 955 343; x_wconf 86' lang='lat' dir='ltr'><strong>un.</strong></span> <span class='ocrx_word' id='word_1_9' title='bbox 1142 281 1205 344; x_wconf 73' lang='grc'><strong>309</strong></span> 
     </span>
    </p>
   </div>
   <div class='ocr_carea' id='block_1_2' title="bbox 25 379 1255 4458">
    <p class='ocr_par' dir='ltr' id='par_1_2' title="bbox 25 379 1252 1514">
     <span class='ocr_line' id='line_1_2' title="bbox 25 379 1248 471; baseline 0.006 -26"><span class='ocrx_word' id='word_1_10' title='bbox 25 383 275 466; x_wconf 88' lang='lat' dir='ltr'><strong>etinperatorum</strong></span> <span class='ocrx_word' id='word_1_11' title='bbox 299 379 579 463; x_wconf 85' lang='lat' dir='ltr'><strong>benevolentiam,</strong></span> <span class='ocrx_word' id='word_1_12' title='bbox 598 393 630 451; x_wconf 86' lang='lat' dir='ltr'><strong>et</strong></span> <span class='ocrx_word' id='word_1_13' title='bbox 642 381 769 471; x_wconf 90' lang='lat' dir='ltr'><strong>judicii</strong></span> <span class='ocrx_word' id='word_1_14' title='bbox 785 380 1048 450; x_wconf 85' lang='lat' dir='ltr'><strong>clementiam&#39;»</strong></span> <span class='ocrx_word' id='word_1_15' title='bbox 1066 380 1154 450; x_wconf 84' lang='lat' dir='ltr'>Dixit</span> <span class='ocrx_word' id='word_1_16' title='bbox 1171 403 1248 452; x_wconf 87' lang='lat' dir='ltr'><strong>san-</strong></span> 
     </span>
     <span class='ocr_line' id='line_1_3' title="bbox 25 468 1248 550; baseline 0.003 -16"><span class='ocrx_word' id='word_1_17' title='bbox 25 478 69 534; x_wconf 85' lang='lat' dir='ltr'><strong>rus</strong></span> <span class='ocrx_word' id='word_1_18' title='bbox 87 468 294 537; x_wconf 82' lang='lat' dir='ltr'><strong>Eustratius:</strong></span> <span class='ocrx_word' id='word_1_19' title='bbox 322 470 565 540; x_wconf 82' lang='lat' dir='ltr'><strong>«Execrandos</strong></span> <span class='ocrx_word' id='word_1_20' title='bbox 589 469 786 550; x_wconf 87' lang='lat' dir='ltr'><strong>daemones,</strong></span> <span class='ocrx_word' id='word_1_21' title='bbox 808 481 840 538; x_wconf 90' lang='lat' dir='ltr'><strong>et</strong></span> <span class='ocrx_word' id='word_1_22' title='bbox 864 469 969 540; x_wconf 89' lang='lat' dir='ltr'><strong>surda</strong></span> <span class='ocrx_word' id='word_1_23' title='bbox 994 469 1181 539; x_wconf 87' lang='lat' dir='ltr'><strong>simulacra</strong></span> <span class='ocrx_word' id='word_1_24' title='bbox 1205 470 1248 539; x_wconf 88' lang='lat' dir='ltr'><strong>ab</strong></span> 
     </span>
     <span class='ocr_line' id='line_1_4' title="bbox 25 555 1251 648; baseline 0.005 -26"><span class='ocrx_word' id='word_1_25' title='bbox 25 555 175 625; x_wconf 79' lang='lat' dir='ltr'><strong>dominibus</strong></span> <span class='ocrx_word' id='word_1_26' title='bbox 194 568 412 639; x_wconf 87' lang='lat' dir='ltr'><strong>constructa,</strong></span> <span class='ocrx_word' id='word_1_27' title='bbox 439 559 557 630; x_wconf 89' lang='lat' dir='ltr'><strong>nuilus</strong></span> <span class='ocrx_word' id='word_1_28' title='bbox 584 581 737 647; x_wconf 92' lang='lat' dir='ltr'><strong>unquam</strong></span> <span class='ocrx_word' id='word_1_29' title='bbox 764 559 879 639; x_wconf 89' lang='lat' dir='ltr'><strong>homo,</strong></span> <span class='ocrx_word' id='word_1_30' title='bbox 909 558 969 645; x_wconf 88' lang='lat' dir='ltr'><strong>qui</strong></span> <span class='ocrx_word' id='word_1_31' title='bbox 995 579 1137 648; x_wconf 91' lang='lat' dir='ltr'><strong>compos</strong></span> <span class='ocrx_word' id='word_1_32' title='bbox 1160 571 1251 628; x_wconf 87' lang='lat' dir='ltr'><strong>esset</strong></span> 
     </span>
     <span class='ocr_line' id='line_1_5' title="bbox 25 645 1250 726; baseline 0.006 -17"><span class='ocrx_word' id='word_1_33' title='bbox 25 645 115 726; x_wconf 86' lang='lat' dir='ltr'><strong>nentis,</strong></span> <span class='ocrx_word' id='word_1_34' title='bbox 132 646 267 714; x_wconf 90' lang='lat' dir='ltr'><strong>censuit</strong></span> <span class='ocrx_word' id='word_1_35' title='bbox 283 645 468 716; x_wconf 88' lang='lat' dir='ltr'><strong>adoranda.</strong></span> <span class='ocrx_word' id='word_1_36' title='bbox 489 647 622 717; x_wconf 79' lang='lat' dir='ltr'><strong>Dictum</strong></span> <span class='ocrx_word' id='word_1_37' title='bbox 641 659 691 718; x_wconf 91' lang='lat' dir='ltr'><strong>est</strong></span> <span class='ocrx_word' id='word_1_38' title='bbox 710 647 801 716; x_wconf 90' lang='lat' dir='ltr'><strong>enim</strong></span> <span class='ocrx_word' id='word_1_39' title='bbox 818 646 947 717; x_wconf 90' lang='lat' dir='ltr'><strong>alicubi</strong></span> <span class='ocrx_word' id='word_1_40' title='bbox 964 648 998 715; x_wconf 91' lang='lat' dir='ltr'><strong>in</strong></span> <span class='ocrx_word' id='word_1_41' title='bbox 1018 648 1143 716; x_wconf 91' lang='lat' dir='ltr'><strong>nostris</strong></span> <span class='ocrx_word' id='word_1_42' title='bbox 1161 647 1250 717; x_wconf 89' lang='lat' dir='ltr'><strong>Scri·</strong></span> 
     </span>
     <span class='ocr_line' id='line_1_6' title="bbox 25 732 1249 827; baseline 0.002 -27"><span class='ocrx_word' id='word_1_43' title='bbox 25 732 106 803; x_wconf 88' lang='lat' dir='ltr'><strong>turis:</strong></span> <span class='ocrx_word' id='word_1_44' title='bbox 119 736 182 815; x_wconf 76' lang='lat' dir='ltr'><strong>bii,</strong></span> <span class='ocrx_word' id='word_1_45' title='bbox 200 736 268 826; x_wconf 84' lang='lat' dir='ltr'><strong>qui</strong></span> <span class='ocrx_word' id='word_1_46' title='bbox 279 739 408 805; x_wconf 85' lang='lat' dir='ltr'><strong>coelam</strong></span> <span class='ocrx_word' id='word_1_47' title='bbox 424 747 456 806; x_wconf 83' lang='lat' dir='ltr'><strong>et</strong></span> <span class='ocrx_word' id='word_1_48' title='bbox 472 747 597 806; x_wconf 81' lang='lat' dir='ltr'><strong>terram</strong></span> <span class='ocrx_word' id='word_1_49' title='bbox 613 761 679 807; x_wconf 82' lang='lat' dir='ltr'><strong>uon</strong></span> <span class='ocrx_word' id='word_1_50' title='bbox 694 739 856 826; x_wconf 71' lang='lat' dir='ltr'><strong>fecerunt,</strong></span> <span class='ocrx_word' id='word_1_51' title='bbox 865 735 1149 827; x_wconf 58' lang='lat' dir='ltr'><strong>percuratum.</strong></span> <span class='ocrx_word' id='word_1_52' title='bbox 1169 739 1249 820; x_wconf 83' lang='lat' dir='ltr'>x).»</span> 
     </span>
     <span class='ocr_line' id='line_1_7' title="bbox 25 821 1249 915; baseline 0.005 -28"><span class='ocrx_word' id='word_1_53' title='bbox 25 833 62 888; x_wconf 81' lang='lat' dir='ltr'><strong>tm</strong></span> <span class='ocrx_word' id='word_1_54' title='bbox 76 821 167 892; x_wconf 81' lang='lat' dir='ltr'><strong>dixit:</strong></span> <span class='ocrx_word' id='word_1_55' title='bbox 194 823 295 892; x_wconf 79' lang='lat' dir='ltr'><strong>«Sed</strong></span> <span class='ocrx_word' id='word_1_56' title='bbox 313 837 408 894; x_wconf 88' lang='lat' dir='ltr'><strong>estne</strong></span> <span class='ocrx_word' id='word_1_57' title='bbox 424 826 454 894; x_wconf 90' lang='lat' dir='ltr'><strong>is</strong></span> <span class='ocrx_word' id='word_1_58' title='bbox 473 847 615 915; x_wconf 90' lang='lat' dir='ltr'><strong>compos</strong></span> <span class='ocrx_word' id='word_1_59' title='bbox 642 827 777 900; x_wconf 80' lang='lat' dir='ltr'><strong>mentis.</strong></span> <span class='ocrx_word' id='word_1_60' title='bbox 804 826 865 912; x_wconf 92' lang='lat' dir='ltr'><strong>qui</strong></span> <span class='ocrx_word' id='word_1_61' title='bbox 895 829 999 894; x_wconf 87' lang='lat' dir='ltr'><strong>Deum</strong></span> <span class='ocrx_word' id='word_1_62' title='bbox 1020 824 1142 894; x_wconf 89' lang='lat' dir='ltr'><strong>adorat</strong></span> <span class='ocrx_word' id='word_1_63' title='bbox 1166 828 1249 893; x_wconf 89' lang='lat' dir='ltr'><strong>Cru-</strong></span> 
     </span>
     <span class='ocr_line' id='line_1_8' title="bbox 25 909 1249 1004; baseline 0.002 -28"><span class='ocrx_word' id='word_1_64' title='bbox 25 909 127 992; x_wconf 85' lang='lat' dir='ltr'><strong>iirum,</strong></span> <span class='ocrx_word' id='word_1_65' title='bbox 145 910 236 981; x_wconf 89' lang='lat' dir='ltr'><strong>sicut</strong></span> <span class='ocrx_word' id='word_1_66' title='bbox 257 933 314 982; x_wconf 89' lang='lat' dir='ltr'><strong>vos</strong></span> <span class='ocrx_word' id='word_1_67' title='bbox 333 912 427 1002; x_wconf 90' lang='lat' dir='ltr'><strong>pleni</strong></span> <span class='ocrx_word' id='word_1_68' title='bbox 443 914 713 1004; x_wconf 74' lang='lat' dir='ltr'><strong>superstitione?</strong></span> <span class='ocrx_word' id='word_1_69' title='bbox 730 935 748 979; x_wconf 88' lang='lat'>»</span> <span class='ocrx_word' id='word_1_70' title='bbox 766 917 911 984; x_wconf 82' lang='lat' dir='ltr'><strong>Sanctus</strong></span> <span class='ocrx_word' id='word_1_71' title='bbox 928 913 1123 983; x_wconf 84' lang='lat' dir='ltr'><strong>Eustratius</strong></span> <span class='ocrx_word' id='word_1_72' title='bbox 1140 911 1249 982; x_wconf 84' lang='lat' dir='ltr'><strong>dixit:</strong></span> 
     </span>
     <span class='ocr_line' id='line_1_9' title="bbox 34 1000 1252 1091; baseline 0.003 -26"><span class='ocrx_word' id='word_1_73' title='bbox 34 1000 58 1065; x_wconf 85' lang='lat' dir='ltr'><strong>Si</strong></span> <span class='ocrx_word' id='word_1_74' title='bbox 70 1001 120 1068; x_wconf 86' lang='lat' dir='ltr'><strong>tibi</strong></span> <span class='ocrx_word' id='word_1_75' title='bbox 136 1021 204 1069; x_wconf 90' lang='lat' dir='ltr'><strong>non</strong></span> <span class='ocrx_word' id='word_1_76' title='bbox 221 1015 337 1070; x_wconf 81' lang='lat' dir='ltr'><strong>essent</strong></span> <span class='ocrx_word' id='word_1_77' title='bbox 355 1003 476 1072; x_wconf 89' lang='lat' dir='ltr'><strong>mutati</strong></span> <span class='ocrx_word' id='word_1_78' title='bbox 496 1023 619 1072; x_wconf 86' lang='lat' dir='ltr'><strong>sensus</strong></span> <span class='ocrx_word' id='word_1_79' title='bbox 641 1003 777 1083; x_wconf 90' lang='lat' dir='ltr'><strong>mentis,</strong></span> <span class='ocrx_word' id='word_1_80' title='bbox 800 1015 832 1071; x_wconf 92' lang='lat' dir='ltr'><strong>et</strong></span> <span class='ocrx_word' id='word_1_81' title='bbox 852 1002 1152 1091; x_wconf 78' lang='lat' dir='ltr'><strong>perturbationum</strong></span> <span class='ocrx_word' id='word_1_82' title='bbox 1168 1023 1252 1071; x_wconf 89' lang='lat' dir='ltr'><strong>coo-</strong></span> 
     </span>
     <span class='ocr_line' id='line_1_10' title="bbox 25 1089 1245 1174; baseline 0.004 -21"><span class='ocrx_word' id='word_1_83' title='bbox 25 1089 146 1174; x_wconf 84' lang='lat' dir='ltr'><strong>persione</strong></span> <span class='ocrx_word' id='word_1_84' title='bbox 171 1110 241 1158; x_wconf 93' lang='lat' dir='ltr'><strong>non</strong></span> <span class='ocrx_word' id='word_1_85' title='bbox 275 1102 363 1162; x_wconf 90' lang='lat' dir='ltr'><strong>esset</strong></span> <span class='ocrx_word' id='word_1_86' title='bbox 389 1090 433 1160; x_wconf 92' lang='lat' dir='ltr'><strong>ad</strong></span> <span class='ocrx_word' id='word_1_87' title='bbox 459 1112 511 1160; x_wconf 88' lang='lat' dir='ltr'><strong>res</strong></span> <span class='ocrx_word' id='word_1_88' title='bbox 539 1103 691 1161; x_wconf 87' lang='lat' dir='ltr'><strong>terrenas</strong></span> <span class='ocrx_word' id='word_1_89' title='bbox 714 1090 777 1160; x_wconf 93' lang='lat' dir='ltr'><strong>tibi</strong></span> <span class='ocrx_word' id='word_1_90' title='bbox 807 1103 1056 1159; x_wconf 91' lang='lat' dir='ltr'><strong>transmutatus</strong></span> <span class='ocrx_word' id='word_1_91' title='bbox 1080 1090 1245 1166; x_wconf 83' lang='lat' dir='ltr'><strong>animus.</strong></span> 
     </span>
     <span class='ocr_line' id='line_1_11' title="bbox 25 1177 1249 1260; baseline 0.003 -18"><span class='ocrx_word' id='word_1_92' title='bbox 25 1177 182 1246; x_wconf 76' lang='lat' dir='ltr'><strong>studerem</strong></span> <span class='ocrx_word' id='word_1_93' title='bbox 209 1178 288 1260; x_wconf 91' lang='lat' dir='ltr'><strong>tibi,</strong></span> <span class='ocrx_word' id='word_1_94' title='bbox 306 1179 400 1247; x_wconf 90' lang='lat' dir='ltr'><strong>hunc</strong></span> <span class='ocrx_word' id='word_1_95' title='bbox 424 1179 631 1249; x_wconf 71' lang='lat' dir='ltr'><strong>crucifixum</strong></span> <span class='ocrx_word' id='word_1_96' title='bbox 656 1201 775 1248; x_wconf 85' lang='lat' dir='ltr'><strong>verum</strong></span> <span class='ocrx_word' id='word_1_97' title='bbox 800 1201 873 1248; x_wconf 88' lang='lat' dir='ltr'><strong>asse</strong></span> <span class='ocrx_word' id='word_1_98' title='bbox 898 1190 1102 1248; x_wconf 79' lang='lat' dir='ltr'><strong>servatorem</strong></span> <span class='ocrx_word' id='word_1_99' title='bbox 1128 1191 1161 1248; x_wconf 90' lang='lat' dir='ltr'><strong>et</strong></span> <span class='ocrx_word' id='word_1_100' title='bbox 1186 1182 1249 1246; x_wconf 86' lang='lat' dir='ltr'><strong>Do-</strong></span> 
     </span>
     <span class='ocr_line' id='line_1_12' title="bbox 25 1263 1248 1357; baseline 0.005 -28"><span class='ocrx_word' id='word_1_101' title='bbox 25 1263 120 1346; x_wconf 81' lang='lat' dir='ltr'><strong>rinnn,</strong></span> <span class='ocrx_word' id='word_1_102' title='bbox 136 1279 168 1334; x_wconf 89' lang='lat' dir='ltr'><strong>et</strong></span> <span class='ocrx_word' id='word_1_103' title='bbox 184 1266 371 1337; x_wconf 85' lang='lat' dir='ltr'><strong>universae</strong></span> <span class='ocrx_word' id='word_1_104' title='bbox 388 1283 520 1337; x_wconf 81' lang='lat' dir='ltr'><strong>creatae</strong></span> <span class='ocrx_word' id='word_1_105' title='bbox 544 1282 687 1338; x_wconf 87' lang='lat' dir='ltr'><strong>naturae</strong></span> <span class='ocrx_word' id='word_1_106' title='bbox 711 1267 882 1357; x_wconf 82' lang='lat' dir='ltr'><strong>opificem,</strong></span> <span class='ocrx_word' id='word_1_107' title='bbox 905 1267 964 1356; x_wconf 92' lang='lat' dir='ltr'><strong>qui</strong></span> <span class='ocrx_word' id='word_1_108' title='bbox 984 1279 1035 1336; x_wconf 88' lang='lat' dir='ltr'><strong>est</strong></span> <span class='ocrx_word' id='word_1_109' title='bbox 1052 1289 1130 1336; x_wconf 91' lang='lat' dir='ltr'><strong>cum</strong></span> <span class='ocrx_word' id='word_1_110' title='bbox 1149 1271 1248 1336; x_wconf 86' lang='lat' dir='ltr'><strong>Patre</strong></span> 
     </span>
     <span class='ocr_line' id='line_1_13' title="bbox 26 1354 1250 1448; baseline 0.006 -31"><span class='ocrx_word' id='word_1_111' title='bbox 26 1365 66 1420; x_wconf 87' lang='lat' dir='ltr'><strong>nte</strong></span> <span class='ocrx_word' id='word_1_112' title='bbox 80 1354 194 1436; x_wconf 90' lang='lat' dir='ltr'><strong>secula,</strong></span> <span class='ocrx_word' id='word_1_113' title='bbox 222 1367 258 1424; x_wconf 92' lang='lat' dir='ltr'><strong>et</strong></span> <span class='ocrx_word' id='word_1_114' title='bbox 286 1355 452 1425; x_wconf 85' lang='lat' dir='ltr'><strong>ineffabili</strong></span> <span class='ocrx_word' id='word_1_115' title='bbox 478 1357 646 1447; x_wconf 89' lang='lat' dir='ltr'><strong>sapientia</strong></span> <span class='ocrx_word' id='word_1_116' title='bbox 671 1378 731 1447; x_wconf 89' lang='lat' dir='ltr'><strong>par</strong></span> <span class='ocrx_word' id='word_1_117' title='bbox 751 1357 1041 1448; x_wconf 79' lang='lat' dir='ltr'><strong>regenerationem</strong></span> <span class='ocrx_word' id='word_1_118' title='bbox 1072 1356 1250 1425; x_wconf 85' lang='lat' dir='ltr'><strong>suscitavit</strong></span> 
     </span>
     <span class='ocr_line' id='line_1_14' title="bbox 26 1443 496 1514; baseline 0.013 -8"><span class='ocrx_word' id='word_1_119' title='bbox 26 1455 122 1509; x_wconf 78' lang='lat' dir='ltr'><strong>datram</strong></span> <span class='ocrx_word' id='word_1_120' title='bbox 140 1443 459 1514; x_wconf 89' lang='lat' dir='ltr'><strong>mortificationem.</strong></span> <span class='ocrx_word' id='word_1_121' title='bbox 477 1468 496 1512; x_wconf 85' lang='lat'>»</span> 
     </span>
    </p>

    <p class='ocr_par' dir='ltr' id='par_1_3' title="bbox 25 1531 1252 3210">
     <span class='ocr_line' id='line_1_15' title="bbox 37 1531 1250 1614; baseline -0.001 -14"><span class='ocrx_word' id='word_1_122' title='bbox 37 1531 98 1614; x_wconf 68' lang='grc' dir='ltr'><strong>ξδ.</strong></span> <span class='ocrx_word' id='word_1_123' title='bbox 123 1535 204 1600; x_wconf 84' lang='lat' dir='ltr'><strong>Cum</strong></span> <span class='ocrx_word' id='word_1_124' title='bbox 224 1545 342 1603; x_wconf 90' lang='lat' dir='ltr'><strong>autem</strong></span> <span class='ocrx_word' id='word_1_125' title='bbox 361 1532 460 1604; x_wconf 86' lang='lat' dir='ltr'><strong>veliet</strong></span> <span class='ocrx_word' id='word_1_126' title='bbox 479 1532 593 1604; x_wconf 87' lang='lat' dir='ltr'><strong>adhuc</strong></span> <span class='ocrx_word' id='word_1_127' title='bbox 619 1537 765 1604; x_wconf 89' lang='lat' dir='ltr'><strong>Sanctus</strong></span> <span class='ocrx_word' id='word_1_128' title='bbox 779 1543 957 1602; x_wconf 82' lang='lat' dir='ltr'><strong>contexere</strong></span> <span class='ocrx_word' id='word_1_129' title='bbox 976 1531 1177 1612; x_wconf 90' lang='lat' dir='ltr'><strong>orationem,</strong></span> <span class='ocrx_word' id='word_1_130' title='bbox 1199 1531 1250 1599; x_wconf 89' lang='lat' dir='ltr'><strong>in-</strong></span> 
     </span>
     <span class='ocr_line' id='line_1_16' title="bbox 25 1619 1251 1708; baseline 0.006 -27"><span class='ocrx_word' id='word_1_131' title='bbox 25 1637 187 1708; x_wconf 86' lang='lat' dir='ltr'><strong>arumpens</strong></span> <span class='ocrx_word' id='word_1_132' title='bbox 212 1621 303 1690; x_wconf 83' lang='lat' dir='ltr'><strong>dixit</strong></span> <span class='ocrx_word' id='word_1_133' title='bbox 325 1627 395 1690; x_wconf 83' lang='lat' dir='ltr'><strong>Dur</strong></span> <span class='ocrx_word' id='word_1_134' title='bbox 420 1622 628 1692; x_wconf 78' lang='lat' dir='ltr'><strong>sceleratus:</strong></span> <span class='ocrx_word' id='word_1_135' title='bbox 656 1621 846 1691; x_wconf 81' lang='lat' dir='ltr'><strong>«Funibus</strong></span> <span class='ocrx_word' id='word_1_136' title='bbox 863 1622 896 1689; x_wconf 93' lang='lat' dir='ltr'><strong>in</strong></span> <span class='ocrx_word' id='word_1_137' title='bbox 916 1621 1028 1690; x_wconf 82' lang='lat' dir='ltr'><strong>a&#39;a&#39;rem</strong></span> <span class='ocrx_word' id='word_1_138' title='bbox 1046 1619 1176 1689; x_wconf 85' lang='lat' dir='ltr'><strong>feratur</strong></span> <span class='ocrx_word' id='word_1_139' title='bbox 1194 1619 1251 1688; x_wconf 86' lang='lat' dir='ltr'><strong>hic</strong></span> 
     </span>
     <span class='ocr_line' id='line_1_17' title="bbox 25 1703 1251 1809; baseline 0.005 -37"><span class='ocrx_word' id='word_1_140' title='bbox 25 1703 42 1772; x_wconf 90' lang='lat' dir='ltr'><strong>ir</strong></span> <span class='ocrx_word' id='word_1_141' title='bbox 61 1729 260 1795; x_wconf 84' lang='lat' dir='ltr'><strong>generosus:</strong></span> <span class='ocrx_word' id='word_1_142' title='bbox 294 1709 387 1800; x_wconf 88' lang='lat' dir='ltr'><strong>ignis</strong></span> <span class='ocrx_word' id='word_1_143' title='bbox 414 1724 527 1780; x_wconf 90' lang='lat' dir='ltr'><strong>autem</strong></span> <span class='ocrx_word' id='word_1_144' title='bbox 553 1710 732 1801; x_wconf 88' lang='lat' dir='ltr'><strong>congeries</strong></span> <span class='ocrx_word' id='word_1_145' title='bbox 755 1731 900 1780; x_wconf 87' lang='lat' dir='ltr'><strong>accensa</strong></span> <span class='ocrx_word' id='word_1_146' title='bbox 929 1710 1153 1778; x_wconf 87' lang='lat' dir='ltr'><strong>admoveatur</strong></span> <span class='ocrx_word' id='word_1_147' title='bbox 1176 1709 1251 1809; x_wconf 69' lang='lat' dir='ltr'><strong>eins</strong></span> 
     </span>
     <span class='ocr_line' id='line_1_18' title="bbox 25 1797 1252 1887; baseline 0.004 -27"><span class='ocrx_word' id='word_1_148' title='bbox 25 1797 165 1866; x_wconf 74' lang='lat' dir='ltr'><strong>erroribus</strong></span> <span class='ocrx_word' id='word_1_149' title='bbox 179 1798 224 1867; x_wconf 90' lang='lat' dir='ltr'><strong>ad</strong></span> <span class='ocrx_word' id='word_1_150' title='bbox 240 1801 320 1880; x_wconf 90' lang='lat' dir='ltr'><strong>boc,</strong></span> <span class='ocrx_word' id='word_1_151' title='bbox 334 1811 373 1867; x_wconf 96' lang='lat' dir='ltr'><strong>ut</strong></span> <span class='ocrx_word' id='word_1_152' title='bbox 385 1801 645 1870; x_wconf 84' lang='lat' dir='ltr'><strong>comburantur.</strong></span> <span class='ocrx_word' id='word_1_153' title='bbox 663 1804 774 1887; x_wconf 88' lang='lat' dir='ltr'><strong>Supra</strong></span> <span class='ocrx_word' id='word_1_154' title='bbox 792 1798 954 1868; x_wconf 89' lang='lat' dir='ltr'><strong>humeros</strong></span> <span class='ocrx_word' id='word_1_155' title='bbox 975 1819 1053 1867; x_wconf 88' lang='lat' dir='ltr'><strong>vero</strong></span> <span class='ocrx_word' id='word_1_156' title='bbox 1071 1797 1252 1887; x_wconf 82' lang='lat' dir='ltr'><strong>tripliciter</strong></span> 
     </span>
     <span class='ocr_line' id='line_1_19' title="bbox 25 1885 1251 1977; baseline 0.004 -28"><span class='ocrx_word' id='word_1_157' title='bbox 25 1885 188 1975; x_wconf 89' lang='lat' dir='ltr'><strong>aoimpetu</strong></span> <span class='ocrx_word' id='word_1_158' title='bbox 205 1887 539 1977; x_wconf 83' lang='lat' dir='ltr'><strong>virgisverberetur,</strong></span> <span class='ocrx_word' id='word_1_159' title='bbox 567 1901 604 1957; x_wconf 91' lang='lat' dir='ltr'><strong>ut</strong></span> <span class='ocrx_word' id='word_1_160' title='bbox 627 1887 780 1956; x_wconf 86' lang='lat' dir='ltr'><strong>oratione</strong></span> <span class='ocrx_word' id='word_1_161' title='bbox 806 1886 984 1956; x_wconf 88' lang='lat' dir='ltr'><strong>nobiscum</strong></span> <span class='ocrx_word' id='word_1_162' title='bbox 1010 1886 1160 1955; x_wconf 88' lang='lat' dir='ltr'><strong>decertet</strong></span> <span class='ocrx_word' id='word_1_163' title='bbox 1182 1885 1251 1954; x_wconf 88' lang='lat' dir='ltr'><strong>eie-</strong></span> 
     </span>
     <span class='ocr_line' id='line_1_20' title="bbox 25 1974 1250 2055; baseline 0.003 -18"><span class='ocrx_word' id='word_1_164' title='bbox 25 1974 155 2042; x_wconf 83' lang='lat' dir='ltr'><strong>antius.»</strong></span> <span class='ocrx_word' id='word_1_165' title='bbox 181 1981 269 2045; x_wconf 85' lang='lat' dir='ltr'><strong>Cum</strong></span> <span class='ocrx_word' id='word_1_166' title='bbox 304 1976 368 2044; x_wconf 90' lang='lat' dir='ltr'><strong>boc</strong></span> <span class='ocrx_word' id='word_1_167' title='bbox 396 1988 508 2045; x_wconf 88' lang='lat' dir='ltr'><strong>autem</strong></span> <span class='ocrx_word' id='word_1_168' title='bbox 539 1977 668 2046; x_wconf 84' lang='lat' dir='ltr'><strong>iactum</strong></span> <span class='ocrx_word' id='word_1_169' title='bbox 695 1988 794 2055; x_wconf 90' lang='lat' dir='ltr'><strong>esset,</strong></span> <span class='ocrx_word' id='word_1_170' title='bbox 815 1988 846 2046; x_wconf 90' lang='lat' dir='ltr'><strong>et</strong></span> <span class='ocrx_word' id='word_1_171' title='bbox 872 1975 990 2045; x_wconf 83' lang='lat' dir='ltr'><strong>multis</strong></span> <span class='ocrx_word' id='word_1_172' title='bbox 1017 1975 1111 2044; x_wconf 88' lang='lat' dir='ltr'><strong>boris</strong></span> <span class='ocrx_word' id='word_1_173' title='bbox 1136 1975 1250 2043; x_wconf 89' lang='lat' dir='ltr'><strong>Sancti</strong></span> 
     </span>
     <span class='ocr_line' id='line_1_21' title="bbox 25 2057 1249 2155; baseline 0.004 -30"><span class='ocrx_word' id='word_1_174' title='bbox 25 2057 105 2130; x_wconf 88' lang='lat' dir='ltr'><strong>derne</strong></span> <span class='ocrx_word' id='word_1_175' title='bbox 120 2065 248 2134; x_wconf 80' lang='lat' dir='ltr'><strong>uiscera</strong></span> <span class='ocrx_word' id='word_1_176' title='bbox 265 2077 301 2134; x_wconf 90' lang='lat' dir='ltr'><strong>et</strong></span> <span class='ocrx_word' id='word_1_177' title='bbox 319 2077 434 2134; x_wconf 88' lang='lat' dir='ltr'><strong>venter</strong></span> <span class='ocrx_word' id='word_1_178' title='bbox 453 2065 494 2133; x_wconf 93' lang='lat' dir='ltr'><strong>ab</strong></span> <span class='ocrx_word' id='word_1_179' title='bbox 520 2065 598 2155; x_wconf 91' lang='lat' dir='ltr'><strong>igne</strong></span> <span class='ocrx_word' id='word_1_180' title='bbox 618 2063 791 2133; x_wconf 88' lang='lat' dir='ltr'><strong>substrato</strong></span> <span class='ocrx_word' id='word_1_181' title='bbox 810 2066 1083 2144; x_wconf 88' lang='lat' dir='ltr'><strong>combureretur,</strong></span> <span class='ocrx_word' id='word_1_182' title='bbox 1102 2073 1135 2132; x_wconf 90' lang='lat' dir='ltr'><strong>et</strong></span> <span class='ocrx_word' id='word_1_183' title='bbox 1152 2083 1249 2130; x_wconf 90' lang='lat' dir='ltr'><strong>acer-</strong></span> 
     </span>
     <span class='ocr_line' id='line_1_22' title="bbox 25 2145 1251 2243; baseline 0.006 -31"><span class='ocrx_word' id='word_1_184' title='bbox 25 2145 129 2219; x_wconf 89' lang='lat' dir='ltr'><strong>issimis</strong></span> <span class='ocrx_word' id='word_1_185' title='bbox 144 2153 258 2243; x_wconf 86' lang='lat' dir='ltr'><strong>plagis</strong></span> <span class='ocrx_word' id='word_1_186' title='bbox 275 2153 353 2242; x_wconf 87' lang='lat' dir='ltr'><strong>ejus</strong></span> <span class='ocrx_word' id='word_1_187' title='bbox 378 2165 510 2242; x_wconf 87' lang='lat' dir='ltr'><strong>tergum</strong></span> <span class='ocrx_word' id='word_1_188' title='bbox 529 2153 634 2243; x_wconf 88' lang='lat' dir='ltr'><strong>virgis</strong></span> <span class='ocrx_word' id='word_1_189' title='bbox 660 2152 902 2242; x_wconf 83' lang='lat' dir='ltr'><strong>flagellaretur,</strong></span> <span class='ocrx_word' id='word_1_190' title='bbox 925 2151 1019 2221; x_wconf 87' lang='lat' dir='ltr'><strong>nuiia</strong></span> <span class='ocrx_word' id='word_1_191' title='bbox 1038 2173 1099 2220; x_wconf 83' lang='lat' dir='ltr'><strong>vox</strong></span> <span class='ocrx_word' id='word_1_192' title='bbox 1116 2151 1251 2220; x_wconf 86' lang='lat' dir='ltr'><strong>emitte·</strong></span> 
     </span>
     <span class='ocr_line' id='line_1_23' title="bbox 25 2240 1251 2332; baseline 0.005 -30"><span class='ocrx_word' id='word_1_193' title='bbox 25 2247 99 2306; x_wconf 88' lang='lat' dir='ltr'><strong>atur:</strong></span> <span class='ocrx_word' id='word_1_194' title='bbox 122 2240 176 2309; x_wconf 87' lang='lat' dir='ltr'><strong>sed</strong></span> <span class='ocrx_word' id='word_1_195' title='bbox 206 2263 321 2329; x_wconf 90' lang='lat' dir='ltr'><strong>neque</strong></span> <span class='ocrx_word' id='word_1_196' title='bbox 337 2240 409 2311; x_wconf 86' lang='lat' dir='ltr'><strong>ulia</strong></span> <span class='ocrx_word' id='word_1_197' title='bbox 427 2242 541 2312; x_wconf 89' lang='lat' dir='ltr'><strong>vuitus</strong></span> <span class='ocrx_word' id='word_1_198' title='bbox 558 2241 745 2332; x_wconf 82' lang='lat' dir='ltr'><strong>apparebat</strong></span> <span class='ocrx_word' id='word_1_199' title='bbox 761 2242 915 2321; x_wconf 88' lang='lat' dir='ltr'><strong>mutatio,</strong></span> <span class='ocrx_word' id='word_1_200' title='bbox 934 2241 1098 2328; x_wconf 88' lang='lat' dir='ltr'><strong>cernique</strong></span> <span class='ocrx_word' id='word_1_201' title='bbox 1119 2251 1251 2328; x_wconf 90' lang='lat' dir='ltr'><strong>poterat</strong></span> 
     </span>
     <span class='ocr_line' id='line_1_24' title="bbox 25 2329 1251 2420; baseline 0.005 -30"><span class='ocrx_word' id='word_1_202' title='bbox 25 2329 151 2415; x_wconf 85' lang='lat' dir='ltr'><strong>tconjici‚</strong></span> <span class='ocrx_word' id='word_1_203' title='bbox 170 2331 264 2418; x_wconf 88' lang='lat' dir='ltr'><strong>quod</strong></span> <span class='ocrx_word' id='word_1_204' title='bbox 287 2332 320 2398; x_wconf 93' lang='lat' dir='ltr'><strong>in</strong></span> <span class='ocrx_word' id='word_1_205' title='bbox 340 2329 452 2400; x_wconf 82' lang='lat' dir='ltr'><strong>alieno</strong></span> <span class='ocrx_word' id='word_1_206' title='bbox 479 2351 622 2420; x_wconf 89' lang='lat' dir='ltr'><strong>corpore</strong></span> <span class='ocrx_word' id='word_1_207' title='bbox 649 2329 788 2400; x_wconf 91' lang='lat' dir='ltr'><strong>subibat</strong></span> <span class='ocrx_word' id='word_1_208' title='bbox 816 2329 1039 2418; x_wconf 83' lang='lat' dir='ltr'><strong>supplicium.</strong></span> <span class='ocrx_word' id='word_1_209' title='bbox 1068 2334 1251 2417; x_wconf 86' lang='lat' dir='ltr'><strong>Propterea</strong></span> 
     </span>
     <span class='ocr_line' id='line_1_25' title="bbox 25 2409 1249 2509; baseline 0.006 -32"><span class='ocrx_word' id='word_1_210' title='bbox 25 2409 227 2504; x_wconf 86' lang='lat' dir='ltr'><strong>bstupeiactus</strong></span> <span class='ocrx_word' id='word_1_211' title='bbox 252 2417 442 2488; x_wconf 82' lang='lat' dir='ltr'><strong>sceleratus</strong></span> <span class='ocrx_word' id='word_1_212' title='bbox 457 2418 576 2502; x_wconf 79' lang='lat' dir='ltr'><strong>iudex,</strong></span> <span class='ocrx_word' id='word_1_213' title='bbox 605 2419 657 2487; x_wconf 85' lang='lat' dir='ltr'><strong>vir</strong></span> <span class='ocrx_word' id='word_1_214' title='bbox 675 2417 810 2489; x_wconf 92' lang='lat' dir='ltr'><strong>tandem</strong></span> <span class='ocrx_word' id='word_1_215' title='bbox 830 2419 936 2509; x_wconf 88' lang='lat' dir='ltr'><strong>jussit</strong></span> <span class='ocrx_word' id='word_1_216' title='bbox 960 2439 1039 2488; x_wconf 92' lang='lat' dir='ltr'><strong>eum</strong></span> <span class='ocrx_word' id='word_1_217' title='bbox 1067 2417 1249 2486; x_wconf 82' lang='lat' dir='ltr'><strong>relaxaria</strong></span> 
     </span>
     <span class='ocr_line' id='line_1_26' title="bbox 25 2505 1248 2588; baseline 0.003 -20"><span class='ocrx_word' id='word_1_218' title='bbox 25 2519 152 2584; x_wconf 78' lang='lat' dir='ltr'><strong>armento,</strong></span> <span class='ocrx_word' id='word_1_219' title='bbox 170 2521 203 2578; x_wconf 92' lang='lat' dir='ltr'><strong>et</strong></span> <span class='ocrx_word' id='word_1_220' title='bbox 228 2507 329 2578; x_wconf 82' lang='lat' dir='ltr'><strong>vultu</strong></span> <span class='ocrx_word' id='word_1_221' title='bbox 354 2506 558 2588; x_wconf 89' lang='lat' dir='ltr'><strong>subridens,</strong></span> <span class='ocrx_word' id='word_1_222' title='bbox 587 2507 692 2576; x_wconf 82' lang='lat' dir='ltr'><strong>dixit:</strong></span> <span class='ocrx_word' id='word_1_223' title='bbox 719 2505 916 2587; x_wconf 83' lang='lat' dir='ltr'><strong>«Quisnam</strong></span> <span class='ocrx_word' id='word_1_224' title='bbox 946 2517 1027 2576; x_wconf 90' lang='lat' dir='ltr'><strong>tuus</strong></span> <span class='ocrx_word' id='word_1_225' title='bbox 1044 2517 1094 2575; x_wconf 88' lang='lat' dir='ltr'><strong>est</strong></span> <span class='ocrx_word' id='word_1_226' title='bbox 1112 2525 1248 2584; x_wconf 87' lang='lat' dir='ltr'><strong>sensus,</strong></span> 
     </span>
     <span class='ocr_line' id='line_1_27' title="bbox 25 2593 1249 2686; baseline 0.005 -30"><span class='ocrx_word' id='word_1_227' title='bbox 25 2593 183 2686; x_wconf 28' lang='lat' dir='ltr'><strong>iliustrati?</strong></span> <span class='ocrx_word' id='word_1_228' title='bbox 207 2597 266 2664; x_wconf 86' lang='lat' dir='ltr'><strong>Vis</strong></span> <span class='ocrx_word' id='word_1_229' title='bbox 286 2617 425 2686; x_wconf 88' lang='lat' dir='ltr'><strong>parvam</strong></span> <span class='ocrx_word' id='word_1_230' title='bbox 446 2595 597 2683; x_wconf 83' lang='lat' dir='ltr'><strong>aliquam</strong></span> <span class='ocrx_word' id='word_1_231' title='bbox 617 2595 718 2666; x_wconf 83' lang='lat' dir='ltr'><strong>aliam</strong></span> <span class='ocrx_word' id='word_1_232' title='bbox 744 2595 804 2664; x_wconf 93' lang='lat' dir='ltr'><strong>tibi</strong></span> <span class='ocrx_word' id='word_1_233' title='bbox 823 2594 993 2685; x_wconf 89' lang='lat' dir='ltr'><strong>impositis</strong></span> <span class='ocrx_word' id='word_1_234' title='bbox 1017 2594 1127 2684; x_wconf 90' lang='lat' dir='ltr'><strong>plagis</strong></span> <span class='ocrx_word' id='word_1_235' title='bbox 1151 2614 1249 2662; x_wconf 84' lang='lat' dir='ltr'><strong>erco-</strong></span> 
     </span>
     <span class='ocr_line' id='line_1_28' title="bbox 25 2682 1250 2773; baseline 0.006 -29"><span class='ocrx_word' id='word_1_236' title='bbox 25 2689 84 2773; x_wconf 74' lang='lat' dir='ltr'><strong>:rtem</strong></span> <span class='ocrx_word' id='word_1_237' title='bbox 103 2682 420 2755; x_wconf 63' lang='lat' dir='ltr'><strong>delectationem»</strong></span> <span class='ocrx_word' id='word_1_238' title='bbox 446 2689 590 2754; x_wconf 88' lang='lat' dir='ltr'><strong>Sanctus</strong></span> <span class='ocrx_word' id='word_1_239' title='bbox 614 2685 660 2753; x_wconf 89' lang='lat' dir='ltr'><strong>ait</strong></span> <span class='ocrx_word' id='word_1_240' title='bbox 686 2684 898 2753; x_wconf 82' lang='lat' dir='ltr'><strong>Eustratius:</strong></span> <span class='ocrx_word' id='word_1_241' title='bbox 926 2683 1117 2752; x_wconf 82' lang='lat' dir='ltr'><strong>«Maxime.</strong></span> <span class='ocrx_word' id='word_1_242' title='bbox 1138 2704 1156 2748; x_wconf 79' lang='lat' dir='ltr'><strong>a</strong></span> <span class='ocrx_word' id='word_1_243' title='bbox 1177 2686 1250 2751; x_wconf 85' lang='lat' dir='ltr'><strong>Dux</strong></span> 
     </span>
     <span class='ocr_line' id='line_1_29' title="bbox 25 2769 1250 2863; baseline 0.009 -33"><span class='ocrx_word' id='word_1_244' title='bbox 25 2769 89 2834; x_wconf 71' lang='lat' dir='ltr'><strong>tuit:</strong></span> <span class='ocrx_word' id='word_1_245' title='bbox 113 2794 128 2836; x_wconf 83' lang='lat' dir='ltr'><strong>a</strong></span> <span class='ocrx_word' id='word_1_246' title='bbox 146 2775 319 2855; x_wconf 84' lang='lat' dir='ltr'><strong>Quoniam</strong></span> <span class='ocrx_word' id='word_1_247' title='bbox 337 2793 417 2863; x_wconf 82' lang='lat' dir='ltr'><strong>ergo</strong></span> <span class='ocrx_word' id='word_1_248' title='bbox 432 2794 520 2859; x_wconf 88' lang='lat' dir='ltr'><strong>quae</strong></span> <span class='ocrx_word' id='word_1_249' title='bbox 537 2773 632 2842; x_wconf 84' lang='lat' dir='ltr'><strong>vobis</strong></span> <span class='ocrx_word' id='word_1_250' title='bbox 657 2771 803 2862; x_wconf 82' lang='lat' dir='ltr'><strong>placent,</strong></span> <span class='ocrx_word' id='word_1_251' title='bbox 826 2794 845 2840; x_wconf 93' lang='lat' dir='ltr'><strong>a</strong></span> <span class='ocrx_word' id='word_1_252' title='bbox 861 2784 991 2843; x_wconf 87' lang='lat' dir='ltr'><strong>tacente</strong></span> <span class='ocrx_word' id='word_1_253' title='bbox 1010 2770 1068 2840; x_wconf 89' lang='lat' dir='ltr'><strong>ilio</strong></span> <span class='ocrx_word' id='word_1_254' title='bbox 1093 2783 1174 2840; x_wconf 89' lang='lat' dir='ltr'><strong>sunt</strong></span> <span class='ocrx_word' id='word_1_255' title='bbox 1189 2792 1250 2860; x_wconf 86' lang='lat' dir='ltr'><strong>ap·</strong></span> 
     </span>
     <span class='ocr_line' id='line_1_30' title="bbox 25 2855 1250 2951; baseline 0.005 -30"><span class='ocrx_word' id='word_1_256' title='bbox 25 2855 127 2940; x_wconf 87' lang='lat' dir='ltr'><strong>robata,</strong></span> <span class='ocrx_word' id='word_1_257' title='bbox 135 2861 239 2951; x_wconf 91' lang='lat' dir='ltr'><strong>jubeo</strong></span> <span class='ocrx_word' id='word_1_258' title='bbox 255 2861 406 2931; x_wconf 92' lang='lat' dir='ltr'><strong>muriam</strong></span> <span class='ocrx_word' id='word_1_259' title='bbox 419 2873 512 2932; x_wconf 87' lang='lat' dir='ltr'><strong>aceto</strong></span> <span class='ocrx_word' id='word_1_260' title='bbox 525 2872 813 2950; x_wconf 85' lang='lat' dir='ltr'><strong>contemperatam</strong></span> <span class='ocrx_word' id='word_1_261' title='bbox 831 2882 954 2950; x_wconf 85' lang='lat' dir='ltr'><strong>magno</strong></span> <span class='ocrx_word' id='word_1_262' title='bbox 970 2861 1097 2930; x_wconf 81' lang='lat' dir='ltr'><strong>fluento</strong></span> <span class='ocrx_word' id='word_1_263' title='bbox 1110 2859 1250 2929; x_wconf 76' lang='lat' dir='ltr'><strong>infundi</strong></span> 
     </span>
     <span class='ocr_line' id='line_1_31' title="bbox 25 2946 1251 3041; baseline 0.008 -33"><span class='ocrx_word' id='word_1_264' title='bbox 25 2946 138 3018; x_wconf 86' lang='lat' dir='ltr'><strong>aembris</strong></span> <span class='ocrx_word' id='word_1_265' title='bbox 155 2951 232 3041; x_wconf 85' lang='lat' dir='ltr'><strong>igne</strong></span> <span class='ocrx_word' id='word_1_266' title='bbox 249 2950 455 3030; x_wconf 88' lang='lat' dir='ltr'><strong>combustis,</strong></span> <span class='ocrx_word' id='word_1_267' title='bbox 475 2963 507 3019; x_wconf 90' lang='lat' dir='ltr'><strong>ct</strong></span> <span class='ocrx_word' id='word_1_268' title='bbox 527 2951 637 3020; x_wconf 90' lang='lat' dir='ltr'><strong>acutis</strong></span> <span class='ocrx_word' id='word_1_269' title='bbox 654 2949 748 3018; x_wconf 88' lang='lat' dir='ltr'><strong>testis</strong></span> <span class='ocrx_word' id='word_1_270' title='bbox 764 2947 893 3018; x_wconf 81' lang='lat' dir='ltr'><strong>sortirer</strong></span> <span class='ocrx_word' id='word_1_271' title='bbox 907 2949 938 3016; x_wconf 91' lang='lat' dir='ltr'><strong>ei</strong></span> <span class='ocrx_word' id='word_1_272' title='bbox 955 2947 1116 3030; x_wconf 81' lang='lat' dir='ltr'><strong>effricari,</strong></span> <span class='ocrx_word' id='word_1_273' title='bbox 1140 2948 1251 3018; x_wconf 90' lang='lat' dir='ltr'><strong>donec</strong></span> 
     </span>
     <span class='ocr_line' id='line_1_32' title="bbox 25 3035 1252 3128; baseline 0.007 -30"><span class='ocrx_word' id='word_1_274' title='bbox 25 3047 145 3107; x_wconf 77' lang='lat' dir='ltr'><strong>inostro</strong></span> <span class='ocrx_word' id='word_1_275' title='bbox 169 3038 365 3108; x_wconf 88' lang='lat' dir='ltr'><strong>ministerio</strong></span> <span class='ocrx_word' id='word_1_276' title='bbox 388 3059 519 3120; x_wconf 90' lang='lat' dir='ltr'><strong>eorum,</strong></span> <span class='ocrx_word' id='word_1_277' title='bbox 551 3059 639 3126; x_wconf 90' lang='lat' dir='ltr'><strong>quae</strong></span> <span class='ocrx_word' id='word_1_278' title='bbox 667 3049 747 3106; x_wconf 91' lang='lat' dir='ltr'><strong>sunt</strong></span> <span class='ocrx_word' id='word_1_279' title='bbox 771 3035 941 3124; x_wconf 89' lang='lat' dir='ltr'><strong>jucunda,</strong></span> <span class='ocrx_word' id='word_1_280' title='bbox 969 3037 1120 3128; x_wconf 81' lang='lat' dir='ltr'><strong>plurimo</strong></span> <span class='ocrx_word' id='word_1_281' title='bbox 1146 3059 1252 3108; x_wconf 89' lang='lat' dir='ltr'><strong>sensu</strong></span> 
     </span>
     <span class='ocr_line' id='line_1_33' title="bbox 25 3125 465 3210; baseline 0.025 -27"><span class='ocrx_word' id='word_1_282' title='bbox 25 3137 133 3210; x_wconf 80' lang='lat' dir='ltr'><strong>erupto</strong></span> <span class='ocrx_word' id='word_1_283' title='bbox 149 3129 299 3198; x_wconf 88' lang='lat' dir='ltr'><strong>satiatus</strong></span> <span class='ocrx_word' id='word_1_284' title='bbox 315 3125 430 3196; x_wconf 81' lang='lat' dir='ltr'><strong>inerit.</strong></span> <span class='ocrx_word' id='word_1_285' title='bbox 448 3149 465 3194; x_wconf 75' lang='lat' dir='ltr'><strong>a</strong></span> 
     </span>
    </p>

    <p class='ocr_par' dir='ltr' id='par_1_4' title="bbox 25 3209 1255 4458">
     <span class='ocr_line' id='line_1_34' title="bbox 41 3209 1251 3306; baseline -0.001 -25"><span class='ocrx_word' id='word_1_286' title='bbox 41 3209 55 3294; x_wconf 69' lang='lat' dir='ltr'><strong>d</strong></span> <span class='ocrx_word' id='word_1_287' title='bbox 72 3215 111 3283; x_wconf 75' lang='grc'><strong>9.</strong></span> <span class='ocrx_word' id='word_1_288' title='bbox 136 3221 217 3286; x_wconf 83' lang='lat' dir='ltr'><strong>Cum</strong></span> <span class='ocrx_word' id='word_1_289' title='bbox 238 3237 370 3306; x_wconf 84' lang='lat' dir='ltr'><strong>magna</strong></span> <span class='ocrx_word' id='word_1_290' title='bbox 386 3226 498 3285; x_wconf 90' lang='lat' dir='ltr'><strong>antem</strong></span> <span class='ocrx_word' id='word_1_291' title='bbox 516 3214 687 3286; x_wconf 79' lang='lat' dir='ltr'><strong>celeritate</strong></span> <span class='ocrx_word' id='word_1_292' title='bbox 697 3235 736 3284; x_wconf 89' lang='lat' dir='ltr'><strong>ao</strong></span> <span class='ocrx_word' id='word_1_293' title='bbox 752 3235 890 3302; x_wconf 85' lang='lat' dir='ltr'><strong>quoque</strong></span> <span class='ocrx_word' id='word_1_294' title='bbox 905 3213 935 3283; x_wconf 90' lang='lat' dir='ltr'><strong>ei</strong></span> <span class='ocrx_word' id='word_1_295' title='bbox 953 3213 1056 3283; x_wconf 88' lang='lat' dir='ltr'><strong>aliato</strong></span> <span class='ocrx_word' id='word_1_296' title='bbox 1070 3224 1251 3292; x_wconf 88' lang='lat' dir='ltr'><strong>tormento,</strong></span> 
     </span>
     <span class='ocr_line' id='line_1_35' title="bbox 25 3297 1250 3389; baseline 0.007 -30"><span class='ocrx_word' id='word_1_297' title='bbox 25 3297 97 3368; x_wconf 91' lang='lat' dir='ltr'><strong>adem</strong></span> <span class='ocrx_word' id='word_1_298' title='bbox 118 3326 199 3374; x_wconf 90' lang='lat' dir='ltr'><strong>usus</strong></span> <span class='ocrx_word' id='word_1_299' title='bbox 222 3318 276 3374; x_wconf 87' lang='lat' dir='ltr'><strong>est</strong></span> <span class='ocrx_word' id='word_1_300' title='bbox 307 3305 498 3374; x_wconf 90' lang='lat' dir='ltr'><strong>constantia</strong></span> <span class='ocrx_word' id='word_1_301' title='bbox 522 3317 555 3373; x_wconf 90' lang='lat' dir='ltr'><strong>et</strong></span> <span class='ocrx_word' id='word_1_302' title='bbox 578 3303 684 3373; x_wconf 90' lang='lat' dir='ltr'><strong>animi</strong></span> <span class='ocrx_word' id='word_1_303' title='bbox 706 3302 916 3382; x_wconf 82' lang='lat' dir='ltr'><strong>fortitudine,</strong></span> <span class='ocrx_word' id='word_1_304' title='bbox 947 3313 980 3372; x_wconf 91' lang='lat' dir='ltr'><strong>et</strong></span> <span class='ocrx_word' id='word_1_305' title='bbox 1008 3323 1117 3389; x_wconf 88' lang='lat' dir='ltr'><strong>neque</strong></span> <span class='ocrx_word' id='word_1_306' title='bbox 1141 3300 1250 3383; x_wconf 82' lang='lat' dir='ltr'><strong>ullus,</strong></span> 
     </span>
     <span class='ocr_line' id='line_1_36' title="bbox 25 3389 1253 3489; baseline 0.002 -35"><span class='ocrx_word' id='word_1_307' title='bbox 25 3393 194 3464; x_wconf 86' lang='lat' dir='ltr'><strong>uantumvis</strong></span> <span class='ocrx_word' id='word_1_308' title='bbox 219 3393 321 3472; x_wconf 83' lang='lat' dir='ltr'><strong>ieris,</strong></span> <span class='ocrx_word' id='word_1_309' title='bbox 344 3394 492 3482; x_wconf 83' lang='lat' dir='ltr'><strong>gemitus</strong></span> <span class='ocrx_word' id='word_1_310' title='bbox 517 3392 723 3462; x_wconf 90' lang='lat' dir='ltr'><strong>audiebatur</strong></span> <span class='ocrx_word' id='word_1_311' title='bbox 745 3393 866 3460; x_wconf 87' lang='lat' dir='ltr'><strong>emitti.</strong></span> <span class='ocrx_word' id='word_1_312' title='bbox 894 3395 962 3461; x_wconf 82' lang='lat' dir='ltr'><strong>Dux</strong></span> <span class='ocrx_word' id='word_1_313' title='bbox 987 3389 1090 3460; x_wconf 83' lang='lat' dir='ltr'><strong>dixit:</strong></span> <span class='ocrx_word' id='word_1_314' title='bbox 1122 3393 1253 3489; x_wconf 79' lang='lat' dir='ltr'><strong>‹Tam-</strong></span> 
     </span>
     <span class='ocr_line' id='line_1_37' title="bbox 25 3477 1251 3571; baseline -0.006 -19"><span class='ocrx_word' id='word_1_315' title='bbox 25 3491 85 3552; x_wconf 83' lang='lat' dir='ltr'><strong>ban</strong></span> <span class='ocrx_word' id='word_1_316' title='bbox 108 3482 139 3549; x_wconf 88' lang='lat' dir='ltr'><strong>io</strong></span> <span class='ocrx_word' id='word_1_317' title='bbox 160 3504 262 3554; x_wconf 89' lang='lat' dir='ltr'><strong>scena</strong></span> <span class='ocrx_word' id='word_1_318' title='bbox 283 3482 563 3571; x_wconf 89' lang='lat' dir='ltr'><strong>superstitionem</strong></span> <span class='ocrx_word' id='word_1_319' title='bbox 590 3492 736 3552; x_wconf 88' lang='lat' dir='ltr'><strong>ostentat</strong></span> <span class='ocrx_word' id='word_1_320' title='bbox 759 3493 791 3550; x_wconf 93' lang='lat' dir='ltr'><strong>et</strong></span> <span class='ocrx_word' id='word_1_321' title='bbox 806 3481 913 3570; x_wconf 89' lang='lat' dir='ltr'><strong>jactat</strong></span> <span class='ocrx_word' id='word_1_322' title='bbox 934 3479 1012 3561; x_wconf 89' lang='lat' dir='ltr'><strong>hio,</strong></span> <span class='ocrx_word' id='word_1_323' title='bbox 1043 3480 1132 3549; x_wconf 90' lang='lat' dir='ltr'><strong>sicut</strong></span> <span class='ocrx_word' id='word_1_324' title='bbox 1155 3477 1251 3556; x_wconf 83' lang='lat' dir='ltr'><strong>droit,</strong></span> 
     </span>
     <span class='ocr_line' id='line_1_38' title="bbox 28 3559 1254 3662; baseline 0.007 -37"><span class='ocrx_word' id='word_1_325' title='bbox 28 3559 103 3633; x_wconf 88' lang='lat' dir='ltr'><strong>thieta</strong></span> <span class='ocrx_word' id='word_1_326' title='bbox 119 3571 291 3640; x_wconf 81' lang='lat' dir='ltr'><strong>Crucifiri.</strong></span> <span class='ocrx_word' id='word_1_327' title='bbox 311 3575 408 3640; x_wconf 87' lang='lat' dir='ltr'><strong>Nunc</strong></span> <span class='ocrx_word' id='word_1_328' title='bbox 428 3592 508 3662; x_wconf 93' lang='lat' dir='ltr'><strong>ergo</strong></span> <span class='ocrx_word' id='word_1_329' title='bbox 525 3569 628 3652; x_wconf 90' lang='lat' dir='ltr'><strong>dicat,</strong></span> <span class='ocrx_word' id='word_1_330' title='bbox 647 3571 675 3639; x_wconf 91' lang='lat' dir='ltr'><strong>si</strong></span> <span class='ocrx_word' id='word_1_331' title='bbox 692 3591 751 3659; x_wconf 85' lang='lat' dir='ltr'><strong>per</strong></span> <span class='ocrx_word' id='word_1_332' title='bbox 768 3569 851 3640; x_wconf 88' lang='lat' dir='ltr'><strong>baec</strong></span> <span class='ocrx_word' id='word_1_333' title='bbox 876 3569 1074 3659; x_wconf 77' lang='lat' dir='ltr'><strong>castigatae,</strong></span> <span class='ocrx_word' id='word_1_334' title='bbox 1094 3567 1160 3637; x_wconf 90' lang='lat' dir='ltr'><strong>sibi</strong></span> <span class='ocrx_word' id='word_1_335' title='bbox 1179 3587 1254 3656; x_wconf 88' lang='lat' dir='ltr'><strong>per-</strong></span> 
     </span>
     <span class='ocr_line' id='line_1_39' title="bbox 27 3658 1254 3744; baseline 0.006 -26"><span class='ocrx_word' id='word_1_336' title='bbox 27 3658 126 3744; x_wconf 78' lang='lat' dir='ltr'><strong>uaserit</strong></span> <span class='ocrx_word' id='word_1_337' title='bbox 142 3660 182 3729; x_wconf 93' lang='lat' dir='ltr'><strong>ad</strong></span> <span class='ocrx_word' id='word_1_338' title='bbox 212 3681 333 3730; x_wconf 88' lang='lat' dir='ltr'><strong>sacras</strong></span> <span class='ocrx_word' id='word_1_339' title='bbox 357 3658 498 3728; x_wconf 89' lang='lat' dir='ltr'><strong>deorum</strong></span> <span class='ocrx_word' id='word_1_340' title='bbox 529 3681 607 3729; x_wconf 92' lang='lat' dir='ltr'><strong>aras</strong></span> <span class='ocrx_word' id='word_1_341' title='bbox 635 3658 795 3728; x_wconf 86' lang='lat' dir='ltr'><strong>accedere</strong></span> <span class='ocrx_word' id='word_1_342' title='bbox 825 3658 1080 3728; x_wconf 87' lang='lat' dir='ltr'><strong>adoraturus.»</strong></span> <span class='ocrx_word' id='word_1_343' title='bbox 1108 3661 1254 3726; x_wconf 90' lang='lat' dir='ltr'><strong>Sanctus</strong></span> 
     </span>
     <span class='ocr_line' id='line_1_40' title="bbox 25 3731 1254 3844; baseline 0.009 -43"><span class='ocrx_word' id='word_1_344' title='bbox 25 3731 293 3818; x_wconf 80' lang='lat' dir='ltr'><strong>initEustratius:</strong></span> <span class='ocrx_word' id='word_1_345' title='bbox 323 3751 497 3838; x_wconf 81' lang='lat' dir='ltr'><strong>«Propter</strong></span> <span class='ocrx_word' id='word_1_346' title='bbox 515 3769 603 3830; x_wconf 87' lang='lat' dir='ltr'><strong>eam,</strong></span> <span class='ocrx_word' id='word_1_347' title='bbox 622 3769 709 3834; x_wconf 89' lang='lat' dir='ltr'><strong>quae</strong></span> <span class='ocrx_word' id='word_1_348' title='bbox 733 3760 784 3816; x_wconf 88' lang='lat' dir='ltr'><strong>est</strong></span> <span class='ocrx_word' id='word_1_349' title='bbox 808 3747 841 3815; x_wconf 92' lang='lat' dir='ltr'><strong>in</strong></span> <span class='ocrx_word' id='word_1_350' title='bbox 865 3760 906 3827; x_wconf 91' lang='lat' dir='ltr'><strong>te,</strong></span> <span class='ocrx_word' id='word_1_351' title='bbox 926 3744 1254 3844; x_wconf 76' lang='lat' dir='ltr'><strong>superstitionemet</strong></span> 
     </span>
     <span class='ocr_line' id='line_1_41' title="bbox 25 3823 1250 3932; baseline 0.009 -43"><span class='ocrx_word' id='word_1_352' title='bbox 25 3823 102 3900; x_wconf 83' lang='lat' dir='ltr'><strong>nisam</strong></span> <span class='ocrx_word' id='word_1_353' title='bbox 125 3836 327 3927; x_wconf 90' lang='lat' dir='ltr'><strong>religionem</strong></span> <span class='ocrx_word' id='word_1_354' title='bbox 350 3834 444 3918; x_wconf 87' lang='lat' dir='ltr'><strong>hacc,</strong></span> <span class='ocrx_word' id='word_1_355' title='bbox 472 3837 561 3906; x_wconf 90' lang='lat' dir='ltr'><strong>sicut</strong></span> <span class='ocrx_word' id='word_1_356' title='bbox 580 3838 766 3917; x_wconf 86' lang='lat' dir='ltr'><strong>existimas,</strong></span> <span class='ocrx_word' id='word_1_357' title='bbox 791 3836 875 3904; x_wconf 91' lang='lat' dir='ltr'><strong>mihi</strong></span> <span class='ocrx_word' id='word_1_358' title='bbox 898 3833 1046 3904; x_wconf 85' lang='lat' dir='ltr'><strong>inserens</strong></span> <span class='ocrx_word' id='word_1_359' title='bbox 1065 3832 1250 3932; x_wconf 72' lang='lat' dir='ltr'><strong>supplicia,</strong></span> 
     </span>
     <span class='ocr_line' id='line_1_42' title="bbox 25 3919 1253 4011; baseline -0.002 -21"><span class='ocrx_word' id='word_1_360' title='bbox 25 3922 180 4003; x_wconf 75' lang='lat' dir='ltr'><strong>mindens</strong></span> <span class='ocrx_word' id='word_1_361' title='bbox 195 3939 228 3995; x_wconf 91' lang='lat' dir='ltr'><strong>et</strong></span> <span class='ocrx_word' id='word_1_362' title='bbox 245 3924 401 3996; x_wconf 88' lang='lat' dir='ltr'><strong>insciens</strong></span> <span class='ocrx_word' id='word_1_363' title='bbox 422 3946 475 3995; x_wconf 88' lang='lat' dir='ltr'><strong>me</strong></span> <span class='ocrx_word' id='word_1_364' title='bbox 490 3925 593 3996; x_wconf 78' lang='lat' dir='ltr'><strong>bodie</strong></span> <span class='ocrx_word' id='word_1_365' title='bbox 616 3925 734 3994; x_wconf 86' lang='lat' dir='ltr'><strong>multis</strong></span> <span class='ocrx_word' id='word_1_366' title='bbox 751 3924 894 3996; x_wconf 85' lang='lat' dir='ltr'><strong>adiecisti</strong></span> <span class='ocrx_word' id='word_1_367' title='bbox 915 3924 1026 4005; x_wconf 78' lang='lat' dir='ltr'><strong>boniS,</strong></span> <span class='ocrx_word' id='word_1_368' title='bbox 1053 3943 1141 4011; x_wconf 86' lang='lat' dir='ltr'><strong>quae</strong></span> <span class='ocrx_word' id='word_1_369' title='bbox 1167 3919 1253 3989; x_wconf 88' lang='lat' dir='ltr'><strong>mrhr</strong></span> 
     </span>
     <span class='ocr_line' id='line_1_43' title="bbox 25 4007 1255 4110; baseline 0.003 -36"><span class='ocrx_word' id='word_1_370' title='bbox 25 4007 128 4080; x_wconf 79' lang='lat' dir='ltr'><strong>tarime</strong></span> <span class='ocrx_word' id='word_1_371' title='bbox 143 4028 238 4085; x_wconf 87' lang='lat' dir='ltr'><strong>erant</strong></span> <span class='ocrx_word' id='word_1_372' title='bbox 253 4016 289 4083; x_wconf 93' lang='lat' dir='ltr'><strong>in</strong></span> <span class='ocrx_word' id='word_1_373' title='bbox 313 4013 411 4092; x_wconf 88' lang='lat' dir='ltr'><strong>votis,</strong></span> <span class='ocrx_word' id='word_1_374' title='bbox 434 4035 454 4082; x_wconf 94' lang='lat' dir='ltr'><strong>o</strong></span> <span class='ocrx_word' id='word_1_375' title='bbox 475 4012 593 4082; x_wconf 78' lang='lat' dir='ltr'><strong>iudea.</strong></span> <span class='ocrx_word' id='word_1_376' title='bbox 618 4011 868 4083; x_wconf 74' lang='lat' dir='ltr'><strong>circumfusam</strong></span> <span class='ocrx_word' id='word_1_377' title='bbox 893 4013 985 4081; x_wconf 90' lang='lat' dir='ltr'><strong>enim</strong></span> <span class='ocrx_word' id='word_1_378' title='bbox 1011 4011 1195 4110; x_wconf 86' lang='lat' dir='ltr'><strong>caliginem</strong></span> <span class='ocrx_word' id='word_1_379' title='bbox 1222 4019 1255 4078; x_wconf 86' lang='lat' dir='ltr'><strong>et</strong></span> 
     </span>
     <span class='ocr_line' id='line_1_44' title="bbox 25 4085 1254 4191; baseline 0.013 -40"><span class='ocrx_word' id='word_1_380' title='bbox 25 4085 233 4184; x_wconf 75' lang='lat' dir='ltr'><strong>&gt;baronitatem</strong></span> <span class='ocrx_word' id='word_1_381' title='bbox 260 4121 350 4189; x_wconf 87' lang='lat' dir='ltr'><strong>quac</strong></span> <span class='ocrx_word' id='word_1_382' title='bbox 374 4123 414 4170; x_wconf 81' lang='lat' dir='ltr'><strong>ex</strong></span> <span class='ocrx_word' id='word_1_383' title='bbox 439 4102 594 4171; x_wconf 90' lang='lat' dir='ltr'><strong>crassitie</strong></span> <span class='ocrx_word' id='word_1_384' title='bbox 609 4101 763 4191; x_wconf 87' lang='lat' dir='ltr'><strong>corporis</strong></span> <span class='ocrx_word' id='word_1_385' title='bbox 781 4122 856 4170; x_wconf 90' lang='lat' dir='ltr'><strong>meo</strong></span> <span class='ocrx_word' id='word_1_386' title='bbox 872 4101 982 4170; x_wconf 87' lang='lat' dir='ltr'><strong>inerat</strong></span> <span class='ocrx_word' id='word_1_387' title='bbox 997 4102 1126 4181; x_wconf 90' lang='lat' dir='ltr'><strong>animo,</strong></span> <span class='ocrx_word' id='word_1_388' title='bbox 1155 4098 1210 4168; x_wconf 82' lang='lat' dir='ltr'><strong>his</strong></span> <span class='ocrx_word' id='word_1_389' title='bbox 1235 4119 1254 4167; x_wconf 90' lang='lat' dir='ltr'><strong>a</strong></span> 
     </span>
     <span class='ocr_line' id='line_1_45' title="bbox 25 4188 1251 4289; baseline 0.002 -37"><span class='ocrx_word' id='word_1_390' title='bbox 25 4192 235 4263; x_wconf 75' lang='lat' dir='ltr'><strong>retardantis</strong></span> <span class='ocrx_word' id='word_1_391' title='bbox 262 4188 452 4280; x_wconf 80' lang='lat' dir='ltr'><strong>depulisti;</strong></span> <span class='ocrx_word' id='word_1_392' title='bbox 473 4203 506 4260; x_wconf 92' lang='lat' dir='ltr'><strong>et</strong></span> <span class='ocrx_word' id='word_1_393' title='bbox 528 4211 616 4278; x_wconf 89' lang='lat' dir='ltr'><strong>quae</strong></span> <span class='ocrx_word' id='word_1_394' title='bbox 641 4191 874 4280; x_wconf 90' lang='lat' dir='ltr'><strong>principatum</strong></span> <span class='ocrx_word' id='word_1_395' title='bbox 900 4191 1041 4269; x_wconf 90' lang='lat' dir='ltr'><strong>obtinet,</strong></span> <span class='ocrx_word' id='word_1_396' title='bbox 1069 4189 1251 4289; x_wconf 85' lang='lat' dir='ltr'><strong>rationem,</strong></span> 
     </span>
     <span class='ocr_line' id='line_1_46' title="bbox 25 4279 1252 4368; baseline -0.005 -19"><span class='ocrx_word' id='word_1_397' title='bbox 25 4279 116 4356; x_wconf 57' lang='lat' dir='ltr'><strong>dmm,</strong></span> <span class='ocrx_word' id='word_1_398' title='bbox 132 4299 216 4365; x_wconf 89' lang='lat' dir='ltr'><strong>quae</strong></span> <span class='ocrx_word' id='word_1_399' title='bbox 236 4279 340 4368; x_wconf 87' lang='lat' dir='ltr'><strong>longo</strong></span> <span class='ocrx_word' id='word_1_400' title='bbox 358 4292 510 4367; x_wconf 88' lang='lat' dir='ltr'><strong>tempore</strong></span> <span class='ocrx_word' id='word_1_401' title='bbox 528 4279 798 4360; x_wconf 86' lang='lat' dir='ltr'><strong>intentabantur,</strong></span> <span class='ocrx_word' id='word_1_402' title='bbox 824 4279 1050 4349; x_wconf 83' lang='lat' dir='ltr'><strong>tentationum</strong></span> <span class='ocrx_word' id='word_1_403' title='bbox 1077 4289 1252 4347; x_wconf 83' lang='lat' dir='ltr'><strong>victricem</strong></span> 
     </span>
     <span class='ocr_line' id='line_1_47' title="bbox 25 4367 1255 4458; baseline 0.004 -32"><span class='ocrx_word' id='word_1_404' title='bbox 25 4367 207 4436; x_wconf 74' lang='lat' dir='ltr'><strong>tonsarum:</strong></span> <span class='ocrx_word' id='word_1_405' title='bbox 233 4382 267 4438; x_wconf 89' lang='lat' dir='ltr'><strong>et</strong></span> <span class='ocrx_word' id='word_1_406' title='bbox 291 4367 446 4446; x_wconf 79' lang='lat' dir='ltr'><strong>effecisti,</strong></span> <span class='ocrx_word' id='word_1_407' title='bbox 474 4380 511 4436; x_wconf 91' lang='lat' dir='ltr'><strong>ut</strong></span> <span class='ocrx_word' id='word_1_408' title='bbox 538 4367 717 4440; x_wconf 77' lang='lat' dir='ltr'><strong>tunderem</strong></span> <span class='ocrx_word' id='word_1_409' title='bbox 744 4389 784 4437; x_wconf 91' lang='lat' dir='ltr'><strong>ac</strong></span> <span class='ocrx_word' id='word_1_410' title='bbox 809 4368 1027 4458; x_wconf 85' lang='lat' dir='ltr'><strong>profligarem</strong></span> <span class='ocrx_word' id='word_1_411' title='bbox 1058 4389 1138 4448; x_wconf 84' lang='lat' dir='ltr'><strong>eas,</strong></span> <span class='ocrx_word' id='word_1_412' title='bbox 1165 4385 1255 4452; x_wconf 87' lang='lat' dir='ltr'><strong>quae</strong></span> 
     </span>
    </p>
   </div>
   <div class='ocr_carea' id='block_1_3' title="bbox 0 0 1487 4824">
    <p class='ocr_par' dir='ltr' id='par_1_5' title="bbox 0 0 1487 4824">
     <span class='ocr_line' id='line_1_48' title="bbox 0 0 1487 4824; baseline 0 0"><span class='ocrx_word' id='word_1_413' title='bbox 0 0 1487 4824; x_wconf 95' lang='lat' dir='ltr'><strong> </strong></span> 
     </span>
    </p>
   </div>
  </div>
 </body>
</html>
