2920 4810
11 303 67 370 011.
95 305 115 368 t
376 315 643 366 uterinotootuu
672 317 888 366 tmusruururr
1154 295 1236 366 983*

6 397 615 473 tumultumrecusarentauoemtamen,
644 406 870 478 compunctus,
897 413 967 460 oum
997 413 1029 460 se
1050 399 1086 460 ad
1119 398 1279 460 meliorem

6 483 108 544 sternis
123 479 388 558 precibusrlctus,
411 479 616 557 assensitqul·
645 479 763 556 lrugem
775 477 1179 558 reciperecuperet,llomam
1193 478 1280 551 adiit,

6 577 56 636 en,
77 561 132 622 sed
157 561 201 620 ite
222 566 346 634 tauten,
368 564 402 620 ut
424 574 484 620 nan
515 558 616 620 sulum
645 557 783 620 Poutillci
800 565 917 636 peecata
932 573 1068 621 suanum
1084 559 1203 636 ingenti
1217 574 1281 619 cor·

6 659 39 704 ee
64 643 159 718 virgo
190 640 419 717 permanserit,
441 635 493 700 sed
525 639 616 700 etiam
645 637 691 698 dis
711 639 894 700 contritione
914 639 1136 710 contumacem,
1158 639 1280 700 animae

6 737 116 782 roomo]
146 723 302 795 integram
329 717 529 780 conservarit.
552 715 617 778 lam
645 717 1282 798 salutaremaneopettttmeutotnarnuon·

6 807 60 862 uim
74 798 267 878 uirginitatis
287 812 390 858 amore
412 801 443 858 et
467 797 617 874 pronosim
648 797 720 858 tilex
743 798 778 859 ad
793 799 1016 860 immanitatem
1033 797 1202 858 criminum
1218 797 1282 874 ejus

6 880 125 957 oluptati
149 877 238 940 omni
254 877 460 940 renunciaret.
483 874 618 937 Praecla·
646 876 870 956 obstupescens,
894 877 1031 938 nuceum
1044 876 1282 954 mulctavitnoe·
1333 935 1336 942 .

6 975 49 1020 utn
70 963 213 1022 hocerat
236 959 269 1017 iu
295 973 327 1017 re
351 957 379 1017 io
402 952 616 1028 molestante,
647 970 709 1028 ua,
733 963 767 1018 ut
795 956 920 1018 loricam
942 956 1070 1018 terream
1099 956 1136 1017 ad
1164 957 1282 1018 undum

6 1041 32 1098 ui
49 1045 145 1116 nosset
167 1037 313 1100 omnihus
329 972 426 1113 {ujus
444 1035 553 1096 mundi
568 1032 618 1094 bo·
646 1051 753 1112 cornus
774 1037 879 1113 quinis
893 1038 1006 1098 catenus
1027 1036 1134 1098 lerreis
1153 1037 1282 1097 adstrin-

8 1120 29 1176 is
38 1117 268 1189 circumfluere,
284 1131 345 1177 non
362 1114 450 1176 mado
463 1129 496 1174 se
510 1113 619 1176 aritae
647 1122 746 1192 geret,
761 1122 792 1176 et
805 1115 953 1189 chartam,
969 1118 1000 1177 iu
1014 1131 1071 1194 quta
1087 1115 1150 1192 ejus
1166 1124 1283 1190 peccata

6 1195 618 1275 ujusrolnptatlbusservareimmunem,
646 1195 783 1256 enormia
805 1195 915 1272 scripta
930 1203 1029 1268 erant,
1052 1194 1206 1257 Pontiflcle
1227 1211 1282 1256 an·

6 1277 135 1338 edetiam
160 1291 303 1354 sponsam
325 1281 387 1336 tam
411 1271 560 1334 illustrem
582 1274 618 1335 ad
649 1273 723 1335 nulo
743 1273 946 1352 obsignatam,
968 1275 1004 1336 ad
1027 1274 1102 1348 loca,
1126 1275 1157 1335 in
1172 1275 1283 1353 quibus

6 1369 85 1418 urum
106 1362 333 1431 contemptum,
357 1361 450 1431 atoue
470 1353 561 1414 etiam
583 1351 619 1414 ad
648 1353 751 1415 Sancti
772 1356 975 1432 quiescerent,
990 1369 1092 1416 secum
1108 1354 1285 1415 circumier-

6 1435 132 1498 irtutunu
147 1435 289 1498 studium
303 1442 335 1496 at
349 1435 431 1494 vitae
443 1437 619 1494 consectan—
649 1441 707 1506 ret,
723 1433 818 1494 donec
831 1433 979 1494 divinitus
999 1439 1125 1496 catenae
1140 1433 1285 1494 dissolve·

6 1517 52 1574 iam
74 1517 291 1587 sanctitatem,
313 1513 473 1575 adducere.
495 1509 621 1573 llalebat
649 1521 775 1584 rentur,
796 1521 825 1574 et
846 1514 993 1590 scriptura
1024 1513 1146 1575 chartae
1161 1515 1284 1590 penitus

6 1595 64 1655 inim
79 1596 144 1673 pina
157 1594 334 1657 adolescens
351 1594 503 1652 virtutum
525 1589 619 1659 illam.
649 1593 876 1655 obliteraretur.
899 1591 982 1654 Fecit
994 1593 1085 1654 homo
1102 1601 1136 1654 ut
1146 1601 1212 1655 erat
1220 1591 1286 1670 jus-

6 1687 71 1744 uun
86 1675 258 1738 liberorum
281 1669 618 1747 loecnnditatanollere.
648 1689 697 1734 sus
718 1672 812 1749 (nihii
835 1673 919 1734 enim
941 1673 1072 1734 arduum
1103 1672 1227 1734 uidetur
1248 1688 1286 1734 ex

6 1749 48 1814 lec
75 1754 161 1816 latuit
189 1758 336 1814 sancitum
364 1751 429 1829 aius
462 1757 620 1828 parentem
650 1755 754 1814 animo
775 1769 826 1814 sua
850 1757 968 1832 peccata
1001 1751 1143 1831 lugenti,
1165 1761 1195 1814 et
1216 1767 1284 1814 oum

6 1829 165 1908 ltenltaunm
200 1833 336 1910 Regem,
364 1828 620 1909 quemadmodum
651 1831 1286 1910 [leoingratiamredirecuuienti),invisit

6 1923 92 1988 turnus
111 1929 203 1975 sautu
229 1920 396 1974 maceraret
415 1909 559 1986 jejuniis,
582 1923 622 1970 ue
650 1911 710 1973 luca
726 1927 820 1984 secra,
835 1911 928 1974 etium
942 1909 1158 1984 lerosolymam
1173 1919 1204 1971 et
1217 1910 1286 1970 Sal·

6 1987 105 2052 'orsitau
130 1993 308 2064 lasciviret,
335 2003 538 2070 sponsamque
559 2003 620 2048 nnn
652 1994 764 2052 valoris
784 1991 957 2068 sepulcrum
979 2005 1041 2052 uon
1068 1991 1283 2067 praetermisit.

6 2065 49 2128 ulio
67 2088 150 2148 urtam
177 2074 293 2132 sororis
313 2071 379 2132 loco
407 2069 542 2130 haberet.
564 2065 621 2128 Sed
650 2071 783 2133 Tandem
816 2073 900 2132 venit
926 2071 959 2131 iu
987 2069 1203 2143 Pannoniam,
1234 2069 1284 2128 ulti

6 2155 136 2234 etsnousa
151 2154 229 2230 insa,
251 2167 320 2212 cuut
346 2150 395 2212 ille
421 2149 480 2226 jam
505 2148 535 2208 iu
559 2147 622 2226 ipso
651 2151 728 2212 beati
743 2149 832 2226 Regis
851 2149 996 2228 Stephani
1020 2157 1084 2210 tum
1101 2147 1287 2210 celebreno-

6 2234 133 2296 turrontuti
165 2233 245 2293 llore
279 2231 343 2292 rite
370 2230 492 2292 lanatus
519 2234 621 2300 esset,
651 2245 724 2291 men
751 2237 835 2290 erat:
858 2239 923 2292 orat
943 2230 979 2291 ad
1000 2229 1172 2307 sepulcrum
1199 2231 1288 2301 ejus.

7 2321 80 2380 ulau
100 2317 176 2374 caste
203 2311 346 2384 uixisset,
370 2314 473 2370 testata
498 2313 567 2379 est,
592 2313 623 2368 et
653 2325 707 2370 neo
730 2308 801 2369 inde
821 2309 963 2371 recedere
985 2309 1152 2376 coustituit,
1175 2307 1285 2379 donec,

10 2383 116 2450 lanulos
136 2391 211 2462 ille,
233 2405 326 2469 quent
354 2404 443 2466 supra
465 2389 622 2460 diximus,
652 2390 749 2466 ruptis
771 2386 901 2450 vinculis
921 2395 951 2449 et
972 2387 1073 2450 altaria
1095 2387 1227 2460 abdlita,
1252 2403 1284 2448 se

9 2468 435 2546 teseiussecretasevulgavit.
459 2465 622 2528 Noueuiut
651 2470 763 2530 sentiat
785 2468 903 2530 Domini
926 2467 1163 2529 misericordiam
1196 2467 1289 2544 irnpe-

9 2540 49 2630 diu
67 2551 253 2626 superuixit,
275 2549 325 2610 sed
357 2547 435 2626 quod
457 2545 540 2607 coelo
560 2547 622 2606 vita
653 2558 756 2608 trasse.
780 2547 942 2624 Postquam
964 2553 1065 2608 eutem
1089 2546 1220 2607 multum
1236 2547 1285 2606 de-

8 2635 60 2710 etus
81 2627 202 2704 dignior
222 2637 310 2702 essct,
341 2641 432 2705 uuam
461 2635 552 2696 terra,
569 2625 624 2684 Du·
653 2628 759 2690 lassato
781 2631 862 2688 iuter
882 2628 1032 2688 orandum
1054 2641 1181 2690 mutuus
1201 2625 1287 2688 ultre·

10 2713 94 2764 tutuus
120 2725 186 2770 eum
213 2711 272 2771 cito
305 2708 376 2769 tulit
404 2706 567 2777 emedio,
595 2712 624 2764 et
655 2709 712 2784 usit
732 2709 773 2782 (a
802 2707 895 2784 prima
924 2708 1008 2768 euim
1037 2707 1110 2768 hora
1133 2705 1283 2782 usquead

11 2785 142 2847 transtulit
162 2791 195 2850 in
217 2803 349 2865 regnutn
370 2801 474 2848 suum.
496 2782 622 2856 Quidam
654 2801 765 2848 uanam
782 2787 812 2846 in
831 2802 933 2864 preces
949 2785 1155 2862 incubuerat),
1170 2793 1291 2847 sauctus

10 2856 238 2950 lrcltienisoopus
250 2871 282 2928 lu
292 2867 420 2946 publicis
433 2865 625 2941 supplicatio·
654 2866 714 2928 Rex
727 2867 754 2926 ei
765 2881 928 2944 apparens:
944 2863 1079 2943 eStrrge,
1091 2868 1204 2944 iuquit,
1219 2867 1291 2926 ami·

12 2939 86 3000 uiuus
103 2945 273 3018 affirmavit,
296 2963 327 3006 se
348 2945 413 3022 ejus
434 2958 568 3004 atrtmam
582 2947 625 3004 ri·
653 2961 699 3018 ce,
713 2951 745 3006 et
760 2945 888 3008 Emerici
902 2945 956 3006 lilii
970 2947 1028 3006 mei
1043 2955 1290 3006 mouumentum.

10 3015 75 3079 disse
95 3022 122 3084 in
149 3029 245 3090 coeloe
275 3033 410 3088 euntem.
443 3023 529 3084 Pater
560 3023 626 3099 ejus
653 3025 731 3101 quod
741 3025 893 3101 juxtaest,
909 3025 1001 3084 aditu.
1019 3023 1081 3097 llle,
1098 3025 1176 3102 qood
1189 3025 1289 3086 nornis

11 3095 150 3164 admodum
172 3107 269 3168 doluit
291 3119 385 3182 regno
408 3110 522 3164 tautam
541 3117 624 3178 sneru
652 3105 800 3166 servanda
814 3105 993 3180 integritate
1005 3105 1289 3183 praecipuaruapud

11 3183 624 3259 arontam:consolabaturauteusetpsuu,
655 3181 748 3244 Deum
771 3186 899 3258 gratiam
933 3187 1154 3261 prorueruerit,
1178 3185 1290 3246 locino-

13 3257 77 3344 duod
99 3259 190 3326 ultum
213 3281 273 3326 nou
296 3263 451 3324 dubitaret
483 3262 625 3323 incaelis
655 3279 724 3324 rum
749 3269 870 3325 tuorutu
895 3265 1014 3324 veniam
1030 3263 1081 3324 tibi
1101 3266 1289 3342 impetrabit.

14 3327 162 3427 lelruissitue
176 3347 345 3416 virentem,
359 3343 519 3420 egregium
529 3339 623 3401 etsilti
655 3341 696 3402 Er
706 3358 813 3404 aarum
829 3345 912 3404 euim
937 3359 1069 3405 nurnero
1090 3351 1148 3418 est,
1162 3347 1216 3423 qui
1230 3359 1290 3404 nou

14 3415 108 3498 etlsuts
128 3431 285 3497 patronum
318 3423 541 3484 exhibiturum.
572 3419 626 3480 Die
656 3422 896 3498 inquinaverunt
918 3425 1097 3484 uestimenta
1132 3440 1209 3485 sua.
1243 3439 1291 3484 se·

19 3491 148 3580 lucesuuo
167 3504 204 3566 ab
224 3503 311 3564 obitu
325 3504 389 3578 ejus
411 3507 456 3562 tot
481 3509 513 3562 et
535 3501 627 3561 tantis
655 3509 856 3580 quuuturque
878 3503 1014 3579 llguum,
1034 3519 1226 3580 quocumque
1245 3501 1292 3564 le·

18 3577 150 3639 miraculis
182 3583 260 3644 Deus
295 3581 458 3644 illustrauit
487 3589 622 3643 sanctum
656 3581 1292 3657 r·it,etantethronumlleicautantoouti-

18 3659 101 3721 suum
115 3663 270 3724 utcunctis
292 3663 324 3723 iu
340 3661 415 3723 urbe
430 3661 523 3738 regia,
535 3674 625 3737 quatu
654 3677 726 3722 cum
742 3677 888 3722 uorum.»
901 3661 1034 3738 Evigilat
1049 3663 1151 3734 horon,
1166 3661 1244 3724 illico
1255 3663 1290 3722 od

22 3721 105 3792 ¹ilium
125 3739 284 3815 regalem*
305 3745 427 3813 uocant,
444 3741 625 3802 ultisacrum
657 3740 735 3802 lteati
763 3741 895 3804 Emerici
918 3759 950 3802 se
979 3741 1121 3803 sacellum
1151 3743 1290 3813 onuiert,

21 3817 109 3904 terpus
121 3817 183 3893 ejus
198 3821 377 3884 tumulatum
399 3827 455 3893 est,
471 3835 531 3880 uon
546 3834 628 3880 moe·
657 3818 758 3881 luudit
773 3822 813 3884 ibi
836 3837 951 3898 preces,
974 3828 1065 3898 atoue
1086 3823 1230 3898 opinione
1245 3836 1291 3881 co·

23 3893 83 3990 tuus
101 3892 157 3970 ute,
177 3901 225 3962 sed
248 3902 350 3978 gaudii
376 3899 440 3960 dias
460 3899 625 3960 uideretur.
657 3899 750 3961 larius
771 3901 924 3962 dissiliunt
940 3901 1030 3962 lerrei
1055 3916 1166 3962 nexus:
1190 3899 1292 3960 charta

24 3955 96 4027 lorro
114 3985 208 4040 autent
228 3979 365 4041 Ladlslaa
387 3979 529 4056 religioso
545 3977 627 4053 Rege
657 3981 818 4057 resignati,
842 3980 961 4040 trullum
981 3981 1070 4042 habet
1083 3979 1201 4040 litterae
1215 3980 1293 4038 scri·

26 4049 102 4132 uacua
128 4068 296 4133 regnante,
318 4057 475 4120 Conradus
505 4057 629 4136 atridam
658 4066 724 4136 ntae
752 4061 931 4134 vestigium.
956 4059 999 4121 Ad
1022 4058 1158 4119 sonitum
1179 4057 1292 4118 cadeu-

30 4125 127 4216 ¹i³¹¹⁰¹¹0
145 4132 323 4212 Germanus,
347 4140 436 4200 ltomo
459 4139 629 4214 flagitiosis·
658 4139 735 4200 tium
757 4146 933 4200 catenarum
955 4147 1119 4200 accurrunt
1133 4134 1292 4198 aedituiet

28 4211 120 4280 ³¹le
141 4219 256 4282 laudem
280 4235 392 4297 magno
414 4219 467 4279 Dei
500 4233 629 4280 tuunere
657 4218 830 4297 complures
850 4216 911 4289 alii,
933 4219 1043 4296 quibus
1065 4215 1117 4277 ille
1131 4216 1234 4278 omnia
1249 4232 1295 4277 or-

49 4321 196 4390 'Germaniae
209 4345 425 4396 sruntwmoenburc.
439 4347 565 4396 hungarica
584 4347 631 4384 Sae-
658 4345 708 4384 ucis
724 4343 826 4389 aedibus,
842 4346 864 4384 at
875 4343 1008 4392 Hungsrlue
1018 4351 1099 4389 rugium
1110 4341 1227 4390 sepulcr-ts
1238 4338 1295 4383 calo·

34 4387 163 4447 '‘t-l'ejerrar,
176 4408 228 4448 uras
238 4407 363 4460 eptseopoli
379 4411 434 4450 esde
444 4411 533 4454 ortrata,
543 4409 632 4458 megal-
659 4408 768 4448 berrlmn.
777 4409 834 4448 Eam
845 4407 865 4448 Β.
876 4406 1008 4454 Stephanus
1018 4403 1068 4452 11111θ
1078 4403 1190 4446 θῠῦᾱῐᾶῖῗ·
