3046 4838
241 255 283 319 28
606 271 645 316 nn
669 271 696 317 s.
720 269 823 318 antero
847 271 895 316 ne.
923 269 1053 317 nomon.
1331 253 1420 316 DEC.
1447 255 1459 318 l

196 357 229 424 in
261 355 384 425 Christi
412 354 538 444 templo
572 353 731 424 sacerdos
758 353 1069 443 irreprehensibilis
1100 353 1249 424 iuturus.
1281 357 1306 424 0
1337 354 1464 424 laicum

196 443 497 534 perfectissimum,
518 441 620 530 cujus
634 443 819 512 imitatores
834 465 907 514 esse
919 443 1021 512 etiam
1037 443 1195 532 Episcopi
1210 442 1463 513 desiderabantl

196 536 386 602 Omentem
404 532 447 601 ab
462 532 624 600 omnibus
643 532 920 621 praedicandam,
947 533 1003 601 cui
1029 553 1096 601 non
1125 531 1188 601 suit
1212 531 1306 601 aliud
1331 533 1463 608 vivere.
1504 541 1505 582 ἑ

194 621 261 690 nisi
282 620 452 690 Christum
470 642 551 690 cum
574 619 755 688 dilectione
781 621 910 700 timere,
935 633 1068 689 etcum
1099 621 1219 689 timore
1246 620 1417 711 diligerel
1441 625 1465 689 0

194 731 271 778 vere
292 708 425 778 felicem
455 708 563 777 seculi
587 709 780 788 inimicum,
807 709 864 778 cui
890 709 1042 777 mundus
1067 721 1242 798 tantopere
1266 708 1331 778 fnit
1356 709 1467 778 cruci·
1504 709 1505 786 l

194 797 307 877 fixus,
341 811 374 866 et
403 799 475 886 ipse
501 797 654 878 mundo;
685 798 745 884 qui
769 799 816 866 ita
840 799 1007 887 sapientia
1031 797 1095 866 suit
1124 797 1293 887 pervigil,
1327 797 1466 866 lenitate
1504 795 1505 868 l

195 885 386 976 placabilis',
415 897 454 955 ut
473 898 504 954 et
528 885 696 975 serpentis
720 887 880 955 astutiam
906 908 984 955 cum
1010 886 1215 956 discretione
1231 886 1413 967 obtineret,
1435 897 1467 954 et
1504 883 1505 970 l

195 974 376 1044 columbae
404 973 597 1063 simplicem
628 975 783 1043 animum
816 996 882 1044 non
908 975 1098 1044 amitteret!
1130 976 1235 1064 Cujus
1261 975 1407 1062 quidem
1433 975 1465 1041 in

195 1077 319 1144 mente,
347 1063 511 1132 virtutum
535 1063 692 1132 omnium
717 1062 873 1132 decorem
888 1063 1073 1150 obtinente,
1097 1063 1275 1134 collocarit
1296 1063 1396 1132 valde
1414 1085 1466 1131 so·
1504 1079 1505 1152 t

195 1152 308 1220 brium
329 1152 497 1240 sapientia
520 1150 747 1220 domicilium.
774 1157 856 1221 Vere
871 1151 1129 1242 dignissimum,
1153 1153 1273 1240 inquo
1298 1151 1466 1220 Dominus
1504 1165 1505 1214 t

197 1239 390 1320 habitaret,
418 1238 607 1328 templum,
632 1240 773 1328 jejuniis
799 1240 1024 1322 mundatum,
1051 1241 1265 1311 orationibus
1288 1252 1462 1318 ornatum,

195 1330 342 1417 puritate
357 1329 597 1417 conspicuum,
625 1328 751 1418 vigiliis
774 1329 1007 1408 exercitatum,
1035 1341 1107 1398 tum
1129 1329 1279 1410 nomine,
1303 1341 1378 1398 tum
1400 1351 1465 1396 me·
1504 1335 1505 1380 i

196 1417 270 1486 ritis
293 1417 452 1486 electum.
481 1417 630 1502 Denique
659 1419 742 1486 dum
773 1417 829 1486 ille
854 1418 1005 1486 nominis
1030 1417 1084 1486 sui
1108 1417 1309 1508 dignitatem
1337 1429 1463 1496 tuetur,

145 1547 146 1552 κ
195 1506 245 1573 sic
261 1527 296 1574 se
309 1505 461 1592 quotidie
477 1505 593 1585 exerit,
609 1517 647 1574 ut
660 1519 805 1592 nequeat
820 1507 985 1587 amittere,
1003 1506 1093 1593 quod
1112 1513 1262 1588 vocatur,
1281 1507 1316 1576 in
1333 1506 1465 1576 Christo
1504 1517 1505 1592 t

194 1597 277 1663 lesu
296 1595 437 1664 Domino
455 1605 581 1662 nostro.
1504 1595 1505 1658 i

218 1683 256 1768 ὅ
280 1686 361 1754 88.
388 1682 450 1752 Sed
478 1681 619 1772 longum
645 1682 749 1752 nimis
772 1695 846 1763 est,
874 1683 1035 1752 virtutum
1062 1681 1138 1770 ejus
1153 1683 1313 1772 vinsignia
1343 1680 1464 1772 singil·

195 1768 291 1838 latim
317 1793 610 1850 commemorare,
638 1773 836 1860 praesertim
862 1793 941 1840 cum
967 1771 1053 1839 liber
1079 1773 1152 1860 Jam
1185 1771 1325 1841 modum
1353 1792 1464 1840 exces-

195 1859 286 1940 serit,
305 1859 477 1945 finemque
493 1858 684 1946 postulans,
714 1861 811 1949 plura
828 1881 895 1929 non
917 1859 1094 1928 admittat:
1121 1872 1153 1929 et
1169 1859 1310 1929 ariditas
1327 1879 1464 1946 quoque

195 1947 364 2016 sermonis
394 1948 500 2018 nostri
525 1961 720 2029 attenuata,
747 1963 779 2017 et
803 1947 905 2017 veluti
932 1947 1033 2036 longo
1060 1949 1193 2017 tramite
1217 1971 1303 2038 pene
1332 1948 1463 2017 defessa
1504 1949 1505 2042 l

196 2036 421 2105 succumbat:
451 2059 517 2105 non
541 2036 631 2123 quod
658 2038 796 2117 omnia,
823 2059 911 2123 quae
941 2036 983 2104 de
1008 2037 1116 2127 Eligio
1147 2037 1316 2106 narranda
1344 2049 1460 2114 erant,
1504 2077 1505 2108 2

193 2124 397 2213 expleverit:
424 2125 554 2214 quippe
575 2147 662 2212 quae
687 2147 747 2194 nec
772 2125 813 2193 ad
832 2125 1053 2194 centesimam
1075 2147 1217 2208 eorum,
1241 2138 1279 2195 ut
1303 2124 1351 2195 ita
1375 2125 1462 2193 dixe·

195 2213 272 2294 rim,
292 2214 457 2304 attingere
486 2216 614 2303 potuit,
641 2214 809 2282 bonorum
834 2227 865 2282 et
889 2227 1172 2283 ornamentorum
1195 2229 1352 2304 partem,
1380 2233 1463 2300 quae

194 2301 228 2370 in
246 2324 324 2371 eum
342 2323 512 2392 supernae
536 2303 822 2372 remunerationis
873 2304 1082 2390 raerogativa
1101 2303 1268 2373 contulit:
1296 2303 1355 2371 sed
1374 2299 1460 2390 quod
1504 2301 1505 2382 l

195 2401 370 2477 tamquam
396 2391 552 2460 eminens
576 2390 716 2477 quidam
744 2391 777 2458 in
803 2325 944 2459 sullimi
972 2392 1158 2480 scopulus,
1188 2413 1310 2481 magna
1327 2392 1401 2480 jam
1426 2410 1462 2456 en
1504 2383 1505 2472 l

194 2493 289 2567 parte
317 2478 568 2559 transmissus,
602 2480 677 2566 ipsa
701 2502 763 2548 sua
794 2478 964 2548 arduitate
987 2492 1019 2549 et
1050 2479 1264 2569 longitudine
1297 2477 1401 2548 fronti
1430 2497 1462 2544 se
1504 2475 1505 2494 ¹

193 2567 367 2636 narrantis
394 2581 555 2656 opponat.
583 2572 679 2636 Nunc
703 2591 784 2656 ergo
804 2568 940 2636 interim
968 2568 1027 2636 illa
1048 2569 1288 2648 solummodo,
1315 2588 1406 2653 quae
1429 2567 1460 2632 in

193 2654 280 2724 laico
297 2655 416 2723 habitu
454 2656 545 2735 assit,
562 2657 731 2743 praesenti
745 2656 859 2726 libello
874 2679 1070 2746 percurrere
1085 2657 1269 2726 voluimus:
1288 2657 1346 2724 eui
1361 2654 1460 2724 etiam

193 2743 297 2811 finem
315 2743 388 2830 jam
414 2677 559 2812 lihenter
584 2743 818 2832 imponimus,
849 2767 890 2814 ne
919 2746 993 2834 ejus
1024 2745 1213 2832 prolixitate
1239 2743 1460 2813 audientibus

192 2829 369 2900 dastidium
388 2831 600 2920 ingeramus.
628 2837 801 2918 Caeterum
819 2855 869 2912 ea,
889 2854 977 2920 quae
997 2833 1110 2902 adhuc
1132 2845 1279 2914 restant,
1306 2849 1461 2919 quaeque

192 2919 227 2987 in
243 2919 449 3008 Episcopatu
466 2921 581 3010 gessit,
601 2921 839 3007 quoveordine
852 2922 894 2990 de
911 2922 973 2990 hoc
991 2921 1106 2992 seculo
1125 2923 1290 3011 migrarit,
1308 2939 1461 3009 quasque

192 3008 295 3076 etiam
316 3021 390 3096 post
405 3009 536 3077 obitum
565 3009 704 3078 virtutes
728 3022 887 3099 operatus
908 3011 962 3090 sit,
993 3012 1021 3080 si
1051 3012 1117 3079 vita
1137 3033 1251 3080 comes
1280 3009 1405 3090 suerit,
1432 3017 1461 3074 et

192 3095 388 3166 facultatem
413 3098 576 3166 Dominus
598 3098 764 3179 tribuerit,
786 3099 1091 3168 intercessionibus
1107 3100 1182 3186 ejus
1199 3099 1389 3169 sanctitatis
1405 3095 1460 3165 ad-

189 3184 270 3274 juti,
295 3183 362 3254 alio
388 3184 502 3255 libello
521 3186 656 3274 explere
676 3187 925 3256 desideramus.
947 3188 1159 3257 Conlldimus
1183 3189 1288 3267 enim,
1313 3208 1379 3255 non
1403 3205 1460 3252 no-

193 3275 284 3354 striS,
306 3274 362 3344 sed
385 3273 496 3364 ipsius
514 3275 643 3346 meritis
667 3297 755 3376 opus
775 3289 934 3366 coeptum
963 3276 1106 3346 feliciter
1125 3275 1397 3363 atquelideliter
1419 3269 1458 3339 ad

191 3362 296 3432 finem
323 3383 434 3448 usque
451 3365 648 3453 perducere,
672 3387 700 3434 sr
725 3365 798 3453 ipse
819 3365 982 3455 dignetur
1003 3387 1064 3454 pro
1087 3365 1185 3434 nobis
1202 3365 1373 3434 Christum
1402 3367 1459 3429 Do-

192 3451 327 3520 minum
346 3452 563 3540 interpellare
583 3453 617 3520 in
639 3452 754 3533 coelis,
776 3454 835 3540 qui
853 3455 928 3543 ejus
947 3475 1089 3523 munere
1106 3454 1230 3522 meruit
1250 3465 1341 3522 tanta
1362 3451 1459 3518 mire-

191 3539 275 3609 bilia
295 3541 429 3629 operari
451 3542 483 3608 in
507 3541 615 3610 terris.
660 3627 664 3634 .

655 3738 776 3804 LIBER
802 3739 1020 3805 SECUNDUS.

236 3893 253 3976 ξ
277 3895 316 3961 1..
343 3889 475 3980 Eligius
492 3893 605 3979 itaque
626 3894 692 3982 jam
712 3906 790 3964 ante
811 3894 844 3962 in
872 3894 997 3983 palatio
1023 3895 1227 3964 militaverat
1254 3895 1319 3965 sub
1343 3892 1458 3963 habitu
1504 3911 1505 3984 ς

192 3978 360 4060 seculari,
387 3994 524 4049 aeterno
555 3983 711 4050 omnium
744 3983 893 4072 principi
929 3983 1072 4064 Christo,
1106 3984 1211 4071 idque
1251 3983 1458 4084 temporibus
1504 4011 1505 4060 3

192 4065 328 4166 Clotarii
344 4070 513 4138 mansueti
528 4073 734 4139 Francorum
757 4073 868 4160 Regis,
890 4083 922 4140 et
938 4073 1116 4174 Dagoberti
1135 4073 1255 4162 inclyti
1280 4068 1453 4162 principis,

191 4177 333 4244 ejusque
353 4156 415 4224 tilii
437 4158 605 4239 Clodovei,
632 4173 733 4246 atque
749 4181 860 4245 usque
883 4161 926 4229 ad
954 4162 1089 4231 imtium
1116 4163 1213 4252 regni
1227 4160 1377 4249 junioris
1390 4156 1456 4226 Clo·
1504 4165 1505 4232 ἒ

192 4245 269 4312 tarii
299 4245 425 4312 mansit
449 4246 483 4312 in
512 4267 665 4334 corpore.
693 4247 756 4316 Sed
783 4248 851 4318 illis
885 4248 1008 4318 diebus
1040 4251 1238 4320 immaniter
1269 4247 1455 4319 Simoniaca
1504 4271 1505 4330 t

191 4331 341 4401 haeresis
356 4331 549 4420 pullulabat
565 4334 598 4401 in
614 4336 771 4416 urbibus,
783 4348 815 4405 et
831 4339 966 4407 cunctis
980 4338 1111 4408 finibus
1125 4341 1221 4430 regni
1237 4343 1450 4408 Francorum,
