2994 4832
241 255 283 317 86
550 273 589 318 ua
613 272 641 318 s.
668 269 794 318 annona
818 269 963 318 ancntrr.
991 269 1102 318 cotors.
1324 251 1432 316 libbi
1480 277 1481 356 p

194 355 366 426 licentiam
393 377 411 424 a
429 355 582 442 quolibet
599 355 814 425 sacerdotum
836 355 1039 445 suppliciter
1056 367 1252 425 mereretur.
1271 359 1348 444 Ergo
1365 366 1433 422 tem·

193 467 275 535 pore
294 443 445 532 quodam
472 466 597 534 magna
622 445 824 514 imminente
847 443 1049 525 festivitate,
1076 467 1155 513 cum
1183 443 1359 533 pontifices.
1383 446 1433 509 ltu-

194 555 250 603 ces
274 555 312 603 ac
338 533 495 615 Comites,
514 548 546 602 et
562 534 814 623 cujuscumque
831 532 920 602 allus
945 533 1123 624 dignitatis
1148 555 1208 602 seu
1232 531 1353 600 ordinis
1371 529 1432 605 riri,
1480 593 1481 620 ,

194 623 323 712 regiam
345 621 499 708 undique
523 634 746 712 properarent
771 621 814 690 ad
845 623 989 702 curiam,
1020 644 1098 690 cum
1125 633 1158 690 ct
1189 622 1299 710 ipsum
1325 639 1388 688 mos
1410 629 1435 684 et

194 709 305 780 honor
322 710 506 800 impositus
521 711 711 781 trabeatum
740 712 888 810 exigeret
916 709 1109 800 procedere,
1134 731 1201 778 non
1230 707 1352 778 inscius
1372 729 1434 775 san·
1480 735 1481 750 ι

193 799 320 869 ctitatis
352 813 385 867 et
411 801 497 868 vitae
532 799 765 890 probatissimi
796 812 884 870 mter
912 799 1087 889 praesules
1114 798 1287 878 lunonis,
1315 809 1350 866 ut
1371 817 1436 863 suae

193 887 457 958 consuetudinis
481 902 629 958 servaret
645 889 853 966 institutum,
870 888 1015 978 supplex
1027 901 1060 957 et
1073 887 1250 977 poenitens
1261 907 1333 954 eum
1347 884 1436 972 coepit
1480 919 1481 980 p

193 977 300 1046 adire.
324 983 397 1046 Mox
423 999 519 1046 sacer
542 979 682 1046 antistes
706 978 907 1048 auctoritate
931 977 1066 1068 plenus,
1095 975 1153 1044 tali
1180 976 1214 1045 in
1242 997 1284 1044 ne
1307 973 1368 1042 otio
1386 977 1437 1040 lm·
1480 987 1481 1008 ι

194 1064 357 1166 periclem
377 1066 629 1156 parvipendens
647 1066 953 1156 magnificentiam,
974 1067 1062 1136 sicut
1087 1085 1226 1155 parcere
1249 997 1438 1159 solensem

193 1155 290 1245 rnopi
321 1166 353 1223 et
384 1156 550 1244 pauperi,
581 1156 629 1224 sic
663 1157 953 1244 opportunitatem
984 1155 1141 1243 adeptus,
1170 1152 1360 1222 misericors
1381 1170 1438 1247 stne

192 1243 430 1312 misericordia
457 1245 586 1313 saevire
610 1245 721 1332 coepit
746 1244 780 1312 in
806 1243 1012 1332 Principem.
1041 1249 1123 1312 Nam
1151 1239 1438 1312 vehementissimis

194 1331 292 1401 illum
310 1331 476 1402 invadens
500 1333 786 1421 correptionibus
812 1331 977 1419 quicquid
1001 1333 1118 1400 animo
1143 1353 1204 1420 pro
1225 1329 1357 1420 justitia
1377 1347 1439 1394 oon·

193 1421 295 1490 citato
322 1442 357 1490 se
382 1419 517 1503 obtulit,
541 1421 646 1491 libere
669 1434 702 1489 et
726 1434 922 1490 constanter
944 1421 1124 1502 allabatur,
1153 1419 1321 1506 illumque
1346 1415 1440 1484 duris·

194 1510 292 1578 simis
316 1510 496 1579 verberum
528 1510 640 1601 plagis
664 1509 852 1590 afflictum,
881 1531 948 1578 non
978 1510 1076 1579 aliter
1104 1529 1141 1576 ea
1175 1508 1230 1576 die
1261 1517 1439 1598 coronatum

192 1598 350 1667 incedere
367 1599 553 1680 consensit,
572 1621 675 1686 quam
695 1599 792 1686 prius
813 1599 974 1668 manibus
999 1599 1071 1668 suis
1090 1597 1231 1686 triginta
1246 1609 1315 1666 tres
1331 1603 1440 1682 argenti

192 1686 299 1756 libras
325 1687 359 1755 in
382 1709 549 1776 pauperes
566 1687 793 1777 expendisset.
813 1691 878 1758 Nec
898 1687 1020 1756 abnuit
1039 1691 1239 1774 Imperator,
1262 1683 1319 1753 sed
1342 1693 1441 1750 cuncta

191 1797 230 1845 eo
254 1775 386 1856 ordine,
409 1797 477 1863 quo
493 1776 586 1845 dicta
603 1788 695 1856 sunt,
723 1777 864 1865 superni
878 1776 1010 1864 judicis
1027 1788 1186 1863 respectu
1202 1785 1234 1842 et
1260 1793 1379 1862 passus
1393 1783 1441 1846 cst,

191 1878 224 1933 et
240 1864 337 1933 lecit:
356 1865 474 1950 sicque
498 1866 638 1936 demum
658 1887 750 1934 more
774 1887 837 1934 suo
855 1865 998 1933 indutus
1016 1863 1191 1953 processit.
1209 1861 1363 1931 Miranda
1379 1879 1443 1926 sanc

191 1954 385 2022 constantia
409 1954 589 2042 praesulis,
621 1975 682 2022 nec
712 1954 828 2023 minus
858 1952 1032 2022 laudanda
1062 1952 1241 2021 humilitas
1271 1947 1442 2039 principis:

194 2063 293 2130 porro
319 2041 353 2110 in
380 2055 524 2130 utroque
550 2044 682 2112 timoris
707 2042 764 2111 nei
789 2041 955 2111 imitanda
984 2040 1154 2129 perfectio.
1179 2045 1216 2110 Et
1239 2041 1323 2126 quia
1348 2059 1380 2107 se
1400 2057 1444 2104 oc·
1480 2067 1481 2134 ι

192 2131 284 2202 casio
302 2132 472 2220 praebuit,
491 2131 568 2200 licet
590 2153 648 2220 per
673 2131 935 2221 digressionem,
962 2129 1005 2200 de
1027 2128 1181 2214 ejusdem
1214 2130 1318 2218 Regis
1344 2137 1442 2195 morte.
1480 2147 1481 2196 ι

192 2221 226 2287 in
242 2241 310 2307 qua
327 2221 441 2289 omnis
459 2220 647 2309 injustitiae
663 2219 756 2288 irena
773 2218 883 2288 laxata
899 2232 991 2298 sunt,
1006 2219 1130 2287 inferre
1145 2217 1227 2286 libet
1240 2217 1443 2284 mentionem.
1480 2217 1481 2296 t

192 2307 235 2376 ob
260 2309 294 2377 id
321 2309 516 2398 praecipue,
540 2309 704 2395 quoniam
731 2309 838 2376 virtus
866 2329 932 2376 non
966 2307 1109 2375 minima
1139 2307 1194 2374 bic
1218 2305 1368 2376 occurrit
1397 2306 1445 2370 ln·
1480 2305 1481 2378 l

192 2399 306 2478 nonis,
333 2419 434 2484 quem
474 2397 671 2487 prophetiae
706 2397 830 2487 spiritu
858 2394 1006 2466 subinde
1038 2395 1197 2464 floruisse
1235 2395 1358 2463 veritas
1389 2392 1446 2478 ipsa
1480 2397 1481 2454 t

192 2485 394 2556 diffamavit.
1348 2501 1353 2510 ·
1480 2457 1481 2544 l

234 2577 313 2661 Μ.
341 2573 553 2656 Quibusdam
585 2573 820 2643 simultatibus
855 2574 944 2641 inter
977 2573 1091 2660 ipsum
1119 2584 1151 2641 et
1184 2576 1314 2660 Regem
1345 2565 1448 2638 lraudu
1480 2549 1481 2586 ¹

193 2662 462 2752 malignantium
490 2661 630 2740 obortis,
660 2683 739 2731 cum
769 2667 838 2731 Rex
863 2673 1035 2741 mentem,
1066 2681 1172 2746 quam
1201 2671 1402 2750 conceperat
1422 2675 1447 2722 ιιι

190 2751 508 2841 archiepiscopum,
528 2749 699 2819 mandatis
716 2749 816 2819 solito
832 2750 1033 2819 durioribus
1048 2749 1241 2818 detexisset:
1268 2746 1401 2838 praesul
1417 2741 1449 2811 ad

193 2839 404 2906 audientiam
423 2839 575 2919 veniens,
595 2838 726 2907 ratione
745 2851 778 2908 et
796 2840 932 2927 justitia
952 2859 1012 2926 pro
1032 2859 1137 2906 causa
1163 2859 1225 2906 sua
1248 2833 1449 2928 agere'labo·
1480 2859 1481 2926 ι

191 2927 288 2995 ravit.
316 2928 376 2997 Cui
400 2926 561 2996 facultate
586 2940 702 3016 erepta
728 2927 791 2996 bac
810 2926 1052 3017 progrediendi
1075 2927 1139 3006 via,
1160 2925 1300 2996 tandem
1322 2925 1357 2994 in
1383 2925 1450 2992 haec
1480 2929 1481 2994 l

190 3015 293 3085 verba
324 3016 503 3104 prorupit:
535 3039 552 3082 κ
582 3020 651 3085 Rex
675 3015 982 3092 excelleutissime3
1013 3014 1170 3084 coelestis
1196 3015 1299 3105 Regis
1324 3013 1447 3083 intuitu,

190 3104 446 3191 cu'uscumque
470 3104 662 3174 discordiae
687 3117 746 3173 aut
770 3104 840 3174 odii
866 3102 995 3173 malum
1017 3103 1067 3172 vel
1087 3103 1150 3172 boc
1170 3125 1262 3172 anno
1285 3125 1352 3174 non
1372 3119 1452 3192 prac-

190 3217 229 3262 va
247 3207 300 3263 eat
325 3194 413 3262 inter
437 3215 511 3278 nos,
533 3193 814 3282 quandoquidem
836 3214 927 3262 anno
954 3193 1108 3280 proximo
1124 3191 1207 3278 quid
1235 3213 1298 3262 nos
1317 3199 1449 3264 maneat,
1480 3213 1481 3278 ι

191 3283 360 3352 mentium
383 3296 577 3352 nostrarum
599 3305 690 3352 nunc
708 3281 896 3371 penetralia
917 3279 1008 3350 latet.
1030 3286 1159 3363 »Quae
1175 3280 1309 3360 diosna,
1326 3285 1451 3369 Regem.
1480 3279 1481 3370 i

189 3393 292 3460 quem
320 3372 532 3461 praesciebat
556 3371 620 3441 boc
646 3373 720 3460 ipso
745 3392 835 3438 anno
861 3369 1081 3449 moriturum,
1104 3369 1351 3438 emendatioris
1381 3367 1453 3463 riter
1480 3373 1481 3430 t

189 3462 288 3530 nisus
312 3472 363 3529 est
387 3461 429 3529 ad
455 3461 612 3530 semitam
640 3461 812 3530 reducere.
841 3458 904 3528 Sed
936 3458 1171 3528 crescentibus
1201 3479 1263 3547 perw
1285 3458 1361 3526 dies
1389 3454 1454 3524 alus

190 3564 291 3638 atque
315 3549 393 3620 aliis
417 3571 455 3618 ex
472 3550 589 3620 causis
606 3548 859 3619 discordiarum
882 3547 1004 3636 spinis,
1025 3547 1148 3615 iterum
1167 3547 1302 3617 curiam
1329 3545 1411 3614 adiit
1426 3545 1452 3608 in
1480 3599 1481 3606 ,

190 3639 343 3708 Goslaria
360 3638 388 3718 ⁴,
407 3659 476 3726 quo
503 3659 561 3728 per
586 3637 675 3707 idem
702 3651 850 3725 tempus,
872 3657 997 3724 magna
1017 3635 1122 3704 totius
1148 3636 1244 3725 regni
1266 3633 1453 3724 principum

190 3728 464 3816 exspectatione,
494 3726 699 3797 venerabilis
735 3731 826 3813 Papa
862 3725 972 3794 Victor
995 3723 1041 3802 '‘*,
1068 3723 1128 3810 qui
1160 3739 1192 3792 et
1228 3721 1453 3814 Gebehardus.

190 3830 406 3885 convenerat.
437 3816 512 3885 lllic
536 3815 736 3905 compositis
760 3828 987 3900 utrorumque
1011 3813 1139 3882 animis
1169 3813 1202 3880 in
1231 3813 1357 3902 prioris
1381 3829 1456 3878 amr·
1480 3825 1481 3918 p

191 3905 291 3972 citiae
308 3917 447 3986 statum,
466 3905 685 3975 discessurus
701 3903 955 3994 Archipraesub
976 3901 1025 3970 sio
1043 3901 1238 3971 sciscitatus
1257 3914 1308 3970 est
1325 3905 1454 3988 Regem:
1480 3921 1481 3980 ι

191 4014 209 4058 c
235 3993 396 4080 Nunquid
422 3992 616 4064 dilectionis
640 4006 673 4062 et
696 3993 826 4083 gratiae
851 4003 981 4060 vestrae
1012 3988 1174 4060 recedens
1199 3988 1324 4058 amodo
1351 3983 1481 4076 certus}

191 4084 274 4150 ero?
299 4104 316 4147 ι
344 4081 381 4150 ld
408 4087 498 4173 Rege
522 4081 615 4152 baud
641 4081 740 4151 aliter
764 4102 800 4150 se
824 4079 950 4148 habere
974 4091 1128 4158 testante,
1158 4077 1341 4164 subjunxit
1366 4083 1481 4160 atque}

191 4169 250 4238 ait:
269 4193 286 4235 (ι
306 4170 392 4252 Soio,
409 4171 479 4240 scio
501 4191 568 4240 non
591 4193 654 4240 nos
671 4170 801 4240 mutuis
822 4170 856 4237 in
883 4168 946 4238 hoo
961 4189 1105 4257 corpore
1119 4167 1282 4255 deinceps
1297 4165 1456 4235 fruituros
1480 4149 1481 4244 l

191 4259 422 4348 adspectibus,
444 4280 592 4345 quorum
618 4259 703 4328 alter
730 4259 766 4327 in
795 4269 939 4328 mortem
965 4257 1032 4326 cito
1054 4255 1216 4346 rapietur,
1240 4255 1325 4325 alter
1350 4252 1457 4323 adbuc

217 4386 230 4411 ⁸
245 4385 322 4426 (torm.
334 4385 423 4432 aester,
433 4385 457 4424 tn
467 4385 594 4424 Honori-ts.
824 4383 852 4412 *⁸
867 4383 945 4434 Hujus
953 4381 1055 4424 nammis
1065 4383 1087 4424 11
1098 4381 1211 4432 (tota-tt).
