2954 4816
255 293 318 357 396
592 313 630 358 oc
654 313 680 358 s.
709 311 864 358 onnoonro
889 309 975 357 srou.
1003 309 1097 356 nxnr.
1327 293 1403 358 DEC.
1424 293 1455 356 El

211 395 371 464 vivificat.
392 392 567 465 »Flaccus
583 395 680 464 dixit:
699 418 717 464 u
744 395 859 486 Ligate
884 395 935 464 illi
957 417 1083 464 manus
1106 407 1138 463 et
1162 395 1281 484 pedes,
1300 409 1332 464 et
1353 396 1384 464 in
1401 416 1457 463 cra·

211 483 350 553 ticulam
378 483 513 573 igneam
532 483 711 574 imponite,
729 497 762 554 et
782 485 876 568 ligna
892 484 958 554 sub
974 483 1050 573 ipso
1064 485 1266 554 construite.
1286 489 1458 553 »Fecerunt

210 573 373 652 ministri,
393 573 481 642 sicut
506 574 679 663 praecepit
703 573 774 642 illis
800 573 951 654 Flaccus,
969 586 1002 642 et
1026 587 1231 662 paraverunt
1260 573 1457 664 igncmBea·

212 672 267 732 tus
291 683 368 730 vero
392 663 576 760 Gregorius
597 661 810 732 exclamabat
826 661 868 730 ad
893 661 1073 730 Dominum
1093 660 1135 730 de
1160 662 1277 730 medio
1303 661 1397 752 ignis,
1418 661 1457 728 di-

210 771 292 820 cens
308 771 351 818 z«
379 753 519 820 Domine
545 755 627 820 lesu
655 751 798 832 Christe,
822 755 912 820 Deus
935 749 1118 830 Abraham,
1147 754 1237 820 Deus
1267 755 1372 830 Isaac,
1391 755 1456 817 Deus

209 837 325 916 iacob,
345 843 433 906 Deus
458 851 593 928 patrum
622 852 828 918 nostrorum,
845 841 905 928 qui
932 861 998 910 non
1020 839 1171 929 despicis
1192 859 1315 928 preces
1338 837 1455 908 lamule

210 949 288 996 rum
311 941 471 1008 tuorum,
503 927 563 1014 qui
589 929 766 1028 ingressus
793 949 830 996 es
853 949 933 998 cum
966 929 1075 998 tribus
1097 927 1212 1017 pueris
1239 929 1275 996 in
1309 927 1454 996 carninnn

210 1015 455 1094 flammarum,
482 1015 576 1086 adsis
600 1031 701 1086 ettam
732 1017 818 1086 mihi
841 1037 938 1086 servo
963 1029 1020 1085 tuo
1048 1017 1082 1084 in
1110 1017 1223 1086 medio
1251 1019 1455 1106 praesentium

211 1125 464 1204 pressurarum.
487 1127 511 1170 u
537 1109 625 1175 Haec
648 1127 687 1174 eo
711 1105 856 1184 dicente,
884 1117 1108 1175 terraemotus
1130 1127 1283 1196 magnus
1307 1104 1455 1174 sactusrst

210 1203 300 1260 tntra
324 1193 493 1261 civitatem
519 1193 761 1283 spoletanam,
791 1207 823 1262 et
851 1193 973 1264 cecidit
996 1216 1066 1262 una
1100 1195 1215 1284 regio,
1244 1195 1456 1284 oppressitque

211 1281 418 1382 plusquam
443 1281 715 1373 quadringentas
737 1282 990 1372 quinquaginta
1015 1283 1152 1351 animas
1179 1301 1455 1372 paganoruman

209 1369 313 1438 idolis
337 1370 515 1440 serviebat.
536 1377 628 1455 Quos
652 1371 771 1441 videns
796 1371 950 1453 Flaccus,
977 1370 1117 1441 fremuit
1141 1385 1179 1442 ut
1203 1371 1270 1452 leo,
1291 1385 1324 1456 et
1348 1371 1457 1440 territus

211 1459 328 1538 nimis,
348 1457 436 1550 fugit
451 1460 541 1529 inde.
563 1461 650 1529 Dixit
666 1472 779 1530 autem
799 1461 976 1530 Fircanus:
996 1483 1014 1526 u
1041 1465 1180 1529 Ferrum
1207 1461 1340 1540 allerte,
1358 1471 1387 1528 et
1400 1477 1455 1526 eun

210 1548 379 1638 stringite,
398 1560 500 1638 atque
524 1549 558 1618 in
585 1571 756 1619 carcerem
773 1549 951 1631 includite,
969 1548 1086 1635 ibique
1102 1571 1122 1618 a
1140 1549 1316 1620 militibus
1338 1548 1456 1642 diligen·

211 1648 261 1704 ter
280 1635 506 1706 custodiatur.
527 1660 545 1704 »
563 1642 645 1708 Cum
663 1651 776 1707 autern
796 1637 974 1728 ingressus
998 1651 1086 1708 essct
1103 1639 1224 1708 beatus
1246 1638 1421 1728 Gregorius
1434 1653 1455 1699 n

211 1746 396 1807 carcerem,
422 1726 572 1816 Angelus
598 1727 732 1796 Domini
757 1727 919 1816 apparuit
948 1725 1011 1807 illi,
1044 1725 1187 1796 dicens:
1219 1751 1237 1793 «
1267 1733 1334 1796 Pax
1358 1739 1454 1795 tecnn.

209 1815 372 1970 Gregori:
400 1814 470 1884 noli
495 1816 626 1884 timere.
654 1837 672 1882 u
700 1821 739 1884 Et
769 1815 934 1885 continuo
960 1815 1098 1884 vincula
1123 1815 1198 1903 ejus
1223 1816 1366 1905 dirupta
1388 1823 1454 1882 sunt.

209 1915 241 1972 et
265 1903 403 1972 caritas
426 1905 559 1973 Domini
578 1903 808 1974 circumfulsit
823 1925 916 1973 eum.
936 1905 1060 1973 Fidens
1085 1903 1120 1973 id
1145 1905 1269 1974 beatus
1287 1903 1452 1993 Gregorius.

210 1992 334 2060 cecidit
363 1991 396 2060 in
423 1991 543 2061 faciem
570 2014 682 2074 suam,
711 2013 882 2080 oransque
903 1991 1048 2062 dixit:«
1075 1993 1209 2063 Gratias
1236 1995 1301 2063 tibi
1325 2014 1395 2082 ago,
1415 1994 1454 2056 Do

211 2080 303 2148 mine
326 2080 407 2150 lesu
431 2081 574 2162 Christe,
591 2081 651 2168 qui
676 2081 802 2150 misisti
828 2081 995 2171 Angelum
1022 2095 1121 2152 tuum
1146 2095 1311 2152 sanctum
1338 2082 1376 2150 ad
1399 2097 1463 2146 rm·¹

211 2166 404 2252 sortiendam
430 2171 582 2239 animam
610 2191 744 2239 meam:
770 2182 804 2239 ct
825 2190 888 2261 ego
916 2171 1105 2240 corrhtebor
1138 2170 1199 2240 tibi
1226 2171 1262 2239 in
1295 2163 1453 2241 totocorde

211 2279 298 2339 meo,
317 2271 349 2326 et
369 2257 604 2330 honorificabo
629 2279 753 2328 nornen
783 2270 881 2328 tuum
909 2259 943 2327 in
972 2271 1161 2340 aeternum,
1178 2261 1263 2346 quia
1282 2259 1385 2329 fecisti
1408 2273 1454 2322 ne

210 2369 289 2414 curn
309 2347 579 2416 misericordiam
599 2359 712 2416 tuam:
732 2361 821 2417 tues
844 2347 935 2416 enirn
963 2351 1068 2417 Deum
1094 2347 1201 2417 solus.
1223 2349 1349 2418 »Dixit
1371 2358 1452 2437 auteq

209 2436 240 2503 ei
265 2433 438 2520 Angelus:
462 2441 606 2525 «Euge,
634 2457 728 2506 serve
752 2435 840 2504 bone
863 2449 896 2504 et
918 2435 1054 2518 fidelis,
1085 2437 1167 2523 quia
1191 2438 1226 2505 in
1256 2459 1366 2526 pauca
1387 2433 1453 2528 luisti

209 2523 335 2604 fidelis,
364 2545 468 2612 supra
502 2527 611 2593 multa
636 2537 666 2593 te
696 2524 928 2594 constituam:
959 2525 1048 2594 intra
1085 2527 1119 2594 in
1149 2526 1320 2616 gaudium
1352 2530 1452 2592 Donnt

211 2612 272 2681 tui.
294 2617 368 2680 »Et
392 2611 475 2682 haec
491 2613 621 2694 dicens,
640 2612 776 2683 ablatus
791 2625 842 2682 est
865 2612 908 2682 ab
932 2613 1044 2682 oculis
1062 2616 1150 2702 eJus.
1171 2616 1286 2684 Erexit
1310 2628 1411 2682 autem
1431 2625 1462 2673 sc

210 2703 330 2770 beatus
347 2701 542 2792 Gregorius,
563 2701 709 2772 laudans
725 2713 759 2771 et
778 2701 984 2772 benedicens
1007 2708 1125 2772 Deum.

254 2793 272 2876 ,b
295 2793 338 2860 ὅ.
360 2791 417 2860 Die
440 2789 545 2860 altera
563 2793 793 2878 subsequente
812 2791 918 2878 jussit
935 2791 1078 2860 Flaccus
1094 2791 1127 2859 in
1148 2791 1262 2860 medio
1279 2791 1351 2860 soro
1365 2785 1450 2856 sedent

209 2876 276 2946 sibi
300 2877 474 2960 collocari,
492 2892 524 2948 et
540 2881 677 2948 beatum
703 2880 905 2968 Gregorium
924 2900 1040 2948 coram
1059 2901 1095 2948 se
1111 2880 1368 2969 repraesentari.
1382 2865 1450 2968 Duql

209 2987 288 3034 cum
309 2963 434 3034 sactum
466 2979 565 3048 esset,
583 2967 668 3036 dixit
690 2969 721 3036 ei
744 2967 904 3038 Flaccus:
923 2991 941 3034 tt
958 2967 1015 3038 Vel
1035 2990 1128 3039 nuno
1153 2969 1274 3038 recede
1291 2967 1333 3038 ab
1349 2969 1451 3034 insana

209 3065 280 3133 tua,
300 3055 534 3143 accedensque
557 3056 714 3126 sacrifica
738 3056 805 3125 diis
830 3055 977 3146 magnis,
1004 3077 1090 3144 quos
1115 3079 1224 3145 usque
1244 3080 1336 3127 nunc
1356 3065 1461 3138 negutt

209 3145 439 3232 cognosceris.
459 3169 477 3212 »
496 3150 641 3216 Sanctus
665 3145 848 3234 Gregorius
870 3146 1067 3234 respondit:
1090 3169 1108 3213 «
1134 3151 1318 3234 Nunquam
1343 3143 1450 3240 daemo-

209 3233 313 3302 nibus
328 3233 530 3314 sacrificavi,
551 3255 611 3304 neo
629 3233 796 3312 sacrifico,
817 3235 884 3304 uisi
906 3234 1050 3304 Domino
1066 3257 1153 3314 meo,
1166 3236 1227 3322 qui
1248 3257 1302 3304 mc
1318 3232 1357 3302 od
1374 3241 1448 3297 istun

209 3343 370 3391 coronam
392 3323 548 3412 justitiae
573 3323 761 3413 perducere
776 3322 941 3412 dignatus
964 3335 1027 3392 est.
1046 3323 1224 3393 »Flaccus
1248 3324 1348 3392 dixit:
1365 3319 1450 3383 «Car-

208 3411 296 3480 duos
321 3409 447 3482 ferreos
471 3411 598 3494 afferte,
618 3425 650 3480 et
674 3433 786 3502 genua
811 3411 886 3500 ejus
911 3412 989 3481 totis
1011 3412 1142 3482 viribus
1163 3413 1340 3501 percutite,
1365 3418 1395 3474 ut
1412 3395 1448 3500 ¹t'tl

209 3501 258 3570 sic
277 3500 451 3588 possimus
468 3501 603 3570 vincere
621 3522 758 3570 omnem
785 3499 966 3570 stultitiam
984 3502 1071 3590 ejus.
1092 3525 1109 3568 >›
1135 3505 1282 3570 Sanctus
1297 3503 1448 3585 Gregorius

209 3589 275 3657 ait:
295 3610 312 3654 o
336 3588 416 3657 Vide
440 3589 533 3676 quali
553 3589 600 3659 sis
619 3601 668 3672 tu,
694 3589 754 3677 qui
777 3588 1007 3659 daemonibus
1028 3591 1146 3670 serris,
1165 3590 1353 3675 adorasque
1369 3576 1445 3651 idola.

208 3699 310 3766 opera
347 3699 514 3752 manuum
546 3678 741 3747 hominum.
772 3681 855 3747 llam
891 3678 920 3746 si
951 3679 1058 3748 scires
1082 3683 1273 3749 Creatorem
1296 3691 1383 3746 tuurn
1404 3669 1460 3756 Dog

210 3765 343 3836 minum
366 3766 482 3837 lesum
509 3766 694 3847 Christum,
715 3767 828 3857 ipsum
855 3765 1028 3848 adorares,
1048 3789 1163 3836 coram
1188 3790 1257 3856 quo
1276 3757 1460 3850 omnesqui

207 3853 275 4011 pali
301 3855 582 3926 contremiscunt.
606 3877 624 3922 »
653 3855 795 3925 Flaccus
819 3853 930 3925 dixit:
953 3879 971 3922 tt
998 3861 1066 3945 Ego
1097 3855 1324 3925 daemonibus
1346 3860 1439 3918 seruo.

223 3943 364 4014 urcilert
376 3967 393 4010 »
404 3948 550 4015 Sanctus
565 3945 748 4034 Gregorius
766 3943 984 4033 respondis«
999 3949 1079 4014 Vere
1093 3965 1112 4012 a
1127 3943 1265 4016 diabolo
1280 3943 1444 4012 excaecatus

208 4055 296 4102 es.»
322 4033 462 4102 Flaccus
486 4033 594 4102 dixit:
619 4057 637 4099 «
663 4031 853 4122 Lampados
878 4031 1036 4102 ardentes
1060 4033 1188 4114 allcrte,
1215 4047 1248 4102 et
1271 4032 1365 4128 latero
1387 4031 1441 4113 etls

209 4121 432 4202 inflammato,
454 4121 620 4192 dicentes:
642 4124 722 4192 Noli
733 4123 894 4213 superbus
911 4143 991 4191 esse.
1011 4144 1029 4189 n
1050 4127 1196 4192 Sanctus
1216 4115 1440 4212 Gregoriusflut

210 4232 229 4274 s
250 4210 392 4282 Etiamsi
416 4222 523 4280 totum
549 4231 676 4302 corpus
703 4231 817 4279 meum
845 4211 980 4300 pardae,
1001 4223 1135 4301 praesto
1156 4211 1239 4280 mihi
1256 4223 1303 4279 cst
1319 4198 1439 4273 metlthS

211 4317 319 4380 meus,
343 4300 511 4369 Dominus
542 4299 641 4370 lesus
666 4298 832 4379 Christus,
860 4300 921 4388 qui
945 4321 1001 4369 mc
1031 4312 1131 4369 sanat
1158 4313 1192 4370 et
1214 4285 1438 4370 corroborati
1458 4347 1459 4376 ,

210 4385 274 4454 ista
289 4389 405 4457 omnia
422 4387 524 4472 mala,
541 4407 629 4476 quac
653 4387 688 4456 iu
715 4409 770 4456 me
793 4409 949 4458 exercere
964 4387 1102 4472 videris,
1123 4411 1183 4479 pro
1199 4387 1303 4458 nihilo
1318 4387 1438 4472 putent·t
