2994 4832
257 308 323 374 tos
573 321 613 370 nii
636 323 665 370 s.
691 321 818 401 inacus
841 320 988 370 incursi.
1016 318 1128 368 coion.
1339 300 1446 366 aaut

215 409 414 504 praedivitis
433 408 560 488 navim,
586 407 668 494 quia
693 407 727 475 iii
755 427 814 477 eos
838 429 924 478 usus
948 419 1146 497 competens
1171 405 1347 484 videbatur,
1369 425 1448 472 occu·
1483 425 1484 476 i

240 513 310 582 ant,
327 519 474 586 eamque
491 497 526 566 in
543 496 774 566 ministerium
793 496 1011 586 archiepisco
1040 497 1061 578 i,
1079 495 1195 583 eJectis
1212 494 1369 564 mercibus
1381 513 1449 578 quis
1483 501 1484 504 ’

214 523 375 668 llabebat,
397 609 505 677 ocyus
532 583 684 675 expediri
705 585 842 674 Jubeut.
871 517 1080 678 liegaiitiEus
1108 583 1259 664 famulis,
1283 582 1338 670 qui
1358 581 1448 650 nariin

216 677 418 750 servandam
445 685 679 766 susceperant,
703 674 783 756 iim,
812 674 878 743 nisi
904 685 1038 744 mature
1057 675 1157 764 jussa
1173 682 1355 765 capessant,
1372 669 1449 737 mini·

215 765 416 836 tantur.1ili
442 785 518 834 vero
534 818 541 844 ‚
558 775 736 850 quantum
767 775 945 851 poterant,
976 764 1078 833 citato
1102 784 1209 834 cursu
1232 761 1273 832 ad
1300 759 1448 830 dominum

215 855 313 925 navis
334 875 404 924 rem
430 852 611 923 deferunt:
637 850 721 939 quid
750 849 839 922 facto
863 874 951 942 opus
967 852 1022 934 sit,
1042 851 1241 922 consulunt.
1260 849 1396 920 Habebat
1409 845 1451 914 iile

214 943 327 1014 filium
352 942 471 1013 adulta
487 953 606 1022 aetate,
626 962 692 1011 non
716 941 833 1011 minus
852 939 1010 1023 audacia,
1030 963 1134 1028 quam
1160 940 1300 1020 viribus,
1316 936 1452 1007 excelien-
1483 991 1484 1012 ,

215 1043 347 1134 tempet
370 1053 450 1101 cum
468 1041 607 1120 propter
623 1031 759 1120 generis
776 1029 990 1112 affinitatem,
1012 1044 1084 1100 tum
1113 1029 1157 1100 ob
1188 1029 1306 1098 merita
1328 1048 1384 1096 sua
1401 1024 1453 1112 pri-

216 1121 372 1191 moribus
406 1119 554 1190 civitatis
589 1119 738 1188 maxime
773 1141 892 1189 carum
930 1132 961 1189 et
988 1131 1181 1209 acceptum.
1208 1123 1265 1200 Is,
1297 1113 1453 1202 assumptis

126 1236 130 1242 ·
215 1209 357 1280 famulis
376 1209 461 1292 suis,
479 1222 511 1278 et
526 1207 713 1299 juvenibus
737 1230 777 1278 ex
801 1209 946 1290 civitate,
964 1220 1112 1296 quantos
1139 1209 1174 1276 iii
1197 1229 1237 1277 ea
1263 1203 1454 1295 trepidatione

215 1299 250 1368 in
276 1297 443 1368 auxilium
463 1319 564 1367 suum
586 1298 799 1368 consciscere
827 1298 948 1387 potuit,
971 1297 1128 1367 concitus
1151 1296 1195 1365 ad
1224 1316 1339 1365 narem
1359 1291 1452 1365 evolat.

215 1401 247 1457 et
275 1387 451 1456 ministros
475 1384 742 1476 Arcbiepiscopi‚
758 1387 892 1466 aeriter,
909 1398 947 1456 ut
972 1386 1069 1455 navis
1093 1397 1367 1475 exoccuparetur,
1390 1379 1455 1448 insi-

215 1489 353 1558 stentes,
376 1497 455 1545 cum
476 1474 602 1562 iniuria
625 1475 815 1565 proturbat.
838 1475 965 1544 [lebino
988 1474 1191 1544 advocatum
1214 1475 1310 1544 urbis
1334 1473 1365 1540 in
1387 1469 1454 1538 iden

215 1588 304 1655 opus
333 1563 587 1641 succedentem,
608 1564 847 1650 tumultusque
875 1565 1123 1634 instaurantem
1155 1563 1314 1634 similiter
1339 1556 1455 1649 repellit,

215 1653 330 1724 fundit
346 1667 378 1723 et
394 1652 502 1742 fugat.
524 1659 672 1740 Jamque
695 1666 727 1722 et
752 1653 806 1722 bis
830 1665 861 1723 et
883 1653 963 1732 iilis,
992 1653 1047 1723 sui
1067 1651 1216 1742 singuiis
1240 1651 1342 1722 amici
1362 1645 1455 1744 armati

216 1742 372 1813 subsidio
386 1755 583 1821 accurrunt,
599 1755 632 1810 et
647 1741 689 1810 ad
713 1763 878 1832 magnum
899 1741 1086 1812 discrimen
1114 1761 1336 1830 pugnamque
1353 1737 1456 1824 ancipi-

216 1845 282 1902 tem
309 1853 362 1902 res
378 1843 533 1921 spectare
553 1830 743 1900 videbatur.
771 1830 902 1902 Perlato
928 1852 1005 1900 mox
1031 1829 1159 1900 nuncio
1187 1829 1229 1899 ad
1257 1827 1458 1918 archiopisco-

216 1943 322 2010 pum,
349 1919 440 2008 quod
466 1920 681 1990 atrocissima
716 1919 883 1990 seditione
914 1919 1184 1990 confunderetur
1217 1919 1360 2000 civitas,
1388 1911 1460 1984 misit

216 2009 415 2078 festinanter
428 2008 469 2078 ad
485 2007 655 2080 sedandos
669 2021 783 2078 motus
798 2008 929 2100 populi,
940 2010 1140 2096 irarumque
1154 2007 1279 2098 plenus
1295 2005 1460 2077 minabatur

215 2120 250 2168 se
270 2099 422 2188 proxima
446 2099 599 2168 sessione
619 2096 799 2168 seditiosos
811 2100 956 2186 juvenes
978 2098 1098 2166 merita
1117 2118 1222 2188 poena
1242 2095 1456 2167 coeioiimuu.
1483 2085 1484 2166 l

214 2191 293 2256 Erat
309 2187 439 2278 quippe
464 2187 516 2255 vir
531 2187 625 2256 omni
644 2208 768 2278 genere
785 2187 949 2257 virtutum
968 2185 1247 2267 florentissimae,
1267 2199 1300 2256 et
1325 2186 1355 2254 in
1373 2177 1460 2276 causis
1483 2167 1484 2248 l

214 2289 284 2345 tam
311 2276 544 2366 reipublicae,
570 2296 673 2362 quam
707 2275 902 2358 Ecclesiae,
930 2288 1101 2365 spectatae
1125 2297 1182 2346 sae
1210 2274 1267 2346 ius
1300 2273 1457 2364 probitatis.
1483 2249 1484 2332 l

214 2367 275 2434 Vix
299 2365 342 2434 ad
370 2364 542 2434 modicum
568 2364 739 2453 dirempta
762 2377 814 2435 est
837 2365 1062 2434 concertatio:
1089 2363 1146 2434 sed
1177 2297 1271 2434 ferox
1295 2361 1421 2438 animis,
1441 2367 1462 2422 et
1483 2335 1484 2396 l

214 2453 325 2524 elatus
345 2453 456 2542 primo
481 2473 645 2554 successu
665 2455 816 2540 juvenis,
838 2475 904 2522 iioii
930 2453 1086 2524 cessabat
1112 2454 1341 2523 interturbare
1357 2447 1459 2520 omnia:

213 2561 488 2643 percurrensque
512 2554 694 2624 civitatem,
716 2543 827 2612 varios
843 2563 1018 2614 sermones
1037 2563 1096 2631 per
1117 2541 1286 2632 populum
1304 2532 1451 2630 ferebatd

212 2630 396 2730 insolentia
415 2643 448 2699 et
471 2631 668 2701 austeritate
697 2631 965 2722 archiepiscopi,
992 2633 1052 2718 qui
1079 2631 1176 2701 toties
1204 2631 1335 2718 injusta
1360 2643 1462 2716 praeci·

215 2731 319 2809 peret,
340 2731 437 2788 toties
457 2719 700 2790 innocentibus
724 2743 788 2790 sua
807 2719 984 2800 adimeret,
1004 2720 1101 2793 toties
1119 2719 1381 2789 honestissimos
1395 2713 1464 2782 cites

215 2805 471 2898 procacissimis
495 2809 608 2878 verbis
640 2810 835 2880 incesseret.
862 2813 927 2879 Nec
951 2807 1091 2879 difficile
1121 2807 1207 2888 fuit,
1243 2808 1277 2877 id
1308 2806 1463 2877 hominun

215 2916 326 2985 genus
344 2896 378 2964 iii
399 2917 512 2976 omne,
531 2897 622 2984 quod
643 2897 756 2978 velles,
777 2911 952 2984 tamquam
978 2897 1098 2968 folium
1119 2896 1208 2983 quod
1228 2909 1328 2966 ventu
1345 2893 1463 2983 rapitur,

215 2982 471 3085 transformare.
500 2989 675 3055 Praeterea
698 2988 732 3054 in
761 3000 909 3056 mentem
932 2987 1087 3056 veniebat
1113 2985 1405 3056 wormatientium
1428 2981 1464 3045 iu·

215 3095 314 3164 signe
333 3073 619 3175 praeclarumque
638 3074 785 3157 facinus,
812 3075 904 3162 quod
931 3077 1138 3166 Episcopum
1157 3097 1260 3144 suum
1286 3068 1467 3144 insolentius

215 3183 316 3264 agere
341 3176 585 3253 incipientem,
617 3165 702 3234 urbe
726 3164 961 3254 expulissent,
989 3178 1022 3232 et
1045 3185 1124 3234 cuin
1160 3163 1226 3252 ipsi
1254 3159 1466 3233 multitudine

214 3253 341 3342 opibus
365 3252 541 3340 armisque
569 3254 806 3324 instructiores
830 3255 910 3333 sint,
937 3253 1170 3341 dedignantur
1194 3250 1286 3340 quod
1313 3249 1468 3320 inferiores

214 3342 439 3411 aestimentur
455 3343 613 3423 audacia,
631 3353 663 3412 et
687 3341 991 3434 Arebiepiscopum
1017 3339 1197 3431 tyrannico
1221 3341 1288 3410 sibi
1315 3340 1403 3410 fastu
1423 3335 1469 3401 im·

215 3431 431 3530 peritantem,
467 3430 598 3502 tamdiu
635 3431 848 3503 muliebriter
879 3433 1065 3520 patiantur.
1099 3428 1286 3500 Conferant
1323 3429 1470 3520 primores

214 3534 332 3610 inepta
355 3519 511 3601 consilia,
535 3520 640 3590 saevit
666 3520 790 3610 vulgus
818 3521 922 3610 intem
951 3541 1052 3590 erans
1079 3539 1244 3588 novarum
1271 3539 1386 3588 rerum
1414 3524 1471 3582 stu·

215 3607 284 3691 dio,
303 3620 336 3678 et
361 3629 420 3698 per
445 3620 547 3678 tutam
574 3609 744 3678 civitatem
766 3609 891 3699 spiritu
918 3543 1090 3679 dlabotioo
1112 3620 1296 3697 raptatum,
1326 3606 1368 3674 ad
1392 3617 1484 3702 armap

215 3697 427 3768 conclamat:
451 3719 513 3767 nec
533 3698 606 3788 jam
628 3697 932 3788 archiepiscopum
962 3700 1048 3767 urbe
1078 3695 1258 3787 expellere,
1279 3697 1371 3768 sicut
1394 3695 1484 3770 lior-i

216 3786 411 3886 matienses,
440 3786 497 3858 sed
526 3809 586 3877 per
613 3807 733 3856 omnes
757 3787 933 3857 cruciatus
958 3785 1154 3867 trucidare,
1185 3785 1214 3856 si
1245 3786 1347 3876 copia
1376 3781 1470 3849 detur.

217 3889 430 3963 conspirant.
1330 3933 1334 3942 .

260 3963 277 4048 ξ
304 3967 380 4035 ²5.
409 3963 536 4034 Natalis
561 3977 634 4034 erat
656 3963 745 4033 beati
773 3965 907 4054 Georgii
934 3964 1115 4054 martyris,
1138 3963 1196 4051 qui
1221 3983 1260 4032 eo
1289 3982 1381 4030 anno
1405 3956 1484 4048 feria}

215 4064 337 4138 quarta
362 4051 599 4152 hebdomadae
615 4051 790 4124 Paschaiis
814 4053 1009 4135 obvenerat,
1031 4067 1064 4123 et
1087 4051 1376 4142 archiepiscopus
1400 4042 1484 4132 cele-3

215 4139 310 4209 brata
330 4143 511 4211 liissarum
532 4141 747 4212 solemnitate
764 4142 857 4231 apud
876 4143 1013 4212 beatum
1035 4145 1120 4212 Geor
1147 4142 1231 4222 ium,
1258 4159 1338 4209 oum
1364 4151 1484 4206 sermo-³

215 4249 294 4328 nem
319 4227 443 4299 faceret
467 4228 510 4300 ad
537 4228 718 4320 populum,
743 4231 922 4322 praesagio
946 4229 1096 4319 quodam
1114 4165 1323 4308 llituroru'm,
1351 4220 1474 4294 nescius

214 4339 289 4406 ipse
314 4318 396 4388 maii
420 4317 510 4406 quod
530 4319 744 4400 imminebat,
771 4331 982 4390 contestatus
1006 4320 1117 4390 fuerat
1137 4315 1370 4392 audientibus,
1397 4303 1473 4398 qnod

214 4406 334 4477 civitas
359 4405 496 4477 diabolo
522 4408 556 4476 in
578 4419 775 4497 potestatem
795 4409 918 4478 tradita
935 4421 1036 4491 osset,
1054 4420 1086 4479 et
1106 4406 1303 4499 propediem
1322 4402 1473 4494 peritura,
