2946 4798
251 233 315 296 550
632 249 671 294 uu
695 249 722 295 s.
750 245 910 296 unacutto
934 247 1052 294 nouare
1323 227 1391 291 but.
1412 227 1437 287 u

209 333 442 422 lacrymasset,
458 332 579 402 dividit
593 331 817 422 supplicium:
838 333 944 400 immo
963 353 1039 400 vero
1057 332 1243 402 maximam
1258 330 1333 420 ejus
1345 340 1438 419 parten

208 421 341 491 allevat.
366 427 447 491 llam
476 434 605 510 partem
623 420 762 507 quidem
788 420 880 510 ignis
902 420 979 508 ejus
994 420 1201 578 ertinquunt
1222 419 1391 509 lacrymae
1407 415 1438 484 al·

208 525 278 581 tera
299 533 376 581 vero
401 533 480 599 pars
497 510 615 579 relicta
628 522 679 579 est
703 510 899 599 Byzantinis
923 508 966 578 ad
983 509 1094 599 discip
1112 509 1226 579 inam:
1246 509 1437 577 existimaturi

207 601 298 670 euim
325 599 433 669 suerat
457 598 547 679 lore,
575 611 613 667 ut
636 610 739 668 totam
772 597 970 687 depasceret
997 599 1180 668 civitatem.
1208 595 1270 666 Ille
1293 619 1365 666 vero
1384 615 1436 690 cup

208 702 337 779 partem
356 687 495 775 quidem
509 687 739 775 repressisset,
756 699 887 776 partem
908 699 1021 756 autem
1039 687 1288 776 praescivisset,
1305 683 1434 755 Heiniln.

208 777 290 847 dicit
311 778 396 846 tristi
420 791 512 846 voce.
540 774 676 845 llolebat
699 775 803 858 enim,
830 775 922 864 quod
949 797 1016 844 non
1043 785 1150 844 totum
1175 796 1313 845 cessare
1332 775 1433 869 lecisset

209 867 297 936 sicut
318 887 477 954 magnam
497 878 690 934 nostrorum
712 877 927 954 peccatorum
955 863 1235 934 multitudinem:
1255 876 1287 932 et
1313 861 1382 950 qnod
1401 881 1434 924 vt-

207 976 284 1023 sum
302 967 389 1024 esset
406 959 484 1034 Deo,
504 975 639 1043 serpere
655 954 769 1044 ignem
787 953 908 1023 amari
926 975 1032 1040 usque
1057 953 1099 1021 ad
1120 974 1233 1022 mare:
1251 965 1284 1022 et
1301 966 1433 1036 tanquan

207 1042 326 1122 telum,
350 1041 500 1112 inedium
526 1041 665 1128 quidem
692 1042 887 1112 dissecare:
911 1041 954 1111 ab
989 1042 1030 1111 iis
1061 1053 1189 1122 autem,
1216 1063 1305 1128 quae
1335 1051 1395 1111 suut
1411 1057 1436 1103 n

207 1143 411 1212 transverso,
438 1131 630 1200 abstinere:
656 1129 747 1218 quod
774 1131 876 1201 etiam
903 1129 1029 1200 sactum
1055 1142 1117 1210 est;
1148 1143 1180 1199 et
1205 1130 1295 1220 ignis
1320 1151 1386 1200 eum
1404 1148 1436 1218 evj

206 1219 351 1307 cepisset
375 1219 512 1289 initium
542 1220 586 1290 ab
613 1242 664 1301 eo,
691 1219 782 1308 quod
813 1219 940 1288 dicitur
964 1219 1183 1298 Nencorium,
1212 1219 1322 1288 instar
1344 1214 1434 1306 cinguli

207 1319 310 1378 totam
335 1309 442 1378 cinxit
465 1308 651 1392 civitatem:
678 1308 823 1377 cessavit
848 1329 924 1377 vem
952 1307 993 1376 ad
1021 1329 1127 1388 mare,
1149 1307 1241 1394 quod
1267 1322 1318 1376 est
1345 1330 1378 1377 er
1400 1303 1435 1400 al·

207 1418 315 1478 verso,
344 1397 445 1466 veluti
471 1397 665 1478 ostendeus,
691 1398 783 1484 quod
810 1398 838 1465 is
861 1396 1000 1482 quidem
1035 1409 1136 1466 totam
1168 1397 1367 1485 pervasisset
1384 1395 1435 1462 riu-

207 1498 321 1564 tatem,
349 1484 389 1554 ad
418 1487 481 1556 hoc
504 1499 617 1555 autem
637 1484 794 1556 redactus
818 1498 907 1554 esset
926 1507 985 1573 per
1011 1484 1222 1554 Marcellum.

249 1575 372 1660 §Bt
399 1579 480 1644 Cum
500 1575 648 1644 duorum
679 1574 792 1643 adhuc
818 1587 876 1642 aut
907 1574 1011 1643 trium
1039 1574 1319 1656 meminerimus,
1346 1570 1433 1654 reliqu·

207 1661 336 1753 linguis
364 1661 524 1745 aliorum,
553 1675 653 1753 prout
679 1663 862 1752 potuerint,
894 1661 1040 1732 dicenda
1068 1662 1319 1752 relinquemus.
1345 1667 1377 1731 Et
1387 1679 1434 1814 pu·

206 1773 315 1832 mum,
343 1772 445 1837 quam
466 1751 620 1842 ingentes
643 1763 756 1822 essent
779 1755 809 1821 ei
839 1751 992 1841 spiritus,
1013 1751 1073 1839 qui
1094 1752 1129 1820 in
1157 1763 1310 1838 potentes
1335 1750 1386 1838 qui
1402 1766 1434 1840 eu

205 1839 352 1930 deprimi
368 1863 434 1910 non
452 1852 626 1928 poterant,
644 1841 678 1908 in
696 1863 754 1910 eos
769 1862 860 1922 vero,
881 1841 1051 1926 quierant
1069 1840 1214 1909 modesti
1233 1863 1273 1910 ac
1294 1840 1431 1909 moderati

206 1927 305 1998 facile
325 1929 593 1998 inclinabantur.
618 1930 663 2000 Iis
683 1928 1072 2016 autem,quibuss1ebat
1094 1929 1234 2019 injuria,
1253 1942 1325 1998 erat
1340 1928 1435 2014 adjutu

206 2017 365 2087 invictus
393 2022 438 2086 De
457 2017 638 2087 nruaburit
663 2031 695 2086 et
718 2019 855 2108 Asparis
871 2017 899 2099 ⁴,
926 2039 1015 2104 quae
1044 2029 1116 2086 erat
1144 2017 1204 2086 illo
1229 2030 1381 2106 tempore,
1402 2035 1434 2099 tu

205 2108 309 2175 tentia
327 2107 412 2174 nihil
437 2118 487 2176 est
503 2106 706 2176 dicendum:
726 2128 836 2194 neque
852 2106 895 2176 de
918 2105 1119 2177 crudelitate
1132 2106 1269 2193 aequali
1293 2103 1433 2197 potentiae.

205 2205 306 2283 atque
330 2195 413 2264 adeo
443 2195 576 2285 maJ'ori.
607 2197 668 2264 llic
696 2217 789 2286 ergo,
815 2195 875 2282 qui
900 2207 972 2265 erat
995 2193 1079 2265 adeo
1112 2209 1232 2284 potens
1255 2208 1288 2264 et
1309 2189 1426 2264 crudelis

203 2284 414 2353 Ardaburius
439 2283 651 2354 irascebatur
664 2285 802 2354 cuidam
816 2305 856 2354 ex
881 2284 935 2364 iis,
950 2282 1011 2370 qui
1026 2284 1171 2353 evantio
1197 2285 1273 2372 ejus
1297 2294 1433 2374 potestate.

204 2375 344 2442 nomine
359 2373 493 2441 loanni.
520 2371 580 2442 Ille
597 2395 675 2442 vero
699 2373 863 2444 omnibus
882 2373 971 2454 aliis,
991 2384 1092 2459 atque
1114 2371 1200 2442 adeo
1220 2373 1295 2463 ipso
1322 2377 1435 2458 Impen-

206 2474 276 2530 tore
295 2461 556 2549 praetermissis,
586 2475 622 2530 ut
646 2461 706 2548 qui
725 2482 792 2530 non
816 2473 931 2531 esseut
951 2461 1032 2530 satis
1058 2475 1223 2550 potentes,
1255 2481 1355 2531 uuum
1372 2465 1436 2524 uet‘tt

204 2548 376 2639 refugium
412 2549 560 2619 Marcelli
588 2549 868 2620 tabernaculum:
895 2563 927 2620 et
958 2549 990 2618 id
1025 2549 1131 2630 subit,
1162 2563 1196 2620 et
1220 2550 1285 2620 sub
1308 2571 1342 2619 ec
1361 2547 1435 2639 latet.

203 2651 378 2726 tamquam
400 2639 464 2708 sub
482 2639 597 2724 aliquo
614 2651 685 2708 tuto
703 2638 976 2730 propugnaculo.
997 2638 1058 2708 Ille
1076 2653 1189 2708 autem
1211 2661 1292 2709 cum
1316 2635 1436 2706 rescivis-

204 2741 264 2806 set,
284 2729 428 2816 petebat,
452 2727 493 2796 ad
519 2727 634 2816 ipsum
661 2729 819 2807 mittens,
847 2727 1021 2799 hominem
1052 2728 1118 2796 sibi
1144 2727 1244 2797 tradi.
1278 2733 1351 2798 Cum
1379 2739 1436 2820 vett

204 2836 271 2884 nou
297 2815 557 2904 obtemperaret,
584 2817 695 2905 coepit
727 2816 863 2886 minari.
891 2821 975 2886 Cum
1001 2815 1181 2886 Marcellus
1213 2828 1323 2886 autem
1354 2827 1438 2878 mines

204 2923 272 2971 non
296 2919 442 2984 curaret,
470 2905 501 2974 ei
525 2905 590 2974 vim
621 2903 754 2975 attulit:
782 2905 966 2992 missisque
994 2903 1176 2986 militibus
1203 2906 1315 2994 quiet
1340 2898 1439 2998 viribps

203 2990 372 3074 valebant,
399 3004 431 3062 et
447 3006 544 3062 erant
561 2993 660 3063 multi
674 3015 829 3075 numero,
848 2993 953 3082 Jussit
967 3014 1132 3080 quaerere
1155 3016 1248 3073 eum,
1274 2992 1328 3082 qui
1347 2993 1438 3082 contu·

203 3091 317 3180 gerat:
344 3093 387 3162 et,
414 3081 445 3152 si
465 3103 531 3152 uon
558 3084 702 3171 pareret,
725 3083 772 3151 uti
799 3084 917 3152 armis.
944 3087 1049 3170 Atque
1074 3081 1131 3151 ille
1154 3082 1293 3169 quidem
1315 3093 1436 3176 ⁰¹¹¹l.⁵¹‘³

198 3169 369 3258 jussisset,
395 3191 453 3240 eos
477 3169 618 3241 dimisit.
651 3170 702 3240 llli
729 3183 843 3240 auteur
870 3169 1023 3261 proiecti,
1040 3183 1073 3240 et
1093 3171 1218 3252 verbis,
1246 3184 1283 3241 ut
1300 3169 1372 3257 jussi
1383 3169 1437 3228 tue·

204 3271 291 3340 rant,
319 3261 385 3340 usi,
411 3260 575 3346 quoniam
603 3279 669 3328 non
701 3260 856 3350 parebat,
889 3259 1135 3330 monasterium
1168 3253 1434 3330 circumsidebaut.

203 3353 293 3417 Haec
312 3347 400 3418 lacta
424 3361 505 3417 sunt
530 3370 679 3438 vespere.
708 3354 851 3450 Magnus
876 3369 952 3418 vero
978 3347 1158 3418 Marcellus
1182 3348 1308 3439 rogavit
1328 3363 1383 3418 eos,
1402 3355 1435 3402 ΗΠ

203 3436 327 3506 vellent
353 3458 513 3516 manere,
540 3450 572 3505 et
600 3460 635 3508 se
659 3437 707 3506 eis
738 3437 822 3506 duit
852 3436 1015 3506 alimenta
1039 3437 1216 3507 daturum.
1253 3441 1328 3506 Cum
1349 3440 1434 3520 autent

203 3526 433 3602 mansissent,
465 3525 696 3614 suppeditavit
735 3526 910 3595 alimenta.
938 3531 976 3596 Et
1000 3547 1055 3594 res
1093 3524 1234 3612 quidem
1269 3527 1310 3593 ita
1332 3523 1433 3606 tranent

203 3615 370 3700 usquead
393 3635 581 3704 vesperum.
610 3619 691 3684 Cum
729 3636 793 3684 nor
819 3627 932 3684 autem
954 3614 1181 3695 adventasset,
1207 3615 1268 3702 qui
1290 3611 1360 3682 luris
1380 3620 1434 3689 tut·

202 3700 278 3770 dem
304 3716 411 3784 erant,
429 3723 528 3772 enses
543 3703 617 3792 jam
635 3704 835 3790 quatiebant
855 3702 1065 3772 terribiliter.
1085 3703 1243 3772 Monachi
1262 3693 1431 3770 autemluee

202 3790 354 3861 videntes
378 3804 410 3861 et
433 3792 624 3872 audientes,
645 3805 802 3862 sanctum
828 3791 1134 3873 circumsistentes,
1156 3813 1218 3882 pro
1237 3789 1429 3861 ensibuseutn

202 3879 313 3950 verbis
334 3880 519 3951 sariebant:
540 3880 663 3964 «Quid
689 3902 781 3982 ergo,
801 3879 965 3962 diceutes,
992 3881 1052 3951 tibi
1068 3903 1189 3951 omnes
1214 3881 1427 3980 propterunt}m

202 3970 416 4058 peribimus?
441 3969 547 4056 quue
574 3983 680 4039 morte
696 3969 851 4062 violenta
864 3981 896 4040 et
919 3969 1113 4040 acerbiter
1133 3970 1202 4038 tuis
1225 3969 1302 4040 illivs
1322 3973 1375 4033 ent
1389 3951 1427 4022 nn

202 4057 447 4143 praeferendus
474 4062 662 4128 externus?
685 4071 717 4127 et
746 4059 806 4129 tibi
832 4081 852 4127 a
883 4057 1119 4128 fundamentis
1155 4081 1234 4128 cum
1266 4049 1427 4141 tenplott·

202 4144 282 4212 ribit
307 4145 577 4214 monasterium?
606 4151 677 4215 lton
703 4146 872 4228 dimittes,
901 4169 968 4217 uon
993 4149 1061 4217 cito
1086 4147 1263 4237 praebebis
1285 4162 1368 4212 eum.
1389 4145 1427 4214 ll*

227 4298 238 4320 ·
252 4302 325 4349 Aspar
339 4306 409 4350 enlm,
424 4309 452 4366 ut
463 4307 513 4355 jam
523 4315 536 4345 a
546 4305 612 4348 nobie
622 4309 701 4349 dictus
712 4311 755 4354 est.
765 4311 872 4352 effecerat
891 4311 918 4352 ut
934 4311 982 4352 Leo
1004 4311 1132 4360 imperator
1148 4311 1171 4352 et
1188 4309 1295 4361 summ
1311 4295 1425 4344 “mmm

201 4349 344 4395 erenbertus
355 4367 410 4400 vero
420 4356 484 4400 ttlvus
494 4362 545 4399 erat
555 4362 659 4409 asparis.
