2960 4824
70 311 134 376 ont.
158 311 193 377 to
438 334 477 380 os
500 334 529 381 s.
554 317 672 382 iunoco
697 333 895 383 conrsssoas
1197 319 1261 384 339

67 415 212 484 nonnullis
221 416 466 488 obsistentibus
480 419 607 500 causis,
626 439 715 506 quae
727 419 830 489 ctiam
848 419 1035 488 maximam
1051 419 1214 490 virtutum
1229 421 1305 509 ejus

66 515 169 593 partem
185 517 328 576 anostra
348 507 513 576 memoria
532 507 758 578 sustulerunt.
780 508 855 578 Fuit
870 521 984 578 autem
1001 515 1159 578 sanctum
1177 530 1305 599 corpus

65 593 120 680 ejus
136 593 335 665 tumulatum
361 595 395 664 in
421 595 564 666 ecclesia
579 597 669 666 beati
688 597 789 678 Petri,
808 618 897 684 quae
909 609 1003 666 entra
1019 618 1137 667 muros
1157 597 1306 668 civitatis

65 693 125 750 tnnc
140 695 216 764 erat,
238 705 330 753 nunc
346 705 425 754 vero
441 684 530 754 intra
547 685 683 756 moenia
699 685 776 774 ejus
792 698 855 756 est.
873 691 912 756 ln
926 707 994 774 qua
1012 686 1180 773 requievit
1194 707 1306 774 usque

63 769 92 836 ad
113 782 233 860 tempus
256 771 436 842 badilonis
458 771 623 863 episcopi,
647 775 707 862 qui
727 775 758 844 ei
775 773 1079 862 decimusquartus
1103 775 1139 844 in
1164 775 1305 866 Episco-

62 869 124 944 patu
144 862 314 931 successit.
337 864 413 944 Hic,
439 883 518 930 cum
544 863 747 933 Nortmanni
773 862 920 934 Galliam
951 863 1040 954 depo
1066 863 1153 934 ulati
1177 877 1302 945 essent,

60 967 121 1015 cum
134 969 251 1040 magna
270 950 453 1042 diligentia
473 963 631 1021 sanctum
647 973 775 1041 corpus
791 952 826 1020 in
844 951 1026 1022 ecclesiam
1044 885 1162 1023 ieatae
1179 953 1305 1023 llariae

58 1036 214 1121 transtulit,
241 1039 304 1110 ubi
327 1038 516 1109 honorifice
530 1038 747 1122 collocatum,
769 1039 878 1111 multo
895 1054 1047 1130 tempore
1070 1042 1211 1129 quievit.

90 1126 186 1212 §¹6-
214 1133 317 1199 Porro
342 1127 462 1198 Otho*
482 1128 681 1219 imperator,
697 1129 837 1199 Raurici
858 1130 948 1220 regis
968 1129 1074 1211 lilius,
1101 1153 1122 1200 a
1146 1129 1305 1202 Fulberto

58 1216 264 1287 Cameracensi
285 1217 455 1308 Episcopo
478 1217 553 1286 dari
578 1218 645 1288 sibi
671 1220 766 1308 petiit
780 1239 924 1308 corpora
939 1231 1136 1290 sanctorum
1163 1241 1306 1310 praesu-

56 1299 113 1371 lum
132 1305 277 1377 lotberti
294 1319 327 1376 et
343 1306 536 1398 Gangerici.
563 1305 624 1376 llle
642 1328 720 1376 vero
738 1306 948 1395 quibusdam
974 1307 1009 1376 in
1034 1307 1220 1378 consilium
1246 1308 1307 1378 ad-

56 1389 161 1476 hibitis,
189 1394 392 1466 Theudorici
418 1395 672 1466 Cameracensis
696 1395 866 1485 episcopi,
892 1407 925 1465 et
948 1394 1091 1468 alterius
1119 1396 1306 1468 sacerdotis

54 1501 172 1570 corpora
189 1485 220 1553 ci
239 1483 348 1566 dedit,
375 1483 585 1571 quibusdam
611 1483 786 1572 adjunctis
810 1506 828 1554 e
851 1505 994 1574 corpore
1020 1489 1053 1554 S.
1076 1485 1227 1556 autberti
1252 1507 1304 1555 ar-

53 1567 166 1642 ticulis:
192 1573 381 1661 prudenter
405 1572 439 1642 id
465 1573 618 1664 quidem,
651 1594 695 1642 ne
718 1573 838 1643 civitas
862 1574 1116 1644 Cameracensis
1144 1574 1219 1645 suis
1245 1595 1306 1666 pa-

53 1659 141 1728 tronis
162 1661 354 1732 orbaretur.
382 1665 504 1731 Laetus
523 1661 631 1753 igitur
649 1665 851 1751 Imperator,
872 1662 1067 1762 praeclaras
1088 1662 1252 1750 reliquias
1270 1663 1305 1732 in

52 1750 246 1832 monasterio,
267 1749 361 1837 quod
379 1749 453 1841 ipse
470 1751 694 1842 llagdeburgi
708 1761 910 1832 construxit,
931 1751 1145 1841 reponendas
1157 1753 1302 1823 curavit.

51 1835 135 1905 Porro
157 1851 272 1908 autem
299 1837 427 1908 lamam
453 1839 672 1910 Germaniam
692 1860 830 1908 omnem
849 1852 1046 1930 occuparat,
1074 1853 1210 1910 sanctos
1226 1844 1308 1911 lut-

51 1921 163 2020 bertum
177 1928 455 2017 etGaugericum
476 1949 495 1997 e
519 1926 638 1999 Galliis
659 1928 693 1996 in
709 1928 889 1998 Sasoniam
909 1927 1110 1998 translatos:
1129 1928 1188 1998 sed
1207 1951 1307 1999 secus

51 2032 112 2100 tpsa
136 2037 186 2086 res
210 2015 326 2088 babet.
349 2017 480 2087 llostris
503 2017 595 2086 enim
627 2017 841 2107 temporibus
864 2016 1053 2088 Herluinus
1079 2016 1217 2108 praesul
1247 2022 1308 2087 tla-

51 2106 238 2176 neracensis
249 2104 437 2194 diligenter
455 2117 700 2196 perscrutatus,
716 2105 806 2176 beati
820 2106 1001 2194 Gangerici
1013 2127 1139 2194 corpus
1157 2105 1308 2175 maxima

49 2209 79 2256 cs
93 2207 178 2280 parte
203 2194 345 2284 reperit.
363 2194 445 2283 Ejus
470 2207 584 2264 autem
609 2216 788 2264 successor
812 2194 983 2264 Gerardus
1005 2195 1251 2265 monasterium
1270 2195 1306 2262 in

48 2297 102 2362 quo
118 2295 256 2355 sanctus
273 2283 459 2352 lutbertus
501 2283 635 2364 uiescit,
655 2284 698 2354 ab
715 2282 881 2353 Herluino
897 2283 1161 2373 amplificatum,
1181 2283 1215 2352 in
1236 2303 1308 2352 me·

50 2369 172 2469 noriam
197 2371 313 2442 sancti
330 2371 426 2441 Pauli
447 2305 646 2442 solemniter
661 2373 885 2452 consecrarit,
901 2393 1109 2463 sacrumque
1123 2371 1213 2442 beati
1230 2377 1309 2442 tut-

48 2451 116 2555 bertt
129 2481 259 2551 corpus
275 2460 349 2530 suis
366 2460 508 2532 sedibus
525 2461 672 2530 restituit
685 2483 777 2530 anno
791 2461 914 2531 Christi
927 2460 1185 2549 decimoquinto
1201 2482 1308 2550 supra

48 2545 272 2619 millesimum.
295 2547 360 2632 Qui
379 2549 474 2620 locus
490 2547 582 2619 haud
600 2549 720 2640 procul
736 2550 832 2619 abest
846 2550 890 2620 ab
906 2549 1052 2620 ecclesia
1068 2548 1309 2621 sanctissimae

46 2635 146 2708 llatris
170 2639 239 2719 Dei,
261 2649 293 2707 et
311 2651 496 2728 perpetuae
512 2638 661 2728 Virginis
681 2639 823 2708 Mariae:
851 2638 885 2708 in
910 2660 1018 2726 eoque
1043 2650 1133 2708 recta
1158 2637 1226 2706 lide
1251 2658 1307 2727 pe·

47 2725 191 2810 tentibus,
210 2727 314 2798 beato
330 2726 490 2797 liutberto
503 2727 744 2808 intercedente,
755 2727 923 2798 beneficia
936 2727 1053 2798 divina
1070 2738 1303 2818 praestantur.

464 3039 584 3142 titt
622 3043 665 3145 S.
700 3039 898 3156 tollet,

164 3245 284 3312 FILll
316 3245 457 3312 REGIS
490 3245 734 3314 BRlTONUll
767 3247 821 3312 ET
855 3245 1176 3313 CONFESSORIS

334 3443 392 3492 PER
415 3440 615 3492 subnubilus
638 3443 781 3490 Aflbfflll
806 3441 1008 3492 consentire.

93 3551 266 3602 nnumin
298 3550 337 3598 ΙΝ
367 3549 425 3597 tls,
458 3547 592 3598 conten
626 3547 966 3597 uultuutttlrtttttttt
994 3545 1250 3596 BRUGENSIUH.

492 3711 613 3767 seculo
635 3711 700 3766 VII
720 3709 857 3770 claruit.

79 3885 257 3956 Pnomcns.
282 3921 328 3934 —-
353 3881 525 3953 Universis
550 3895 788 3952 sacrosanctae
805 3882 924 3952 matris
942 3881 1112 3951 Ecclesiae
1133 3877 1310 3960 fidelibus,

47 3977 71 4033 ct
87 3975 270 4064 praecipue
286 3970 518 4042 confratribus
534 3971 674 4061 gloriosi
689 3970 895 4041 confessoris
918 3970 933 4038 J
939 3970 1039 4041 udoci
1057 3969 1103 4049 μ,
1121 3988 1181 4060 per
1205 3971 1312 4068 Fran-

47 4073 149 4130 tonim
174 4076 209 4133 et
229 4061 494 4132 teutonicorum
513 4081 617 4150 regna
640 4061 847 4142 constitutis,
865 4060 1057 4130 Florentius
1072 4057 1189 4127 divina
1207 4075 1311 4126 nuse-

50 4145 165 4220 ratione
177 4151 293 4222 Abbas
310 4150 488 4240 indignus,
509 4160 667 4236 totusque
683 4160 872 4220 conventus
889 4149 978 4218 beati
996 4147 1119 4218 ludoci
1139 4146 1181 4215 de
1205 4166 1312 4235 supra

70 4341 79 4362 ⁹
90 4345 161 4395 nutus
171 4345 277 4396 nominis
286 4348 305 4392 1,
315 4344 352 4386 vir
360 4347 424 4396 pects
434 4346 538 4394 mulque
547 4346 639 4386 srttbus
649 4342 756 4396 insignis,
765 4345 861 4396 pletatis
871 4349 951 4386 sutem
970 4345 1074 4386 assertor
1091 4345 1242 4394 praecipuus.
1252 4343 1316 4383 llum

49 4398 122 4440 mest
131 4401 243 4451 stagnum
252 4401 410 4452 appellavere,
417 4401 548 4442 muscam
558 4399 687 4450 taipertum
698 4399 771 4449 aerata
781 4399 810 4440 sb
822 4409 883 4440 suno
893 4400 932 4440 9⁸2
943 4409 1017 4449 usque
1027 4399 1056 4441 sd
1067 4407 1154 4440 sunum
1164 4397 1209 4438 ott.

73 4449 95 4476 ⁰⁸
107 4453 165 4495 Gall.
180 4455 252 4497 Josss.
