2960 4824
54 260 122 356 ute
140 293 178 356 lb
315 314 352 362 ns
375 315 403 361 s.
430 277 596 364 srrnroonis
619 313 766 362 arnume.
793 261 1024 362 rruurrrrn.¹
1168 299 1232 365 295

53 395 163 464 omnino
184 395 441 486 obstupefactus,
470 399 686 489 spiridonem
708 399 804 469 omni
828 400 956 469 honore
980 401 1218 489 prosequitur;
1239 413 1278 472 et

47 504 109 638 ,ium
132 485 332 642 D⁰⁸5tt¹³t⁵lb
363 500 401 557 ut
424 509 484 577 per
512 491 640 580 ipsum,
668 493 773 558 Deum
801 488 939 558 haberet
966 489 1165 578 propitium,
1196 513 1276 560 eum

65 592 160 640 omnm
208 588 327 647 rmrttrt.

79 661 176 744 §lll-
201 664 335 734 lotarim
365 686 443 734 vero
474 664 555 734 dum
593 666 677 736 haec
706 665 938 747 citarentur,
969 665 1114 736 moritur
1136 666 1276 753 quidem

46 763 139 818 sancto
159 750 237 832 lilia,
263 774 349 838 quae
375 767 455 823 nata
481 755 512 824 ei
542 752 652 824 luerat
673 688 933 825 exlronorabili
955 753 1128 846 conjugio,
1159 769 1192 824 et
1219 758 1279 825 llo·

46 838 112 904 noti
126 852 225 910 aetate
250 841 348 932 longe
370 843 610 932 speciosiorem
629 843 812 914 ostendens
828 845 1101 933 temperantiam,
1122 865 1281 933 perman·

46 924 77 992 sit
92 926 171 1017 virgo
194 943 259 999 toto
281 943 516 1022 temperares
539 954 628 1020 quae
652 954 740 1021 puro
764 955 891 1022 sponso
915 933 1020 1022 digna
1046 946 1098 1002 est
1118 931 1280 1004 thalamis
1372 947 1375 952 '

44 1013 229 1088 coelestibus.
256 1023 420 1091 Reversus
437 1032 550 1090 autem
569 1043 718 1112 magnus
743 1021 915 1111 Spiridon,
944 1043 1024 1091 cum
1047 1043 1121 1090 eam
1153 1021 1200 1090 ita
1228 1033 1280 1122 lu?

44 1099 117 1170 lissct
140 1105 383 1190 calamitatem,
411 1122 450 1179 ut
479 1131 541 1198 par
562 1123 613 1179 est
644 1111 755 1179 virum
786 1111 901 1196 talem3
923 1110 965 1180 ad
991 1132 1067 1180 eum
1097 1131 1193 1192 vero,
1219 1132 1281 1197 qur

45 1191 125 1276 paulo
144 1208 219 1265 ante
242 1197 434 1279 advenerat,
461 1200 661 1268 accessisset
676 1199 845 1287 quaedem
872 1198 1007 1282 mulier,
1035 1199 1142 1269 tristis
1160 1199 1282 1268 admo·

46 1278 110 1348 dum
126 1296 153 1352 ct
173 1285 302 1356 dellens
318 1286 531 1367 mirabiliter,
558 1288 648 1374 quod
667 1288 760 1378 apud
790 1287 896 1357 filiam
929 1289 1004 1377 ejus
1024 1288 1138 1357 adhuc
1162 1309 1281 1378 super·

45 1369 130 1438 stitem
152 1389 388 1445 ornamentum
419 1376 593 1463 quoddam
619 1398 761 1447 aureum
791 1377 810 1444 d
859 1377 1021 1456 osuisset‚
1048 1397 1198 1464 cumque
1222 1376 1282 1446 illa

43 1455 120 1527 celeri
143 1477 246 1533 morte
269 1479 446 1554 praerepta
477 1479 577 1546 esset,
609 1465 699 1551 quod
732 1465 807 1555 ejus
844 1465 911 1534 idei
949 1465 1117 1536 creditum
1143 1465 1279 1548 luerat,

41 1547 194 1632 apndeam
224 1555 417 1635 mansisset,
444 1553 510 1623 suit
533 1555 597 1622 hoc
623 1566 740 1624 sancto
765 1576 867 1623 curae
890 1554 1039 1644 (quidni
1062 1554 1173 1637 enim,
1200 1575 1281 1624 cum

40 1650 108 1704 essct
122 1640 231 1710 animo
248 1655 316 1710 tam
337 1643 519 1732 benignol)
542 1655 575 1712 et
598 1643 664 1712 nisi
691 1643 926 1712 restitueretur
951 1643 1157 1733 depositum,
1177 1643 1283 1713 riola-

41 1733 96 1790 tnm
113 1727 167 1814 jus
182 1750 256 1798 esse
276 1730 467 1817 judicabat,
498 1743 530 1801 et
556 1730 586 1800 ei
618 1733 760 1821 putabat
783 1731 858 1802 lieri
883 1732 1061 1820 injuriam.
1093 1737 1175 1802 Cum
1201 1753 1282 1822 ergo

41 1821 122 1882 totam
140 1839 234 1886 snam
250 1818 392 1889 domum
411 1820 595 1910 diligenter
609 1835 793 1902 scrutatus,
814 1843 984 1907 nusquam
1005 1822 1053 1903 id,
1072 1821 1162 1906 quod
1179 1842 1282 1907 quae-

42 1900 164 1984 rebatur,
191 1921 321 1995 poterat
338 1909 501 1990 invenire,
519 1910 686 1996 quidnam
708 1911 756 1990 ht,
773 1922 806 1979 et
830 1910 1130 1996 qnemnamalten
1153 1911 1283 1979 exitura

39 1990 190 2081 multiplex
213 1997 269 2066 Dei
287 1998 480 2086 sapientia?
503 1997 638 2068 Accedit
654 1997 695 2066 ad
715 1997 879 2078 loculum,
906 1999 995 2068 sicut
1021 2020 1117 2066 meus
1130 1999 1284 2068 Christus

39 2077 115 2160 prins
135 2082 173 2150 ad
198 2089 377 2167 Lazarum,
397 2099 434 2156 ut
448 2088 509 2172 qui
523 2087 666 2156 omnino
679 2101 768 2156 esset
783 2087 1075 2176 ejusdiscipulus‚
1102 2099 1146 2166 et,
1167 2085 1282 2173 quoad

37 2165 96 2249 ejus
113 2169 179 2240 lieri
200 2187 327 2263 posset,
356 2197 409 2244 res
438 2176 531 2245 illius
560 2175 763 2244 imitaretur.
791 2175 886 2244 Multi
914 2189 1027 2246 autem
1058 2195 1137 2244 eum
1164 2197 1285 2262 seque-

40 2251 140 2350 bantur
159 2283 197 2331 ex
223 2265 280 2344 iis,
295 2263 355 2350 qui
379 2285 457 2333 cum
480 2264 539 2332 illo
556 2264 792 2334 versabantur,
812 2263 938 2334 Deinde
963 2263 1105 2353 perinde
1128 2264 1199 2332 acsi
1215 2285 1282 2332 non

40 2349 235 2436 tcaputcro.
266 2352 376 2421 sedin
402 2352 555 2422 thalamo
572 2353 686 2422 adbuc
709 2365 798 2422 esset
822 2352 907 2433 viva,
934 2354 1141 2424 conveniens
1161 2350 1283 2434 filiam,

44 2443 289 2510 casnonomine
307 2453 434 2522 vocata,
456 2442 620 2511 omnibus
634 2442 693 2528 qui
711 2463 790 2510 cum
812 2463 851 2511 eo
875 2441 1017 2511 aderant
1040 2443 1283 2522 audientibus;

43 2521 134 2594 «lilia
155 2533 269 2610 Irene,
288 2530 412 2615 inquit,
434 2531 495 2600 ubi
519 2543 570 2599 est
584 2542 839 2612 ornamentum,
860 2531 950 2618 quod
970 2531 1061 2622 apud
1088 2543 1119 2600 te
1143 2530 1208 2599 luit
1227 2529 1286 2598 de-

42 2610 182 2704 positum?
200 2641 219 2685 o
240 2616 307 2687 Illa
331 2631 506 2705 tamquam
535 2641 576 2688 ex
607 2618 703 2688 molli
729 2619 845 2706 aliquo
876 2641 997 2690 somno
1025 2617 1283 2719 expergefacta,

38 2701 120 2792 simul
142 2727 268 2776 sanum
288 2727 427 2776 servans
442 2720 474 2776 et
493 2707 652 2796 spiritum
671 2721 855 2778 atrocem:
879 2731 897 2775 a
917 2709 1059 2778 Domine
1080 2730 1138 2789 mr,
1158 2719 1283 2795 mqurt,

37 2805 62 2852 tn
77 2787 132 2860 bac
149 2809 242 2882 parte
261 2795 387 2865 domus
406 2795 470 2865 luit
494 2819 513 2866 a
538 2818 593 2864 me
613 2797 800 2884 repositum
818 2819 960 2866 aureum
987 2796 1072 2866 illud
1099 2815 1283 2865 ornamem

37 2884 138 2946 tum.»
162 2885 293 2954 Invasit
314 2897 389 2973 post
417 2885 500 2954 hace
524 2898 645 2974 stupor
669 2907 726 2954 eos
754 2885 813 2972 qui
839 2886 991 2955 aderant.
1024 2885 1151 2955 Deinde
1179 2887 1285 2954 mira·

35 2963 131 3038 culum
155 2974 259 3044 etiam
292 2974 447 3060 sequitur
480 2973 575 3043 aliud
605 2973 826 3043 miraculum.
853 2979 935 3044 Nam
962 2973 1105 3063 perinde
1128 2974 1199 3044 acsi
1228 2972 1286 3042 ille

34 3069 105 3124 esset
120 3059 202 3132 ritae
218 3073 253 3131 et
275 3063 395 3132 mortis
419 3061 594 3140 dominus,
621 3075 654 3132 et
669 3063 732 3131 hoc
756 3063 847 3132 dono
870 3085 888 3132 a
914 3063 1044 3132 Christo
1069 3085 1170 3150 quern
1197 3061 1289 3132 desi-

33 3138 154 3238 tlerahat
176 3151 380 3231 honoratus,
408 3151 469 3238 qni
492 3151 534 3221 ad
560 3151 661 3220 brerc
692 3163 829 3240 tempus
858 3165 995 3242 propter
1019 3173 1121 3221 usum
1147 3173 1221 3221 eam
1241 3151 1289 3250 ri-

36 3230 220 3320 tilicaverat,
236 3241 338 3330 jubet
362 3261 482 3310 rursus
509 3240 617 3310 mori:
654 3262 672 3306 «
698 3241 812 3310 Dormi
837 3239 1022 3321 decaetero,
1050 3241 1175 3327 inquit,
1202 3237 1286 3338 lilia,

33 3315 124 3394 donec
145 3329 346 3399 communis
375 3329 540 3404 Dominus
564 3340 692 3398 tecum
719 3329 882 3400 omnibus
911 3329 1141 3398 communiter
1163 3339 1289 3397 exerta·

35 3411 111 3482 verit.
131 3439 149 3482 »
173 3423 254 3506 lpse
271 3430 385 3486 autem
402 3439 480 3486 cum
505 3418 705 3487 accessisset
729 3417 770 3487 ad
797 3417 892 3487 illam
914 3417 1005 3488 filiae
1023 3416 1286 3517 domunculam,

32 3510 67 3576 tl,
82 3515 117 3572 ut
134 3504 268 3576 dixerat
291 3505 374 3586 filia,
402 3521 642 3576 ornamentum
668 3507 854 3576 invenisset
877 3520 909 3577 ct
928 3505 1136 3584 sustulisset,
1160 3503 1194 3572 rd
1222 3516 1290 3574 tra-

33 3584 72 3685 dit
93 3593 242 3676 mulieri,
270 3594 320 3664 sic
336 3606 369 3663 et
392 3617 523 3685 augens
541 3595 761 3678 miraculum,
780 3608 813 3665 et
836 3596 910 3685 ejus
928 3595 1095 3684 majorem
1115 3593 1219 3664 fidem
1238 3593 1290 3662 lo-

32 3694 120 3748 nens.
144 3687 184 3752 Et
209 3681 295 3753 haec
318 3683 459 3771 quidem
475 3684 510 3752 in
536 3683 661 3755 insula.
1249 3771 1255 3783 Ι

65 3767 172 3850 lu.
202 3776 245 3841 Ut
260 3783 374 3842 autem
394 3771 571 3841 Antiochia
595 3793 730 3858 quoque
755 3784 868 3862 posset
892 3772 1006 3842 videre
1020 3771 1212 3862 spiridonis
1225 3793 1291 3840 vrr-

34 3863 123 3926 tutem
157 3872 192 3930 et
243 3862 391 3941 retiam,
417 3871 449 3930 et
472 3859 515 3930 de
537 3882 575 3930 ea
601 3861 688 3929 ferre
716 3859 974 3942 testimonium,
1005 3861 1069 3930 hoc
1092 3882 1231 3950 quoque
1253 3860 1293 3931 fit

33 3942 115 4015 valde
132 3883 350 4030 mirabiliter,
371 3960 404 4018 et
419 3963 539 4019 contra
552 3949 764 4038 opinionem.
784 3947 961 4032 Quomodo
978 3972 1068 4030 vero,
1083 3950 1155 4050 jam
1181 3961 1292 4019 osten·

33 4027 77 4098 det
96 4038 221 4108 oratio.
240 4043 355 4130 lluper
381 4039 520 4124 quidem
544 4059 696 4128 magnus
719 4039 975 4119 Constantinus,
996 4038 1114 4109 relicto
1134 4040 1291 4128 imperio,

32 4122 144 4193 erinis
171 4127 190 4162 *
218 4142 427 4198 excesserat:
467 4126 500 4195 id
533 4141 647 4197 autem
677 4127 739 4196 lilii
777 4128 975 4196 diviserant.
1003 4133 1041 4196 Et
1077 4129 1294 4196 Constantius

33 4211 171 4297 quidem,
200 4215 256 4288 cui
284 4229 376 4288 sorte
399 4216 591 4305 obtigerat,
619 4227 656 4285 ut
680 4227 807 4285 teneret
839 4217 1024 4306 imparium
1062 4216 1233 4296 Orientis,
1259 4217 1296 4285 in

35 4315 145 4390 nagna
178 4306 266 4376 urbe
295 4305 531 4396 cocleayriac,
566 4325 691 4395 nempe
726 4304 924 4387 Antiochla,
962 4304 1175 4377 versabatur.
1210 4308 1296 4375 Eum

54 4422 203 4472 mnam.
