2932 4812
256 281 319 346 026
652 297 690 344 na
715 297 742 343 s.
769 295 894 348 xxnann
918 293 1046 344 nonani
1301 264 1368 330 DEC-
1387 263 1411 328 34

211 385 321 475 ajunt,
343 381 526 454 duodecim
553 381 673 452 millia.
697 380 751 450 llli
775 392 888 451 autem
918 380 983 451 hoc
1007 381 1196 451 universum
1222 369 1417 444 distribuebant

212 472 434 564 pauperibus,
461 483 564 562 atque
580 469 658 540 illos
674 471 768 562 ipsos
791 490 892 562 agros
909 481 1026 560 postea
1051 467 1272 541 vendiderunt.
1295 464 1350 530 Hoc
1365 477 1416 526 nero

211 573 262 634 est
290 574 533 633 aramentum
565 582 684 632 corum
710 560 921 641 divitiarum
948 581 1067 630 eorum
1087 559 1170 630 enim
1199 555 1335 651 domum,
1359 569 1416 648 qnae

210 663 282 724 erat
302 585 386 722 adeo
401 648 582 740 splendida
597 663 629 720 et
644 649 841 741 magnifica,
864 649 984 720 nullus
1004 655 1227 720 Romanorum
1246 651 1341 734 potuit
1355 649 1415 729 juste

211 742 319 834 pretio
342 761 467 811 emere:
495 740 574 832 igne
598 750 715 824 autem
732 751 847 830 postea
871 739 1067 810 abarbaris
1091 749 1247 816 exustam,
1271 751 1340 832 cnm
1358 724 1414 796 nnl-

212 846 285 903 tum
320 829 362 900 de
387 828 493 920 pretio
522 829 747 912 remisissent,
782 849 855 900 eam
913 827 1199 919 uoqcesimiliter
1221 817 1411 917 vendiderant.

213 922 327 1010 majus
346 915 511 1008 quiddam
543 941 645 1008 quam
678 920 754 1000 lob,
782 931 820 989 ut
844 852 930 988 milri
955 918 1095 1006 quidem
1128 915 1263 1014 videtur,
1287 911 1340 1011 bac
1360 925 1412 974 nnn?

213 1011 386 1081 facientes.
412 1014 495 1080 Nam
525 1010 556 1079 ei
579 1007 717 1097 quidem
741 1018 924 1098 paupertas
945 1007 1010 1078 fuit
1034 1006 1273 1084 involuntarra;
1295 1001 1326 1070 br
1346 1009 1413 1095 aneu

214 1100 370 1170 lubentes
393 1119 433 1168 ex
457 1097 637 1168 ditissimis
667 1099 775 1169 allecti
804 1109 885 1169 sunt
916 1097 1141 1188 pauperrimi.
1165 1101 1201 1166 Et
1223 1095 1292 1182 ejus
1322 1083 1411 1176 quiden

212 1211 299 1261 uxor
323 1210 389 1259 non
417 1209 543 1347 malm
566 1199 599 1258 et
621 1187 699 1258 sorti
723 1187 840 1258 animo
859 1186 989 1259 serebat
1011 1187 1102 1276 quod
1127 1183 1318 1276 contigerat:
1334 1173 1416 1267 llnlana

215 1291 411 1348 autemnon
435 1299 471 1350 so
488 1299 546 1348 um
571 1277 661 1366 quod
688 1277 728 1346 ad
756 1299 792 1346 se
808 1277 982 1360 attinebat,
1002 1276 1035 1346 id
1062 1277 1214 1347 lubenter
1235 1269 1364 1373 faciebat,
1382 1281 1415 1331 sar

213 1369 314 1439 etiam
333 1367 495 1438 maritum
522 1367 665 1438 laciebat
686 1367 887 1458 participem
913 1367 967 1438 sui
993 1365 1087 1456 scopi
1112 1362 1306 1436 etinstitutn.
1327 1362 1416 1426 listen-

215 1471 280 1529 tem
303 1457 386 1527 satis
405 1456 556 1540 evidens,
579 1479 765 1547 supernam
788 1455 959 1526 dexteram
983 1455 1032 1526 eis
1050 1478 1149 1548 opem
1176 1453 1381 1550 tulisseque
1397 1451 1413 1508 n

214 1559 341 1620 stantes
364 1545 588 1628 custodiebat,
615 1559 647 1616 et
674 1547 703 1616 si
731 1545 870 1634 quando
897 1545 1043 1618 luissent
1071 1542 1291 1637 supplantati,
1313 1552 1414 1638 iperet

214 1637 371 1795 protinus
388 1637 539 1727 erigebat
552 1649 584 1706 et
601 1635 770 1706 firmabat.
799 1641 877 1725 Ipsa
901 1657 958 1706 eos
979 1657 1080 1726 saepe
1103 1655 1182 1704 cum
1198 1635 1231 1702 in
1251 1650 1359 1703 somnis
1371 1643 1413 1712 prt-

228 1725 421 1808 aberentur,
449 1725 670 1808 sustollebat‚
696 1738 728 1797 et
752 1746 810 1796 eos
836 1725 1005 1796 alliciebat
1031 1725 1200 1796 cautiores
1227 1723 1261 1792 in
1286 1727 1411 1814 posternat·

213 1814 404 1903 Aliquando
428 1827 541 1886 autem
560 1815 623 1885 sibi
644 1815 706 1884 nisi
732 1827 812 1884 sunt
828 1817 930 1885 ambo
958 1814 1063 1885 simul
1088 1815 1123 1883 in
1150 1812 1308 1916 principio
1326 1803 1411 1894 quiden

214 1905 393 1976 ambulare
410 1905 569 1992 perviam
585 1903 772 1975 admodum
787 1916 971 1996 angustam
986 1915 1019 1974 et
1031 1903 1132 1974 fossis
1148 1911 1409 1992 interceptamqttf

214 1995 261 2066 ita
283 2014 342 2064 eos
365 1993 554 2084 affligebat,
589 2007 626 2064 ut
658 1993 855 2064 riderentur
879 1994 946 2064 sibi
976 2015 1050 2063 esse
1077 1994 1213 2064 contriti
1245 2005 1274 2062 et
1295 1985 1411 2059 conlrart-

214 2089 397 2172 Postquam
423 2105 500 2154 vero
519 2105 593 2153 eam
618 2105 697 2154 cum
725 2105 849 2174 magna
883 2082 1065 2153 afflictione
1096 2105 1135 2153 ac
1162 2080 1354 2175 perpessione
1366 2090 1412 2173 rot·

213 2173 384 2254 fecissent,
401 2185 483 2243 tuno
502 2195 560 2242 eos
572 2175 704 2264 excepit
721 2172 891 2252 relaxatio,
909 2172 1125 2260 liberumque
1140 2185 1173 2242 et
1188 2172 1287 2242 latum
1309 2178 1410 2263 spatnnn.

213 2276 246 2333 et
271 2263 426 2354 voluptas
457 2262 641 2333 inellabilis
664 2277 696 2334 et
719 2262 818 2332 valde
850 2260 1077 2332 admirabilis.
1111 2263 1165 2331 Sic
1190 2267 1276 2332 Dens
1297 2253 1411 2344 efficiebat

213 2365 252 2424 ut
273 2352 295 2422 ii
320 2362 434 2442 aperte
467 2350 509 2422 de
541 2351 667 2422 suturis
699 2364 825 2422 certam
860 2353 1080 2441 conciperent
1112 2351 1295 2432 fiduciam,
1320 2360 1344 2416 et
1364 2348 1412 2428 qne

215 2462 336 2533 parvos
361 2441 494 2512 labores
521 2463 645 2530 magna
670 2441 758 2511 bona
781 2453 894 2514 essent
914 2452 1153 2511 consecutura.
1369 2519 1372 2530 Ι

258 2534 369 2620 §st
399 2530 461 2601 Sed
489 2551 597 2618 neque
621 2544 692 2601 erat
721 2530 898 2622 negligens
924 2531 1119 2600 communis
1151 2529 1413 2612 inimicaeque

214 2634 264 2692 est
288 2621 323 2690 in
343 2620 531 2711 proverbio,
561 2620 715 2690 movebat
738 2643 873 2690 omnem
906 2619 1104 2700 rudentem;
1138 2620 1195 2690 sed
1223 2620 1415 2700 stanneam

214 2710 320 2790 illius,
346 2710 510 2781 omnibus
534 2708 671 2796 quidem
705 2709 816 2781 modis
844 2709 1118 2800 aggrediebatur,
1147 2731 1281 2800 semper
1302 2715 1413 2804 autent·

214 2812 290 2870 ctus
315 2799 503 2869 recedebat.
527 2799 668 2868 Collecta
698 2799 885 2886 aliquando
909 2799 1020 2869 suerat
1044 2801 1087 2870 ab
1112 2798 1181 2870 illis
1202 2799 1305 2887 justis
1328 2801 1414 2864 avisant

215 2889 376 2969 inanima,
399 2904 430 2961 et
450 2889 547 2958 humi
568 2899 638 2959 erat
654 2887 782 2960 eflusa:
812 2888 937 2959 domus
953 2900 1066 2958 autem
1094 2901 1158 2960 tota
1180 2910 1265 2958 auro
1289 2909 1343 2956 non
1362 2891 1414 2948 sanni

214 2989 317 3067 atque
334 2977 412 3079 igne
434 2977 636 3049 collucebat.
667 2984 746 3048 Erat
779 3001 856 3050 vero
881 2978 945 3048 hoo
969 3000 1093 3048 aurum
1119 2979 1352 3050 subventurum
1369 2986 1416 3036 nn.-

215 3081 327 3137 torum
353 3069 488 3157 mopiae
511 3081 544 3137 et
567 3068 765 3138 calamitati.

259 3158 277 3244 ἕ
301 3159 373 3229 18.
400 3161 494 3226 Tunc
512 3156 685 3247 malignus
710 3157 820 3248 coepit
844 3179 906 3228 suo
926 3157 974 3226 uti
1000 3156 1156 3238 artificio,
1175 3157 1249 3246 ejus
1270 3155 1416 3226 lacienann

216 3245 328 3337 specie
353 3244 547 3328 illustravit,
570 3247 683 3318 colore
706 3247 780 3336 ejus
805 3249 959 3316 animum
989 3244 1084 3316 leniit
1111 3257 1144 3316 et
1167 3245 1334 3323 demulsit,
1354 3236 1417 3326 adut·

217 3337 292 3407 nuit
324 3336 440 3438 magni
472 3336 645 3426 pandoria,
681 3337 828 3406 ostendit
861 3334 1152 3426 pulcritudinem:
1180 3335 1334 3407 omnibus
1353 3320 1417 3430 'niul-t

216 3425 349 3496 volebat
364 3447 396 3495 en
415 3425 545 3515 eripere
561 3447 637 3496 vere
658 3447 821 3518 magnum
844 3427 1042 3496 thesaurum
1065 3425 1219 3508 rationis,
1246 3438 1278 3496 et
1299 3417 1371 3517 ιιίΙιιΙΙ
1385 3427 1417 3480 nnn

218 3514 432 3598 moliebatur,
451 3527 490 3585 ut
513 3513 659 3586 efficeret
682 3537 757 3585 eam
776 3517 851 3586 auri
868 3537 983 3585 amore
1002 3515 1119 3586 teneri.
1139 3515 1202 3584 Sed
1225 3515 1340 3587 frustra
1353 3520 1417 3576 eant·

218 3602 335 3694 lignus
350 3606 492 3695 parabat
509 3605 664 3687 insidiae
684 3605 808 3676 etenim
825 3628 903 3675 cnm
921 3627 961 3674 ea
975 3604 1025 3673 illi
1043 3604 1291 3695 perturbationi
1307 3607 1417 3686 tanqum

216 3692 352 3765 frenum
369 3693 552 3784 injecisset,
576 3695 650 3764 auri
672 3694 777 3765 colori
798 3718 836 3764 ea
861 3694 910 3765 illi
934 3694 1140 3786 opponebat,
1167 3718 1257 3784 quae
1279 3711 1367 3780 neque
1383 3697 1418 3778 tlt·

216 3783 270 3854 bis
290 3781 464 3873 explicari,
493 3805 602 3872 neque
620 3797 732 3854 mente
755 3785 1012 3876 comprehendi,
1033 3806 1143 3872 neque
1169 3798 1315 3876 tempora
1337 3781 1416 3865 triane

218 3883 384 3964 poterant,
404 3874 461 3944 sed
488 3886 569 3945 stant
585 3875 619 3944 in
633 3887 810 3945 aeternum
829 3875 914 3948 senii
935 3875 1084 3965 expertia
1102 3887 1135 3944 et
1152 3871 1417 3946 immoriebantur

217 3976 330 4034 autem
348 3963 377 4032 ei
401 3963 584 4034 marianam
602 3965 758 4036 excitavit
782 3975 1028 4055 tempestatem,
1050 3976 1088 4035 ut
1115 3963 1241 4035 mulier
1264 3963 1317 4034 illa
1339 3965 1417 4049 egtlll

219 4053 399 4143 paulopost
423 4053 641 4142 significavit,
668 4055 732 4123 hoc
755 4068 850 4124 erat:

261 4145 365 4228 §lab
384 4146 494 4221 «Erat,
512 4142 633 4230 inquit,
652 4144 735 4212 mihi
752 4143 893 4234 quidam
912 4167 1003 4236 eger,
1019 4144 1080 4232 qui
1098 4145 1300 4215 amoenitate
1310 4153 1335 4210 et
1345 4133 1417 4228 pulan-

220 4229 337 4296 tudine
361 4230 446 4300 alios
470 4253 589 4301 omnes
607 4233 802 4323 superabat.
830 4239 867 4303 ln
887 4235 949 4304 boc
963 4247 1076 4304 autem
1096 4233 1172 4325 ipso
1188 4233 1352 4305 eratetiam
1371 4225 1418 4292 llll·

219 4334 328 4395 sslUffl,
347 4319 610 4415 ¹etartisrciotam
634 4323 806 4411 pulcrum,
826 4337 904 4394 etex
923 4337 988 4394 tam
1012 4325 1103 4395 bona
1121 4326 1261 4396 materia
1278 4317 1416 4412 conlectnnt

220 4411 252 4465 et
275 4421 374 4486 aquis
404 4421 471 4478 tam
492 4411 712 4499 jucundum,
742 4427 779 4486 ut
802 4415 956 4506 cujusvis
983 4413 1143 4486 deliniret
1173 4415 1416 4492 animumne
