2920 4810
210 293 291 362 986*
557 313 821 361 alexandrinorum
850 313 1066 360 icuusruaruxa
1234 293 1314 359 ubl.
1329 297 1345 356 5
1358 291 1413 355 xxi

829 395 884 470 lix,
906 397 977 457 iuda
991 405 1058 457 arat
1071 397 1188 467 beatus,
1209 396 1271 474 quia
1294 393 1414 467 uxorejm

283 473 311 536 S.
324 473 484 538 FllllFlUS
500 475 680 538 Errscouus.
829 481 982 554 braquam
1005 475 1096 536 vinea
1117 475 1224 537 fertilis
1240 483 1299 535 crat
1311 474 1338 533 iu
1350 479 1413 538 tem,

351 582 476 646 gamm
490 583 606 644 ,mmo
829 561 860 615 et
875 555 928 615 ulii
951 555 1017 630 ejus
1037 555 1295 618 circumdederant
1313 563 1413 612 neuen

610 631 617 644 '
830 635 915 710 ejus?
935 631 1042 696 Omnia
1061 636 1116 696 iste
1139 633 1261 712 perlecte
1281 631 1367 700 babet,
1383 627 1413 686 :el

206 715 387 776 llauurnon.
413 747 451 760 -··
473 715 611 776 Trevbls
637 713 668 778 S.
690 713 803 776 Fmrru
830 717 862 774 iu
877 729 1001 792 corpore
1023 713 1116 786 illius,
1132 716 1185 793 qui
1202 713 1247 776 bic
1265 710 1410 796 describitur.

167 811 201 854 ex
219 793 334 856 dbbete
349 793 482 874 ejusdem
507 797 638 856 civitatis
651 793 799 874 Episcopi.
830 793 953 872 Etonia
968 793 1077 856 sicilie
1100 795 1256 866 intellexit,
1277 793 1408 878 contempl

208 872 354 934 Barouius
377 875 449 936 baec
469 875 639 936 subnectit:
663 874 746 934 allio
769 875 802 934 li·
832 875 1021 950 praesentia,
1044 881 1079 934 ut
1099 875 1246 952 acciperet
1264 867 1407 933 saturab-

167 960 215 1014 cet
228 954 338 1014 alicubi
362 953 527 1032 Episcopus
547 956 646 1015 dictus
671 957 801 1030 reperia-
832 953 936 1013 ueritis
950 961 1066 1029 autem,
1083 953 1218 1027 Fratres,
1241 967 1298 1012 nou
1312 961 1408 1024 euup‘v

168 1041 231 1105 tur,
263 1043 361 1095 tameo
390 1035 421 1094 in
452 1033 562 1095 tabulis
584 1033 801 1112 Episcoporum
831 1047 898 1093 sum
909 1031 1411 1112 mortemqoamalitltarrprespas

170 1113 411 1185 Treuirensium
432 1129 507 1191 quas
517 1113 674 1190 descripsit
695 1113 803 1175 Demo·
832 1121 914 1174 sont.
939 1109 1098 1173 Confessus
1119 1119 1164 1174 est
1183 1113 1277 1184 euim,
1298 1107 1415 1171 dilatusat

168 1193 298 1263 clrares,
322 1191 425 1254 nullus
446 1193 511 1270 ejus
533 1195 669 1254 nominis
690 1191 804 1268 legitur
832 1191 868 1252 ad
892 1197 1062 1258 tormenta.
1084 1191 1145 1254 alio
1160 1193 1209 1252 die
1230 1193 1373 1253 intentum
1393 1197 1417 1272 es·-

168 1273 340 1350 Episcopus.
363 1271 456 1334 Porro
476 1271 649 1334 chronicon
672 1280 803 1334 monast.
833 1269 1418 1352 corpusejusexanimefllauserunteum

169 1351 311 1414 German.
333 1351 470 1414 abbatem
486 1367 556 1414 eum
572 1351 710 1430 appellat.
727 1375 740 1408 a
834 1349 877 1412 illi
892 1367 1054 1424 carcerem,
1080 1352 1132 1412 sed
1147 1354 1278 1429 corpori,
1294 1363 1347 1410 ucu
1360 1359 1419 1421 spao-

265 1427 269 1440 '
835 1429 1074 1502 tui.0uemillic
1089 1431 1420 1510 parabanttorquercor·

249 1509 279 1570 S.
293 1508 444 1571 LAETUS
458 1510 567 1572 Pnnsu.
582 1526 618 1570 rr
635 1508 725 1572 Coun.
836 1509 951 1583 uitlces,
973 1509 1130 1572 absentem
1144 1513 1340 1576 invenerunt,
1358 1503 1421 1583 perd!-

183 1613 306 1678 Fporuft
320 1617 440 1678 Μαῖα
460 1617 509 1680 Ἠ,
524 1651 561 1662 ,
578 1616 650 1680 Ναί,
668 1615 789 1680 Gallus·
835 1590 947 1651 derunt
960 1590 1117 1652 saevitiam
1138 1605 1236 1652 saram.
1258 1587 1365 1650 lacebat
1380 1597 1419 1644 exa·

838 1669 1420 1745 ulmis,sinesensuiliis,netorquereiu:

210 1748 391 1812 blanrraoc.
407 1783 445 1794 -·
461 1751 633 1814 Aurelianis
659 1751 689 1812 iu
712 1749 805 1813 Gallia
836 1763 905 1810 cum
926 1765 1015 1810 seusu
1037 1749 1116 1826 apud
1138 1749 1247 1824 Deum,
1264 1755 1420 1809 utcorouare

171 1831 265 1890 sancti
283 1829 376 1892 Laeni
391 1829 805 1908 PresbyterietCoulessuris.
837 1837 897 1889 tur.
920 1827 1009 1889 Unde
1030 1837 1061 1888 el
1075 1829 1132 1890 iste
1145 1828 1231 1902 felix,
1253 1829 1369 1902 Fratres,
1386 1835 1420 1910 iil

211 1907 341 1986 Laetus,
368 1911 420 1990 qui
450 1909 562 1972 Gallice
586 1911 637 1972 bid
661 1916 806 1984 vocatur,
836 1913 953 1969 mutum
972 1909 1109 1982 nomina,
1123 1907 1176 1969 sed
1192 1917 1223 1970 et
1238 1906 1422 1986 praemioutn·

172 1988 329 2050 duodecim
351 2005 449 2051 annus
472 1997 570 2064 iratus,
596 1991 687 2051 tritam
704 2004 807 2052 mona·
835 1993 990 2060 aeternae,
1005 1989 1028 2046 si
1047 1989 1102 2049 ista
1118 1987 1264 2051 dilexit.»

172 2069 274 2130 sticam
297 2069 454 2146 amplexus
474 2077 529 2144 cst,
553 2071 583 2129 in
606 2085 688 2147 oua,
711 2085 805 2148 ouum
875 2067 1003 2128 llullom
1025 2065 1213 2144 disputatum
1229 2057 1421 2150 esldeloroal·

172 2147 341 2210 uirtutibus
362 2149 505 2210 omuibus
526 2151 688 2222 emineret,
712 2165 806 2210 sacer·
835 2143 866 2207 S.
884 2146 966 2208 Felix
988 2146 1068 2208 diem
1084 2161 1175 2207 sirum
1192 2147 1279 2221 obiit,
1299 2143 1423 2216 acdeepa·

173 2227 225 2288 dos
245 2233 364 2290 creatus
386 2229 452 2292 luit.
483 2227 610 2290 Videtur
631 2229 666 2290 ad
688 2227 805 2291 coelum
835 2226 904 2287 dem
928 2229 1063 2289 nomine.
1087 2225 1275 2288 Probabilius
1303 2231 1385 2287 auten
1401 2233 1424 2272 r

173 2309 319 2384 migrasse
340 2323 419 2368 auno
434 2307 502 2370 ott.
526 2305 636 2370 Sacrae
656 2308 723 2386 eius
737 2325 808 2370 exu-
835 2305 924 2366 detur·
944 2305 1079 2369 'loinlssa
1110 2320 1172 2366 uon
1201 2305 1303 2382 procul
1329 2303 1423 2379 Hippou

173 2389 267 2458 viae,
291 2388 322 2447 iu
350 2387 504 2449 ecclesiam
528 2387 683 2464 cujusdam
705 2390 805 2466 oppidi
836 2384 937 2447 luisse.

174 2466 318 2528 dioecesis
341 2466 567 2528 Arrroliauausis
587 2467 744 2546 (Ordesos)
761 2485 807 2528 re-

173 2547 323 2619 conditae,
345 2561 461 2608 summa
484 2549 682 2610 ueneratione
703 2547 807 2610 colun·
964 2541 1015 2605 SS.
1039 2543 1144 2606 Dracen
1166 2545 1340 2606 unsarans.

176 2633 236 2688 tur.
260 2625 291 2686 lu
309 2627 369 2698 ria,
391 2641 468 2704 pirae
493 2627 658 2688 Aurelianu
679 2627 808 2690 Parisios
1061 2651 1150 2712 Am
1178 2650 1247 2714 637Ι

175 2704 270 2780 ducit,
300 2719 392 2782 papus
413 2709 526 2774 existit,
548 2708 599 2784 qui
622 2723 636 2768 a
660 2707 692 2770 S.
716 2708 807 2770 Laeto

176 2800 289 2847 nomen
320 2787 423 2846 trabit.
448 2788 491 2864 (Ε
511 2785 630 2860 Balliet,
662 2787 717 2850 no
745 2788 808 2848 Vico
876 2784 1056 2846 llanrxnox.
1075 2816 1112 2828 -
1129 2783 1277 2862 'lbedpoli
1299 2787 1424 2860 sanctorm

176 2862 370 2935 doaSuioisl.
716 2881 720 2890 ·
837 2864 940 2925 decem
977 2863 1170 2940 Martyrum,
1192 2865 1246 2943 qui
1273 2881 1288 2926 a
1315 2863 1425 2925 &urani

838 2946 914 3023 passi
931 2943 1088 3022 leguntur.
1398 3013 1402 3022 ,

203 3049 316 3089 ocuxro
331 3049 398 3089 rnue
681 3050 781 3091 nmvr.
884 3021 1048 3102 Theopolis
1073 3021 1235 3086 Aniiochia
1258 3030 1301 3086 est
1316 3018 1412 3094 ilipa

841 3103 896 3164 boc
916 3107 998 3163 enim
1024 3103 1151 3164 nomina
1177 3119 1193 3164 a
1218 3103 1375 3166 lastiniam
1392 3091 1424 3153 lu·

335 3179 364 3242 S.
378 3181 491 3244 FFLlll
507 3183 648 3245 llaurru.
841 3191 981 3262 peratore
1002 3181 1139 3244 decorata
1163 3183 1231 3244 luit.
1259 3183 1317 3260 lpse
1345 3185 1424 3262 anitii*

377 3289 467 3350 Amw
487 3287 611 3350 superpo,
840 3279 921 3323 auno
943 3259 1012 3333 637,
1035 3261 1066 3322 in
1087 3257 1318 3334 Saracenorum,
1337 3259 1377 3338 poi
1390 3262 1424 3330 til

842 3342 905 3403 iere
928 3339 1072 3401 universi
1093 3339 1181 3420 Syria
1203 3343 1288 3421 potiti
1309 3341 1425 3418 aranon·

217 3419 396 3482 blanrrnou.
424 3455 461 3466 -
484 3419 642 3482 Thinissae
657 3419 688 3482 iu
713 3421 811 3484 Africa
843 3427 979 3482 testatem
1003 3420 1111 3494 venit,
1133 3427 1164 3481 et
1188 3423 1226 3484 ab
1247 3423 1351 3484 eisdam
1370 3419 1425 3486 aiil

178 3501 286 3561 natalis
307 3503 400 3560 sancti
429 3500 549 3562 Ferocis
578 3499 728 3576 Martyris,
759 3503 811 3580 qui
841 3499 876 3560 ad
893 3513 1007 3561 anuum
1031 3497 1108 3560 {098
1129 3499 1189 3561 luit
1211 3507 1336 3565 retenta.
1358 3491 1425 3556 llll

178 3581 331 3640 contessus
345 3581 421 3641 etad
447 3587 596 3643 tormenta
619 3579 814 3652 dilatus‚alio
842 3595 933 3640 muno
945 3593 1040 3657 porco
1055 3593 1115 3640 uon
1137 3579 1256 3656 decem,
1277 3592 1369 3644 veruna
1384 3581 1425 3646 poa·

179 3659 238 3732 die,
253 3666 285 3718 ut
298 3661 391 3720 relect
404 3659 434 3719 S.
447 3661 646 3738 nirgirstiuus,
660 3660 812 3721 Psalmnru
842 3659 981 3736 draginta
994 3658 1140 3738 llartpres
1161 3660 1220 3723 sub
1231 3657 1372 3726 Saracenis
1380 3660 1424 3730 pti-‘¹

181 3739 212 3801 iu
232 3737 298 3816 ejus
319 3739 479 3801 testivitate
500 3739 535 3801 ad
558 3739 704 3820 pupulum
726 3755 814 3818 expo·
844 3738 1001 3816 leguntur.

180 3834 277 3892 neus,
301 3819 448 3880 iuventus
468 3827 513 3882 ost
535 3820 566 3882 iu
599 3835 720 3882 carcere
740 3835 812 3882 exa·

180 3900 287 3962 nimis.
924 3895 952 3958 S.
975 3895 1145 3959 SEVERUS
1166 3897 1220 3960 En.
1245 3898 1375 3960 sullana.

220 3979 380 4054 Psalmus,
403 3979 438 4040 de
460 3995 521 4057 ouo
545 3978 592 4040 bic
622 3980 747 4053 agitor,
770 3987 816 4041 est
996 4003 1122 4066 saecum
1145 4005 1192 4068 pp
1207 4021 1323 4086 passus,

182 4059 247 4120 127.
270 4059 313 4120 En
330 4059 359 4121 S.
378 4059 541 4134 bargustiui
559 4058 669 4120 verba:
692 4058 815 4135 alligo,
1381 4123 1406 4138 Μ

181 4137 311 4211 Fratres,
328 4139 411 4202 Felix
429 4145 544 4215 martyr
564 4147 594 4199 ct
615 4153 686 4198 rere
701 4137 771 4198 ielix
788 4147 817 4199 et
885 4135 1064 4200 Maurrnou.
1083 4173 1120 4184 -
1133 4138 1297 4202 Barciuoue
1309 4135 1426 4210 sericiani·

182 4219 308 4276 nomine
328 4227 359 4279 et
380 4220 511 4287 coroud,
534 4219 620 4293 cujrrs
643 4217 733 4278 bodie
755 4219 818 4277 dies
846 4233 915 4278 vuur
938 4217 1073 4296 Episcopi
1097 4225 1128 4280 et
1150 4219 1295 4298 llariyris,
1316 4208 1393 4292 quiob
1407 4207 1448 4298 b]

181 4301 251 4368 est,
273 4300 458 4377 contempsit
490 4297 648 4359 muudum.
673 4297 719 4363 du
742 4296 819 4358 lorte
847 4297 913 4356 dcun
930 4287 1448 4376 Catlioiicamclarocapitecouiast.p

182 4372 250 4446 quia
266 4371 393 4437 timebat
414 4377 589 4452 Dominum,
613 4377 684 4440 inde
699 4386 763 4440 crat
778 4377 818 4439 le
848 4377 985 4450 martyrii
1008 4391 1150 4442 coronam
1173 4381 1291 4456 accepit.
1447 4379 1448 4452 l
