2946 4798
20 255 102 320 net.
129 255 172 320 29
435 273 474 321 nr
497 273 525 322 s.
551 270 714 320 uinctam
737 271 857 319 lenire
952 219 958 230 ’
1173 253 1237 318 553

19 357 206 427 Constantis
225 357 329 439 lilius,
347 357 412 426 viri
431 357 492 444 qui
511 356 661 427 multum
687 369 817 446 poterat
839 355 995 436 consilio,
1024 355 1193 444 despectis
1218 355 1282 424 bu-

18 447 129 516 manis
145 446 316 527 omnibus,
338 446 582 516 monesterium
608 448 798 536 ingressus,
825 444 920 514 brevi
945 456 1095 533 tempore
1119 465 1179 534 per
1196 449 1282 542 llar-

16 533 140 604 cellum
163 535 286 606 multos
308 555 452 617 eorum,
502 535 539 605 ui
564 547 817 606 consenuerant
842 534 876 602 in
901 533 1150 614 exercitatione,
1179 532 1280 623 longe

17 636 144 713 atergo
165 623 319 711 reliquit:
346 645 448 710 quem
476 557 599 694 linunt
624 646 645 694 a
673 622 769 693 nullo
792 644 947 710 unquam
976 643 1050 692 esse
1077 623 1188 692 visum
1219 643 1281 691 nec

16 714 227 794 irascentem,
255 733 367 800 neque
390 711 499 784 multa
523 711 730 802 loquentem,
758 712 816 782 sed
844 733 955 798 neque
972 711 1035 780 ulli
1060 711 1280 800 praebentem

16 801 85 870 irae
108 802 331 872 occasionem.
360 807 413 888 Is,
443 800 583 888 quando
608 802 719 872 bonus
747 813 843 890 pater
867 799 1048 870 Marcellus
1071 798 1278 879 excedebat,

14 889 165 968 adstans,
180 903 210 961 et
230 890 415 980 plusquam
439 889 500 960 alii
524 890 733 980 lacrymans,
759 889 901 980 rogabat
922 889 1011 959 banc
1028 887 1094 959 sibi
1109 887 1186 956 dari
1202 909 1281 988 gra-

17 979 121 1047 tiam:
146 1000 183 1048 ea
206 993 321 1049 autem
345 989 437 1060 erat,
465 1000 507 1050 ne
530 1000 610 1049 eum
643 977 833 1068 despiceret
855 978 912 1047 hic
937 977 1073 1058 solum,
1100 997 1210 1064 neque
1234 998 1280 1047 sx-

16 1079 112 1136 neret
133 1089 206 1137 eum
231 1089 305 1138 esse
328 1067 396 1157 ipsi
420 1066 523 1158 longo
551 1079 702 1157 ternpore
723 1068 966 1157 superstitem:
994 1065 1219 1156 nequeenim
1245 1085 1281 1133 se

19 1175 118 1244 posse
139 1156 284 1246 emplius
314 1167 404 1226 recte
434 1157 567 1226 vivere:
593 1155 683 1226 sicut
707 1176 818 1242 neque
848 1177 968 1225 navem
994 1167 1066 1224 tuto
1091 1154 1275 1244 navigare,

20 1263 108 1328 quae
132 1245 238 1315 amisit
261 1245 538 1335 gubernatorem.
565 1249 604 1314 Et
629 1243 687 1314 ille
705 1244 845 1331 quidem
864 1244 970 1314 haec:
998 1243 1178 1313 Marcellus
1203 1261 1281 1312 vero

21 1353 100 1430 cum
120 1331 196 1403 vidit
217 1356 296 1404 eum
329 1355 456 1424 magna
486 1334 646 1404 allectum
665 1333 822 1404 tristitie:
849 1355 867 1399 a
888 1338 987 1412 Esto,
1019 1331 1157 1419 inquit,
1192 1329 1281 1400 bono

21 1441 143 1489 animo.
168 1427 246 1492 Nem
265 1445 345 1492 cum
363 1444 425 1513 ego
445 1444 631 1501 excessero,
659 1435 697 1492 tu
725 1443 862 1511 quoque
881 1422 1114 1507 consequeris,
1142 1432 1174 1490 et
1195 1419 1281 1488 insi-

20 1523 88 1577 stes
107 1511 249 1601 vestigiis
268 1509 357 1600 ejus,
379 1532 481 1598 quern
500 1511 685 1581 desideras.
703 1533 721 1577 n
739 1516 821 1580 Cum
842 1509 891 1581 sic
910 1509 1062 1588 dixisset,
1082 1508 1186 1598 paulo
1206 1519 1282 1598 post

20 1597 120 1666 linem
136 1600 271 1689 accepit,
297 1598 390 1687 quod
407 1600 537 1670 dictum
554 1599 676 1670 suerat.
702 1604 784 1669 Nam
803 1621 882 1669 cum
905 1598 963 1668 ille
978 1598 1156 1667 decessum
1179 1617 1280 1686 aegre

21 1684 130 1766 ferret,
150 1699 179 1756 et
195 1700 278 1758 totos
303 1689 467 1780 deinceps
485 1687 640 1776 quinque
655 1687 729 1758 dies
752 1701 785 1758 et
804 1700 920 1760 noctes
944 1686 985 1756 ad
1007 1685 1133 1757 lossern
1164 1684 1281 1774 magni

24 1775 163 1845 llarcelli
186 1778 381 1859 mansisset,
409 1788 485 1869 post
511 1776 612 1847 illum
638 1777 737 1858 mori,
764 1776 880 1858 vitem,
907 1776 983 1848 sine
1007 1795 1047 1845 eo
1068 1786 1182 1844 eutem
1207 1794 1282 1872 esse

23 1865 242 1952 superstitem,
263 1878 405 1937 mortem
423 1865 580 1936 acerbam
598 1865 811 1947 existimans,
829 1866 871 1936 ed
889 1887 969 1935 eum
988 1865 1021 1933 in
1041 1861 1174 1933 somnis
1191 1873 1282 1930 venit

25 1973 161 2040 magnus
176 1954 367 2034 Marcellus,
387 1976 590 2025 conversum
609 1954 651 2026 ed
670 1953 867 2044 sepulcrum
886 1977 893 2020 :
919 1967 962 2036 et,
984 1975 1002 2020 a
1024 1957 1114 2032 Cur,
1141 1949 1279 2037 inquit,

26 2052 53 2107 te
76 2040 209 2112 alllictes
225 2056 258 2113 et
272 2043 427 2128 quereris
444 2043 486 2113 de
509 2042 676 2123 tarditate,
696 2055 728 2112 et
751 2064 818 2112 non
843 2042 979 2111 credis?
998 2047 1068 2130 Ego
1087 2045 1191 2109 [teurn
1220 2057 1280 2127 pro

27 2139 54 2196 te
69 2145 228 2228 precatus,
252 2131 348 2202 effeci
363 2132 398 2201 id
418 2132 510 2223 quod
532 2132 593 2204 tibi
612 2131 760 2221 expedit,
782 2144 814 2201 ct
835 2131 949 2200 statim
975 2129 1016 2199 ad
1044 2127 1279 2198 merenies.»

30 2219 97 2286 Fuit
117 2219 177 2301 ita;
203 2233 237 2290 et
261 2222 357 2291 tertio
381 2233 458 2310 post
481 2221 537 2290 die
561 2242 580 2290 e
604 2221 672 2290 vita
700 2218 832 2291 excedit
856 2220 1049 2300 Lucienus,
1078 2239 1158 2287 cum
1191 2213 1282 2285 solos

30 2317 97 2373 octo
116 2307 181 2380 dies
198 2309 319 2380 luisset
337 2331 461 2399 magno
478 2309 636 2380 Marcello
655 2321 842 2398 superstes.

69 2395 168 2494 §.8ss
195 2403 304 2482 Quem
323 2399 431 2469 multa
447 2399 608 2480 Marcelli,
623 2419 712 2486 quae
729 2410 810 2468 sunt
823 2396 1038 2488 hujusmodi,
1057 2395 1125 2465 elia
1139 2394 1279 2480 quidem

32 2501 155 2572 majora,
175 2487 242 2558 alie
257 2499 373 2557 autem
390 2508 457 2557 non
474 2488 617 2558 omnino
637 2486 810 2566 inferiora,
827 2498 910 2574 quot
929 2485 1069 2575 linguae
1085 2483 1283 2554 suffecerint

29 2569 64 2638 ad
82 2575 297 2656 narrandum,
321 2587 354 2645 et
371 2589 454 2663 quot
471 2575 550 2646 libri
566 2576 608 2645 ed
625 2598 665 2646 ea
679 2597 767 2663 quae
782 2575 1025 2654 scriberentur,
1045 2572 1283 2662 suscipienda?

29 2661 84 2739 oui
106 2683 178 2732 curn
196 2664 471 2736 exercitationem
492 2664 583 2735 ultra
607 2665 782 2755 sexaginta
807 2686 917 2734 annos
937 2662 1147 2753 produxerit,
1175 2661 1282 2730 mira-

29 2747 97 2849 cula
112 2753 245 2824 assidue
269 2752 426 2823 faciebat.
446 2757 519 2836 Quo
537 2775 603 2822 non
630 2753 695 2823 suit
718 2753 857 2840 quidem
888 2752 945 2821 ille
970 2752 1005 2822 in
1033 2749 1283 2822 certaminibus

29 2833 153 2907 leniori
174 2847 247 2924 Quo
268 2862 343 2912 non.
358 2854 473 2912 autem
491 2841 533 2911 ad
552 2841 740 2912 certamina
757 2841 902 2911 utilior?
925 2853 957 2910 et
973 2862 1042 2927 quo
1066 2861 1133 2909 non
1155 2839 1220 2910 luit
1245 2838 1279 2907 in

29 2929 151 3025 eosqui
179 2930 394 3011 labebantur,
422 2931 548 3010 mitior,
574 2931 665 3000 etin
691 2929 895 3019 praestando
919 2928 1032 2999 ollicio
1055 2927 1283 3019 diligentior?

30 3015 100 3110 Quis
122 3017 168 3088 sic
194 3017 346 3088 defendit
368 3039 427 3088 eos
451 3020 511 3106 qui
540 3019 779 3089 efficiebantur
806 3017 962 3106 injuria?
989 3018 1032 3087 iis
1056 3031 1193 3098 autem,
1221 3017 1282 3104 qui

31 3102 175 3190 inJuriem
193 3105 376 3189 faciebant,
386 3108 529 3178 omnino
543 3129 609 3177 non
626 3107 838 3209 permittens,
852 3107 909 3178 sed
927 3107 1102 3187 resistens,
1118 3119 1281 3176 eteorum

31 3191 177 3266 voluntati
198 3196 342 3266 minime
363 3197 579 3266 assentiens?
603 3201 657 3266 Sic
682 3196 716 3264 in
738 3208 803 3265 tota
829 3195 907 3276 vita,
934 3205 1037 3264 totam
1058 3195 1196 3282 quidem
1223 3215 1283 3263 no·

32 3289 116 3378 rtem,
137 3284 204 3354 diei
222 3306 298 3355 vero
314 3284 519 3374 plurimum,
538 3284 642 3356 debet
665 3285 809 3355 canticis
824 3295 857 3354 et
874 3283 1047 3373 precibus,
1066 3295 1098 3352 et
1122 3280 1199 3351 aliis
1223 3283 1282 3350 Dei

34 3371 233 3467 ministeriis;
269 3373 442 3463 reliquum
474 3386 588 3444 autem
623 3373 678 3442 liis
703 3371 811 3443 tribus
842 3371 1077 3463 dispertiebat.
1110 3376 1149 3440 Et
1177 3369 1283 3460 primi

33 3457 151 3538 quidem
164 3461 206 3532 ad
220 3484 300 3532 eum
317 3461 535 3546 accedebant,
554 3463 614 3549 qui
629 3463 839 3532 vexabantur
851 3459 1135 3553 cogitationibus:
1154 3458 1283 3547 quibus

35 3541 120 3642 dabat
141 3551 329 3638 unicuique
349 3549 639 3622 medicamentum
668 3550 900 3632 conveniens,
931 3551 962 3618 ei
992 3549 1116 3639 partim
1141 3548 1281 3636 quidem

36 3627 130 3708 divina
152 3640 328 3731 Scriptura
360 3661 400 3709 ea
431 3639 696 3730 suppeditante:
727 3639 852 3728 partim
885 3651 1000 3708 eutem
1029 3637 1213 3728 prudentie
1242 3657 1284 3706 ex

38 3728 232 3810 experientia.
258 3733 336 3799 Post
355 3728 433 3799 illos
456 3727 677 3809 accedebant,
703 3727 764 3815 qui
787 3739 886 3796 erant
907 3727 1019 3797 affecti
1040 3725 1283 3815 injuriatum

39 3825 99 3909 vero
114 3838 168 3904 pro
182 3818 232 3888 eis
250 3816 379 3887 litteras
394 3817 591 3920 scripsisset
604 3816 646 3886 ed
666 3816 852 3906 praesides,
866 3815 1015 3905 Judices,
1034 3815 1076 3884 ad
1094 3813 1172 3883 illos
1189 3813 1283 3903 ipsos

40 3913 84 3978 lut
100 3902 261 3976 faciebant
280 3905 458 3995 injuriam,
483 3918 516 3975 et
540 3907 569 3975 si
593 3927 682 3996 opus
703 3917 787 3986 erat,
809 3905 910 3974 etiem
936 3903 978 3974 ad
996 3905 1111 3994 ipsum
1129 3907 1283 3990 Impera-

43 3991 121 4060 turam
136 4001 228 4076 (nam
246 3992 297 4063 illi
343 4015 458 4082 unque
485 4006 558 4064 erat
584 3993 803 4073 reverendus,
830 4005 863 4062 et
881 3993 991 4062 obtem
1020 3992 1138 4062 erebat
1160 3989 1255 4060 adid
1273 4045 1280 4070 ,

44 4078 110 4152 tund
125 4103 269 4174 magnus
285 4015 420 4154 volebat
439 4083 646 4172 llarcellus),
669 4082 887 4152 convertebat
904 4015 1028 4152 deinrfe
1045 4080 1088 4152 ad
1106 4091 1284 4181 aegrotan-

46 4165 89 4256 ῑθξ,
108 4183 133 4239 et
156 4192 277 4243 omnes
301 4170 431 4252 obiens,
456 4171 506 4240 eis
527 4171 709 4242 exhibebat
728 4191 817 4261 quae
844 4170 895 4240 eis
909 4181 1007 4240 erant
1023 4191 1216 4240 necessaria
1238 4168 1282 4239 ed

47 4241 240 4338 alimentum,
269 4259 365 4327 etad
391 4258 584 4330 curandum
615 4282 674 4331 cor
699 4282 753 4330 uS.
789 4259 843 4329 Sic
877 4258 965 4329 nibil
998 4259 1140 4330 omnino
1167 4258 1284 4329 aberet

49 4331 191 4430 laicata,
231 4345 321 4434 quod
359 4348 474 4418 ederet
506 4348 549 4419 iis
578 4349 636 4437 qui
662 4283 744 4418 olim
778 4346 1022 4420 laudabantur.
1056 4348 1120 4420 Sed
1151 4359 1223 4419 erat
1252 4347 1283 4417 ei
