3046 4838
166 278 207 342 42
527 295 566 342 nr
590 295 618 344 s.
646 294 749 343 ruera
772 295 822 344 aa.
849 295 979 344 novrorr.
1254 277 1338 344 DEC.
1367 279 1380 344 l

121 381 167 450 ita
199 381 387 461 dumtaxat,
415 402 482 451 non
503 379 575 470 jam
601 391 640 450 ut
669 380 777 461 servi,
810 380 867 450 sed
891 381 1004 471 potius
1026 393 1066 452 ut
1090 379 1210 451 iratres
1243 403 1322 452 cum
1347 402 1387 450 eo

120 469 292 560 degerent.
324 475 426 540 Porro
456 470 484 540 si
517 491 604 557 quos
634 469 778 540 suadere
810 482 961 560 poterat,
988 482 1026 539 ut
1054 469 1281 540 venerabilem
1316 492 1387 542 mo·

121 559 309 630 nachorum
345 561 446 629 vitam
473 559 687 648 arripientes,
721 559 870 631 claustra
901 559 1056 630 coenobii
1085 572 1297 648 expeterent,
1325 559 1388 630 hos

121 663 294 736 tamquam
313 647 472 718 dominos
487 648 669 738 insigniter
685 648 870 730 honorans,
891 649 1090 720 vestimenta
1113 649 1214 718 etiam
1238 662 1271 720 et
1284 670 1389 735 quae-

120 759 186 824 que
202 737 393 808 necessaria
413 737 583 818 tribuam,
599 734 691 807 illico
715 738 924 808 archisteriis
948 760 1027 809 cum
1052 737 1258 808 exultatione
1280 738 1389 808 desti-

121 839 230 898 natos.
256 847 335 894 cum
367 824 491 916 grandi
522 826 661 896 demum
688 826 920 897 sollicitudine
945 849 1064 898 eorum
1093 826 1232 918 gerebat
1249 849 1384 897 curam.

120 915 273 986 Habebat
298 929 468 1005 praeterea
492 937 608 984 seeum
635 914 750 1004 plures
776 916 988 998 vernaculos,
1009 917 1042 985 in
1067 938 1131 986 suo
1161 916 1388 986 contubernio

120 1004 298 1096 degentes,
325 1003 460 1092 sibique
489 1004 679 1074 necessario
698 1005 829 1096 jugiter
865 1005 1149 1096 obtemperantes.
1186 1011 1231 1076 Ex
1257 1006 1390 1092 quibus

119 1108 190 1164 erat
203 1093 423 1174 baudericus,
440 1093 593 1184 ejusdcm
612 1092 755 1163 libertus
770 1094 1081 1184 comprovincialis,
1100 1094 1208 1181 quiin
1223 1095 1390 1164 omnibus

121 1184 260 1253 honeste
283 1181 381 1252 valde
404 1183 479 1273 eJ'us
502 1203 621 1252 curam
650 1182 800 1273 gerebat.
823 1188 901 1253 Erat
923 1185 1024 1254 etiam
1054 1184 1230 1264 Tituenus,
1264 1205 1391 1284 genere

120 1277 262 1354 Suevus,
285 1270 397 1341 fidelis
420 1271 656 1342 cubicularius
676 1271 797 1346 laicus.
824 1273 884 1360 qui
916 1287 1031 1361 postea
1055 1273 1097 1342 atl
1131 1272 1298 1342 mercedis
1326 1296 1388 1344 cu-

120 1360 253 1431 mulum
272 1361 423 1451 pervenit
447 1361 683 1450 interemptus.
704 1365 837 1432 Necnon
856 1376 888 1431 et
905 1362 1091 1442 Buchinus,
1110 1383 1149 1432 er
1173 1360 1291 1450 gentili
1307 1385 1390 1432 con-

120 1472 258 1520 versus:
284 1451 344 1538 qui
368 1449 489 1539 etipse
506 1463 621 1540 postca
642 1449 846 1521 venerabilis
868 1451 987 1531 extitit,
1015 1473 1055 1520 ac
1080 1451 1286 1521 Ferrariensi
1311 1473 1390 1522 coe-

119 1539 221 1610 nobio
247 1537 404 1630 praefuit.
430 1538 581 1609 audreas
604 1561 740 1626 quoque
757 1553 789 1610 et
813 1541 989 1620 Martinus,
1017 1551 1118 1627 atque
1140 1547 1302 1622 loannes,
1324 1541 1389 1628 qui

118 1629 273 1699 eoetiam
299 1640 504 1719 procurante
531 1626 573 1698 ad
598 1628 799 1698 clericatum
824 1631 999 1718 pervenire
1024 1641 1234 1700 meruerunt.
1262 1628 1326 1698 Sed
1353 1643 1389 1699 et

118 1718 176 1788 alii
200 1717 437 1808 quamplures,
456 1738 758 1805 quusenumerare
781 1717 985 1808 perlongum
1006 1730 1076 1788 est:
1103 1719 1163 1806 qui
1183 1718 1244 1788 diu
1265 1729 1388 1788 noctu-

118 1829 184 1896 que
209 1809 242 1877 in
276 1807 351 1896 ejus
385 1828 521 1877 camera
557 1807 756 1877 cumomni
794 1807 908 1878 studio
945 1805 1142 1878 solemniter
1176 1807 1386 1878 canonicum

118 1896 307 1987 adimplere
330 1895 513 1966 studebant
528 1917 682 1966 cursum.

161 1989 180 2074 ξ
203 1993 268 2060 ss·
296 1984 475 2055 Multitudo
491 1995 662 2074 praeterea
687 2007 891 2075 pauperum,
913 1984 1002 2056 sicut
1017 2007 1099 2076 apes
1118 1985 1161 2055 ad
1181 1983 1385 2067 alvearium,

119 2076 272 2163 undique
295 2074 447 2162 quotidie
466 2073 509 2144 ad
534 2095 613 2145 eum
636 2074 866 2154 confluebant,
891 2075 1061 2145 intantum
1081 2087 1118 2145 ut
1142 2076 1170 2146 si
1193 2074 1273 2161 quis
1289 2075 1389 2164 igno-

120 2177 174 2235 tus
197 2176 256 2234 aut
282 2164 483 2254 peregrinus
506 2162 606 2252 Eligii
635 2163 813 2250 inquirens
837 2162 1072 2246 domicilium,
1099 2185 1178 2234 cum
1203 2163 1246 2233 de
1269 2185 1309 2232 eo
1334 2164 1387 2232 in·

119 2267 301 2345 terrogaret
323 2254 534 2342 quempiam,
561 2251 594 2322 id
620 2254 662 2322 ab
689 2273 729 2321 eo
753 2251 922 2342 acciperet
942 2273 1165 2343 responsum:
1198 2252 1324 2322 «Vade
1349 2254 1386 2322 in

118 2343 210 2412 illam
231 2342 389 2433 plateam,
415 2354 447 2412 et
462 2340 523 2410 ubi
548 2362 738 2431 pauperum
762 2354 894 2411 coetum
922 2341 1151 2432 conspexeris,
1171 2339 1241 2410 illic
1265 2341 1388 2429 utique

116 2446 148 2502 et
165 2431 311 2518 Eligium
347 2430 540 2520 reperies.»
566 2431 788 2512 sicutenim,
813 2441 853 2500 ut
874 2428 1004 2501 dictum
1034 2443 1102 2512 est,
1129 2452 1210 2520 apes
1234 2430 1388 2500 circum-

116 2521 199 2590 dant
218 2520 345 2600 levum,
374 2520 417 2589 ita
445 2517 584 2589 assidue
609 2519 718 2589 turbis
743 2541 933 2610 pauperum
964 2521 1178 2609 constipatus
1203 2519 1385 2590 incedebat

117 2610 258 2700 Eligius,
284 2609 411 2695 quibus
436 2620 495 2678 aut
519 2628 579 2698 per
603 2629 649 2688 se,
670 2621 729 2678 aut
754 2629 814 2697 per
832 2606 1003 2678 famulum
1034 2609 1231 2679 alimoniam
1256 2609 1387 2699 pariter

115 2713 148 2768 et
170 2699 421 2786 eleemosynam
441 2697 606 2776 tribuens,
634 2697 881 2787 benignissime
902 2697 1054 2784 quotidie
1072 2697 1251 2768 refovebat.
1273 2698 1386 2768 Habe-

116 2789 173 2858 bat
195 2801 309 2856 autem
334 2799 366 2856 et
390 2785 531 2866 loculos,
560 2786 620 2856 ubi
648 2807 774 2856 aurum
801 2786 1077 2858 distribuendum
1104 2809 1220 2856 secum
1248 2799 1385 2876 portare

111 2877 241 2967 jugiter
257 2887 488 2954 consueverat,
505 2895 547 2943 ne
561 2875 671 2945 sicubi
688 2896 871 2965 pauperem
883 2875 1024 2946 fortuitu
1039 2876 1178 2946 obvium
1191 2875 1382 2954 habuisset,

115 2965 234 3035 dilatio
252 2964 301 3034 vel
327 2986 430 3054 parva
456 2964 654 3055 porrigendi
679 2964 912 3035 intercederet.
941 2965 1029 3048 Quid
1060 2965 1185 3052 plural
1208 2963 1380 3053 Quicquid

117 3055 248 3135 habuit,
274 3067 412 3144 excepto
437 3065 633 3144 tegumento
656 3066 688 3123 et
709 3054 810 3134 victu,
839 3067 943 3124 totum
976 3054 1093 3144 egenis
1114 3067 1147 3124 et
1164 3053 1384 3124 monasteriis

115 3143 277 3232 dispersit
300 3144 411 3214 sciens
435 3141 584 3232 apostoli
608 3165 681 3212 csse
707 3156 947 3230 praeceptum:
970 3145 1133 3214 Habentes
1157 3145 1320 3214 alimenta
1351 3155 1384 3212 et

137 3236 233 3304 uibus
250 3244 415 3324 tegamur,
435 3233 487 3302 his
511 3234 655 3302 contenti
679 3232 1036 3322 sr'mua(l.Tt'rn.v1).
1068 3237 1150 3302 llam
1175 3232 1236 3318 qui
1265 3231 1386 3303 volunt

115 3257 236 3394 iivites
260 3323 345 3402 fieri,
370 3321 528 3392 incidunt
556 3322 589 3390 in
616 3322 847 3403 tentationem,
873 3334 906 3390 et
929 3321 963 3391 in
991 3321 1152 3409 laqueum
1180 3320 1322 3400 diaboli,
1350 3333 1385 3392 et

115 3412 284 3484 desideria
305 3410 410 3482 multa
429 3409 566 3480 inutilia
589 3424 621 3478 et
640 3411 771 3492 nociva,
791 3431 879 3498 quae
905 3423 1064 3500 mergunt
1091 3410 1248 3480 homines
1275 3410 1308 3479 in
1331 3410 1384 3478 in-

116 3503 250 3572 teritum
277 3515 309 3570 et
334 3499 570 3591 perditionem.
598 3504 680 3570 llam
715 3521 795 3570 curn
823 3500 1024 3589 vespertinis
1055 3498 1149 3568 horis
1180 3520 1281 3588 saepe
1307 3514 1384 3588 post

117 3591 273 3668 biduum,
300 3611 549 3676 nonnunquam
582 3599 657 3677 post
684 3588 836 3658 triduum
867 3603 1025 3679 paratum
1045 3587 1220 3658 accederet
1244 3609 1383 3660 sumere

114 3681 243 3760 cibum,
266 3679 445 3749 destinatis
468 3679 503 3747 in
534 3677 667 3748 diversa
692 3677 842 3760 famulis,
873 3699 993 3748 omnes
1021 3699 1107 3764 quos
1139 3677 1292 3748 invenire
1321 3699 1382 3767 po-

116 3770 235 3839 tuisset
258 3790 382 3858 egenos
406 3780 438 3837 et
463 3767 672 3858 peregrinos,
692 3789 754 3837 seu
774 3766 950 3837 mendieos
966 3789 1006 3836 ac
1031 3766 1226 3854 languidos,
1244 3767 1384 3836 sibimet

113 3857 240 3928 adduci
266 3859 505 3948 praecipiebat.
528 3861 597 3926 Hoc
616 3858 717 3927 etiam
743 3857 876 3926 eunctis
893 3856 1028 3940 diebus,
1047 3856 1195 3945 exceptis
1219 3857 1283 3936 his,
1303 3857 1381 3944 qui-

114 3948 179 4018 bus
195 3959 228 4016 et
252 3944 324 4036 ipse
341 3945 566 4028 reficiebatur,
590 3945 745 4017 faciebat.
774 3951 861 4016 Raro
887 3946 992 4026 anim,
1013 3958 1072 4015 aut
1093 3957 1182 4014 certe
1200 3967 1379 4032 uunquam

113 4036 343 4126 contingebat,
370 4048 500 4106 utcum
526 4057 565 4104 eo
588 4056 756 4125 pauperes
777 4034 917 4104 minime
946 4034 1220 4106 convivarentur.
1245 4033 1381 4116 Quibus

112 4125 283 4204 adductis,
306 4125 378 4214 ipse
401 4125 540 4215 proprie
555 4123 766 4194 famulorum
796 4123 966 4212 incipiens
992 4122 1157 4204 officium,
1178 4145 1295 4192 eorum
1324 4145 1381 4194 ne-

111 4213 328 4284 cessitatibus
346 4211 501 4282 hilariter
514 4213 611 4282 valde
626 4213 805 4294 serviebat,
821 4212 970 4283 avellens
983 4215 1026 4282 ab
1040 4212 1194 4284 humeris
1212 4211 1378 4292 sarcinas,

111 4302 213 4372 dorsa
242 4301 443 4372 mantilibus
467 4299 609 4382 levians,
644 4324 769 4390 aquam
795 4302 956 4370 manibus
986 4300 1146 4382 tundens,
1178 4323 1381 4388 merumque

112 4390 243 4482 scypho
259 4389 456 4466 refundens,
474 4390 546 4480 ipse
561 4404 677 4480 potum
696 4391 886 4481 porrigens,
904 4389 1117 4461 buccellami
1123 4411 1183 4480 pse
1197 4390 1378 4480 praebens,
