2994 4832
57 304 156 368 [dull
371 325 406 369 nr
431 326 458 370 s,
486 325 614 372 sunone
638 324 784 372 sucurre.
813 323 923 372 coion.
1201 311 1242 374 95
1298 371 1302 378 .

55 419 151 472 tantam
170 425 291 493 praese
311 405 412 475 lerret
433 410 645 497 majestatem
665 409 704 478 ad
725 409 896 486 seculum,
914 421 1041 476 tantam
1058 407 1286 478 bumilitatem

53 516 111 580 erga
134 497 238 562 iteum.

82 585 167 666 §ta
203 584 308 672 Igitur
334 598 516 674 postquam
543 587 610 655 voti
635 587 688 655 sui
722 607 889 673 compos,
917 587 1104 654 monachos
1136 607 1217 656 suos
1249 587 1284 654 in

51 668 147 740 diripis
166 671 261 741 rebus
289 673 332 741 ad
359 674 517 743 omnium
549 675 773 744 imitationem
807 673 1039 764 singulariter·
1057 675 1179 744 llorere
1203 697 1283 744 con-

50 759 140 844 spexit,
162 781 290 830 omnem
311 783 373 851 pro
397 763 447 832 eis
467 762 734 836 sollicitudinem
755 764 790 831 in
817 762 971 832 luturum
996 763 1191 844 extendens,
1221 785 1283 850 pu-

50 847 131 916 blicae
142 851 501 920 excommunicationis
517 865 549 921 et
565 867 720 922 aeternae
740 851 973 921 damnationis
998 851 1184 920 vindictam
1209 873 1286 941 prn-

49 935 145 1005 tulitin
167 959 295 1008 omnem
319 939 511 1020 bominem,
538 942 750 1028 quicumque
774 941 823 1009 eis
844 941 886 1009 ad
913 940 1105 1012 nocendum
1129 943 1284 1030 pertinax

47 1035 69 1091 rt
83 1025 248 1096 malitiosus
275 1029 505 1098 incumberet.
525 1029 651 1098 Deinde
675 1029 887 1100 auctoritatis
900 1051 982 1098 suae
1006 1029 1120 1118 sigillo
1145 1031 1284 1098 robora-

48 1127 98 1178 tam
120 1115 263 1204 paginam
288 1117 381 1198 fecit,
409 1118 444 1186 in
470 1138 538 1204 qua
556 1119 621 1188 sub
641 1117 758 1186 eadem
785 1121 1029 1186 contestatione
1053 1119 1212 1199 decrevit,
1240 1139 1285 1186 ne

47 1202 108 1286 quis
135 1205 266 1290 primam
305 1207 559 1275 monachorum
595 1206 733 1275 illorum
774 1206 1059 1276 consuetudinem
1100 1207 1284 1276 immutare

49 1305 221 1376 praesumat:
251 1296 399 1378 nequis
425 1295 584 1364 lbbatem
610 1295 652 1364 ad
682 1294 819 1382 aliquod
849 1294 979 1364 curiale
1003 1295 1191 1374 servitium,
1224 1310 1283 1364 aut

48 1399 97 1445 non
119 1381 255 1470 reguiam
279 1381 439 1452 officium
466 1384 701 1474 constringat:
729 1383 872 1470 nequis
897 1385 1098 1474 Episcopus,
1127 1383 1177 1452 vel
1202 1406 1281 1454 suo·

47 1488 104 1535 run
121 1470 291 1557 quisquam
311 1493 351 1540 eo
376 1471 451 1540 loco
475 1472 588 1542 standi
605 1485 802 1562 potestatem
829 1472 952 1541 habeat
972 1473 1045 1542 sinc
1070 1472 1206 1542 licentia
1221 1475 1282 1540 Ab·

47 1555 128 1624 batis:
154 1580 191 1627 ue
209 1563 292 1646 quis
322 1559 508 1630 advocatus
539 1573 598 1630 aut
632 1561 881 1642 subdefensor,
915 1561 980 1630 nisi
1007 1581 1108 1648 quern
1137 1561 1283 1630 voluerit

48 1643 146 1724 lbbas,
166 1648 265 1718 eidem
289 1650 496 1719 monasterio
513 1648 563 1719 vel
579 1650 679 1720 bouis
695 1651 772 1736 ejus
788 1649 1028 1719 constituatur.
1056 1655 1094 1718 Et
1118 1662 1156 1719 ut
1176 1651 1285 1738 major

49 1731 92 1799 bis
119 1737 403 1808 constitutionibus
427 1737 553 1808 inesset
585 1740 788 1818 auctoritas,
823 1738 1040 1828 privilegium
1071 1739 1283 1828 spostolicae

49 1820 119 1890 sedis
139 1827 265 1894 Romam
297 1847 442 1926 pergens
465 1828 615 1917 expetiit,
637 1827 728 1914 quod
754 1825 868 1897 adbuc
885 1827 918 1895 in
946 1849 1028 1916 paee
1052 1840 1084 1896 et
1098 1828 1282 1898 concordia

53 1925 144 1997 agente
162 1913 331 1996 Ecclesia,
359 1937 392 1982 rn
415 1915 497 1984 baec
522 1915 624 2006 verba
659 1915 861 2005 rescriptum
891 1915 1034 2005 accepit.
1062 1916 1283 1986 «Alexander

54 1998 215 2088 Episcopus,
248 2025 374 2073 servus
398 2025 575 2074 servorum
601 2005 669 2085 uei,
697 2005 828 2074 lunoni
855 2005 1117 2093 Arcbiepiscopo
1145 2019 1282 2074 sanctae

58 2085 216 2162 [cluniensis
237 2091 437 2174 Ecclesiae,
472 2093 506 2162 in
529 2093 660 2162 Christo
686 2093 766 2162 lesu
791 2092 888 2162 lratri
917 2093 1108 2161 carissimo.
1141 2093 1234 2174 Quod
1261 2117 1280 2162 a

60 2173 142 2252 ss0bita
160 2181 207 2249 [leo
231 2181 358 2250 dilecte
377 2180 490 2262 frater,
508 2182 648 2270 expetis,
666 2202 706 2250 ex
725 2179 837 2251 nllicio
854 2194 1013 2271 suscepto
1026 2194 1059 2251 et
1083 2182 1282 2250 auctoritate

56 2263 200 2359 ,lpostolica
232 2270 406 2339 universis
431 2269 597 2340 debemus
625 2269 789 2340 ecclesiis.
823 2275 861 2340 nt
885 2270 970 2338 mibi
992 2282 1123 2350 tecum,
1156 2270 1189 2338 in
1216 2274 1283 2338 Deo

57 2349 150 2422 dilecte
161 2353 261 2440 luter,
290 2358 571 2448 aliteragcndum
586 2371 647 2440 est,
670 2359 799 2448 quippe
815 2358 907 2446 apud
929 2359 1039 2427 virum
1066 2358 1279 2446 religiosum,
1374 2392 1378 2401 ·

53 2450 79 2506 et
98 2459 263 2516 reveratum
290 2448 465 2535 operibus,
484 2469 586 2534 quam
604 2448 743 2516 nomine
760 2449 981 2535 Episcopum.
1001 2451 1118 2532 ltaque
1134 2467 1174 2516 ex
1189 2461 1282 2536 parte

49 2530 154 2600 Domini
173 2536 276 2606 nostri
301 2539 381 2605 lesu
398 2536 532 2616 Clrristi,
556 2549 588 2604 et
605 2549 742 2605 sanctae
764 2537 821 2605 Dei
838 2536 1019 2606 Genitricis
1039 2535 1174 2616 Mariae,
1202 2555 1281 2604 san-

46 2628 212 2709 ctorumque
233 2625 471 2712 Apostolorum
499 2623 585 2696 Petri
616 2637 648 2694 et
672 2623 791 2704 Pauli,
829 2625 1056 2710 omniumque
1083 2638 1278 2694 sanctorum

44 2719 67 2774 et
77 2705 240 2782 electorum
261 2713 330 2794 bei,
350 2713 596 2782 confirmamus
611 2727 644 2784 et
657 2714 920 2784 corroboramus
937 2712 1112 2782 Abbatiam
1132 2713 1226 2783 illam
1246 2715 1280 2782 in

43 2811 238 2884 perpetuum:
258 2823 386 2889 nequa
411 2823 556 2892 persona
577 2824 703 2894 magna
728 2802 777 2871 vel
805 2823 919 2891 parva,
951 2823 1017 2870 non
1049 2802 1176 2888 aliquis
1201 2826 1279 2872 suc-

40 2904 186 2958 cessorum
207 2903 357 2972 tuorum,
381 2913 447 2959 non
463 2895 529 2960 ilex
546 2905 605 2961 aut
618 2896 748 2972 Comes,
768 2889 897 2970 nullus,
916 2890 1069 2977 inquam,
1095 2891 1276 2962 bominum

40 2991 71 3040 er
91 2995 120 3042 ea
142 2979 322 3064 quicquam
349 2979 391 3047 ad
416 2979 680 3048 destructionem
712 2979 778 3048 loci
802 2979 958 3048 demoliri
983 2978 1129 3048 audeat:
1156 3002 1275 3050 rerum

38 3063 176 3156 omnibus
197 3068 282 3138 inibi
307 3067 440 3140 collatis
471 3081 573 3154 atque
596 3067 824 3148 conserendis,
841 3089 917 3156 pax
946 3067 989 3137 sit
1017 3089 1223 3156 permanens
1248 3081 1281 3136 et

39 3153 230 3224 inconvulsa:
250 3169 283 3224 ct
298 3158 410 3245 prima
429 3157 504 3237 ista,
523 3176 591 3242 qua
609 3155 710 3226 modo
726 3156 965 3237 instituuntur,
981 3157 1073 3245 apud
1096 3157 1280 3226 monachos

38 3247 209 3391 permaneat
228 3244 459 3326 consuetudo,
470 3245 580 3331 sitque
598 3243 719 3313 illisde
739 3245 865 3314 lbbate
882 3245 989 3314 libera
1004 3243 1133 3312 electio.
1151 3246 1183 3314 Si
1201 3245 1282 3331 quis

58 3329 241 3414 ujnsnostri
258 3333 428 3424 privilegii
450 3344 574 3404 temere
603 3333 744 3402 violator
767 3333 930 3414 extiterit,
960 3333 1113 3422 perpetui
1138 3331 1280 3400 anathe-

9 3439 11 3472 i
39 3418 123 3485 matis
140 3420 279 3490 vinculis
304 3443 340 3491 se
357 3421 593 3491 innodandum
614 3422 754 3501 noverit,
783 3422 848 3489 nisi
871 3421 957 3491 forte
982 3422 1199 3510 resipiscens,
1226 3420 1279 3488 di·

9 3565 11 3598 ,
39 3523 91 3588 gne
113 3509 311 3579 satisfecerit.
335 3510 400 3592 Qui
414 3531 492 3580 vero
513 3511 568 3599 pia
584 3509 760 3579 devotione
784 3510 980 3580 observator
1003 3529 1077 3580 esse
1093 3509 1276 3586 studuerit,

9 3615 11 3678 Ι
39 3608 228 3674 peccatorum
254 3621 396 3670 suorum
431 3601 586 3670 omnium
618 3611 848 3686 consequatur
876 3599 1033 3679 veniam,
1061 3611 1094 3668 et
1124 3611 1280 3666 aeternae

9 3727 10 3734 .
39 3675 233 3758 beatitudinis
264 3688 407 3779 gloriam
434 3693 716 3758 mercaturam
748 3687 875 3774 quibus
911 3691 1021 3776 Papae
1055 3686 1157 3755 dictis
1181 3684 1280 3754 facile

9 3783 10 3810 ¹
41 3766 311 3857 daturadvertere,
333 3790 480 3864 quantae
496 3777 686 3847 sanctitatis
701 3791 734 3846 et
753 3775 981 3846 venerationis
1003 3775 1065 3843 iste
1084 3787 1278 3844 nostrorum

9 3853 10 3864 ’
43 3870 205 3952 temporum
228 3865 415 3956 singularis
440 3864 576 3954 praesul
601 3866 634 3935 in
666 3879 798 3954 pectore
824 3865 908 3934 tanti
941 3863 1114 3933 Pontificis
1142 3863 1280 3934 babitus

9 3981 11 4006 =
41 3957 85 4024 ⁵¹¹,
100 3970 188 4034 quem
211 3955 322 4022 virum
341 3954 399 4022 reli
428 3955 551 4034 insum,
572 3967 604 4023 et
621 3976 734 4024 revera
753 3968 826 4023 tarn
843 3951 1005 4043 operibus
1018 3975 1121 4040 quam
1141 3955 1280 4023 nomine

9 4017 11 4072 ¹
44 4033 305 4126 Episcopum-sic
330 3977 511 4133 vigilbnter
529 4042 724 4133 appellavit.
772 4059 776 4065 ’
1116 4129 1122 4144 ι
1217 4130 1223 4143 .

66 4125 90 4216 ,l
108 4131 169 4198 ta.
193 4135 265 4203 Post
290 4132 374 4202 baec
409 4131 700 4220 prudentissimus
721 4130 892 4220 pontifex,
925 4131 1039 4201 adhuc
1065 4131 1169 4220 buJus
1194 4142 1280 4199 vitae

46 4206 101 4308 d¹l³
114 4216 172 4286 sibi
196 4241 375 4290 concessos
398 4220 528 4300 videns,
556 4221 600 4290 ob
621 4219 653 4288 id
680 4220 772 4307 quod
798 4221 964 4309 scriptum
990 4230 1060 4290 est:
1086 4221 1203 4289 luctus
1221 4222 1280 4309 ju·

47 4301 177 4386 dilectur
193 4309 301 4379 adbuc
323 4309 448 4400 (Apoc.
473 4331 538 4380 xxu
553 4308 578 4396 );
607 4309 695 4377 duas
724 4309 971 4378 monachorum
998 4308 1281 4396 congregationes

50 4383 286 4469 antiocenam
306 4399 341 4466 in
368 4399 505 4486 regione
523 4397 774 4478 Westlalorum,
793 4396 866 4465 loco
883 4398 944 4484 qui
967 4397 1094 4465 dicitur
1119 4392 1277 4470 Grascal;
