2954 4816
25 284 94 348 ult,
118 285 160 348 23
507 303 544 349 na
569 305 596 350 s.
625 303 764 350 ararnio
1165 287 1228 352 385

24 385 102 454 illinc
125 386 325 456 sustulisset
346 407 425 454 cum
451 387 629 466 miraculo,
651 408 709 457 eas
729 387 832 456 tradit
860 387 1056 478 praeclarae
1079 401 1112 458 et
1137 390 1272 478 reginae

23 475 168 544 urbium:
199 487 233 544 ct
267 496 360 546 nunc
383 489 474 556 sunt,
497 477 557 545 ubi
582 489 663 546 sunt
689 478 855 565 repositae
886 477 1050 562 reliquiae
1081 489 1271 565 martyrum

23 563 205 647 lnlantium,
223 585 426 634 communes
438 581 625 634 servatores
639 577 672 635 et
687 565 861 654 praesides
873 566 1031 642 civitatis.
1045 576 1077 634 et
1094 567 1273 666 vigilantes

21 653 161 722 custodes
193 654 228 722 in
261 655 424 722 omnibus
460 654 561 724 rebus
593 653 756 724 molestis.
783 660 937 755 Quqrum
970 655 1274 726 intercessionibus

21 740 105 812 detur
118 742 219 813 nobis
236 743 401 830 consequi
420 743 507 812 bona
523 744 572 812 eis
589 744 749 832 reposita,
766 758 876 833 grana
892 756 924 812 et
939 741 1122 812 clementia
1140 746 1274 814 llomini

21 831 111 900 nostri
132 836 217 901 lesu
243 832 387 902 Christi:
414 852 494 904 cunr
524 853 593 919 quo
622 835 711 902 Patri
743 848 775 902 et
799 837 922 902 Sancto
943 833 1085 921 Spiritui
1106 833 1216 924 gloria
1243 848 1276 903 et

21 920 164 1006 potentia,
187 934 332 991 nuncet
355 943 500 1011 semper,
517 923 599 990 etin
616 920 731 991 secula
751 921 960 991 seculorum.
980 926 1097 991 lmen.
1274 931 1278 941 '

582 1054 597 1110 l

367 1331 428 1432 ul
461 1329 652 1430 saleto
687 1331 918 1432 santulo

126 1607 165 1652 n
190 1605 371 1654 ularlssllt
394 1607 542 1654 ennoean
566 1606 666 1654 ΡΔΡΔΙ
691 1605 821 1654 uolnus
846 1605 884 1654 Il
908 1605 941 1652 llt
965 1605 1151 1655 ΙῚΑΝΕΕΗΑ.

473 1817 570 1874 cirea
591 1832 719 1876 anuum
738 1819 810 1874 580.

63 2073 130 2158 ll.
156 2081 262 2144 Terra
288 2074 378 2142 bona
400 2069 550 2140 lruntum
577 2091 637 2160 per
660 2071 858 2158 patientiam
884 2069 1008 2140 reddit:
1026 2071 1109 2159 quia
1126 2069 1282 2141 videlicet

32 2161 106 2232 nulla
128 2163 329 2240 sumbone,
346 2182 435 2248 quae
458 2160 608 2250 agimus,
629 2159 658 2228 si
683 2179 750 2228 non
768 2160 1020 2247 aequanimiter
1039 2160 1141 2229 etiam
1167 2161 1283 2248 proxi-

31 2269 142 2322 morum
167 2252 264 2322 mala
288 2249 484 2320 toleremus.
511 2253 645 2331 Quanto
669 2247 762 2317 enim
785 2250 933 2336 quisque
957 2249 1061 2319 altius
1089 2247 1279 2339 profecerit,

31 2349 104 2408 tanto
125 2343 159 2410 in
182 2342 253 2411 hoc
274 2337 406 2409 mundo
422 2338 550 2408 invenit
566 2335 657 2425 quod
676 2336 799 2408 durius
817 2351 937 2426 portet:
959 2339 1041 2426 quia
1056 2359 1134 2408 cuna
1150 2359 1169 2406 a
1187 2359 1281 2426 prae·

31 2429 100 2496 senti
114 2431 229 2500 seculo
257 2428 381 2499 mentis
406 2442 541 2497 nostrae
565 2427 702 2496 dilectio
722 2427 848 2508 delicit,
867 2427 1023 2516 ejusdem
1041 2425 1150 2497 seculi
1165 2426 1283 2496 adver·
1358 2487 1362 2496 .

32 2515 96 2584 sitas
115 2519 252 2590 crescit.
279 2517 366 2588 Hinc
390 2529 441 2586 cst
470 2518 575 2597 enim,
603 2515 694 2603 quod
729 2515 910 2605 plerosque
933 2515 1109 2587 cernimus
1137 2528 1170 2585 et
1194 2515 1284 2585 bona

32 2623 122 2692 agere,
145 2619 314 2679 ettamen
340 2603 405 2676 sub
429 2605 525 2696 gravi
543 2604 805 2675 tribulationum
832 2605 922 2676 lasce
938 2605 1120 2678 desudare.
1138 2609 1285 2674 Terrena

33 2711 159 2784 namque
177 2699 253 2784 Jam
270 2693 441 2766 desideria
465 2693 615 2784 lugiunt,
634 2707 667 2762 et
684 2707 797 2764 tamen
822 2694 968 2786 llagellis
993 2693 1192 2764 durioribus
1209 2691 1285 2765 fati-

49 2795 147 2854 antur.
167 2785 233 2856 Sed
256 2786 354 2875 juxta
379 2804 495 2852 vocem
527 2782 683 2863 Domini,
711 2781 860 2852 fructum
897 2805 956 2874 per
981 2781 1180 2872 patientiam
1206 2781 1285 2852 red·

33 2801 123 2941 ient:
148 2876 230 2962 quia
256 2893 335 2943 cum
362 2871 541 2942 humiliter
572 2871 708 2962 llagella
740 2871 953 2961 suscipiunt,
983 2881 1059 2961 post
1083 2871 1219 2962 llagella
1241 2871 1285 2941 ad

34 2963 164 3044 requiem
188 2961 388 3034 sublimiter
412 2961 665 3050 suscipiuntur.
685 2959 739 3029 Sic
756 2981 819 3030 uva
839 2961 995 3030 calcibus
1015 2959 1184 3043 tunditur,
1202 2961 1285 3030 etin

36 3047 91 3116 lini
105 3073 139 3120 sa
164 3073 259 3122 orem
277 3050 441 3140 liquetur.
462 3048 619 3120 sioalira
634 3049 897 3120 contusionibus
917 3069 1089 3138 expressa,
1107 3071 1286 3120 amurcam

37 3155 115 3206 snam
139 3073 287 3221 iason,
313 3153 345 3210 et
369 3141 405 3208 in
428 3136 495 3208 oloi
521 3137 688 3225 liquorem
720 3137 925 3228 pinguescit.
955 3137 1009 3207 Sic
1044 3158 1104 3227 per
1128 3139 1286 3210 trituram

38 3243 117 3296 areae
137 3251 157 3298 a
177 3229 287 3318 paleis
311 3250 420 3318 grana
439 3239 656 3316 separantur,
682 3239 714 3296 et
738 3227 780 3296 ad
808 3227 969 3298 borreum
999 3240 1144 3316 purgata
1169 3247 1288 3317 perve-

40 3313 129 3386 niunt.
146 3317 312 3406 Quisquis
331 3339 413 3406 ergo
429 3317 559 3404 appetit
580 3315 680 3406 plene
698 3315 779 3384 vitia
796 3317 943 3396 vincere,
958 3309 1094 3385 studeat'
1110 3314 1289 3384 humiliter

41 3407 232 3498 purgationis
253 3427 336 3476 suae
355 3404 491 3496 llagella
509 3404 664 3476 tolerare:
682 3417 721 3476 ut
746 3418 838 3476 tanto
863 3418 939 3496 post
954 3401 997 3473 ad
1015 3403 1168 3493 judicem
1188 3425 1290 3472 mun-

42 3487 100 3559 dior
128 3496 261 3576 veniat,
291 3508 420 3582 quanto
456 3515 550 3564 nunc
584 3495 660 3585 ejus
695 3493 891 3586 rubiginem
928 3495 1020 3585 ignis
1055 3491 1289 3563 tribulationis

44 3596 93 3661 pur
114 3594 155 3652 at.

75 3603 150 3752 igi.
167 3678 205 3742 ln
230 3695 271 3744 ea
293 3673 438 3760 porticu,
456 3693 544 3760 quae
563 3673 727 3744 euntibus
744 3672 786 3742 ad
802 3671 983 3744 ecclesiam
1001 3670 1090 3759 beati
1106 3669 1290 3742 Clementis

46 3768 83 3822 est
100 3763 218 3846 pamla,
238 3762 304 3844 suit
327 3762 481 3848 quidam,
506 3761 668 3831 Servulus
697 3762 847 3842 nomine,
873 3782 976 3848 quem
1010 3759 1112 3830 multi
1137 3773 1288 3830 vestrum

48 3859 155 3916 mecum
172 3862 359 3921 noverunt:
387 3852 489 3920 rebus
507 3872 647 3940 pauper,
668 3851 798 3920 meritis
815 3849 921 3930 diveS,
939 3869 1042 3936 quem
1059 3849 1163 3938 longa
1181 3849 1290 3950 aegri-

49 3931 110 4003 tudo
129 3938 338 4011 dissolverat.
361 3941 442 4008 llam
469 3961 488 4007 a
513 3939 686 4027 primaeva
711 3951 818 4009 aetate
847 3958 957 4025 usque
989 3937 1032 4008 ad
1068 3937 1171 4008 finem
1204 3950 1291 4008 vitae

52 4023 232 4114 paralyticus
251 4029 397 4117 jacebat.
427 4026 516 4109 Quid
541 4027 668 4110 dicam,
694 4027 774 4114 quia
804 4039 894 4096 stare
920 4048 986 4097 non
1014 4029 1170 4184 poterat?
1198 4031 1291 4096 llun-

54 4125 129 4188 ltltm
155 4117 187 4184 in
212 4116 299 4186 lecto
322 4136 384 4186 suo
409 4138 550 4208 surgere
579 4117 627 4187 vel
654 4116 695 4184 ad
722 4114 911 4187 sedendum
938 4114 1011 4185 vale
1037 4128 1081 4197 at,
1110 4137 1290 4204 nunquam

56 4209 165 4270 llatrium
190 4227 287 4274 suam
313 4205 354 4274 ad
379 4226 417 4274 os
438 4205 574 4288 ducere,
606 4227 784 4292 nunquam
817 4226 853 4274 se
879 4203 989 4293 potnit
1021 4204 1055 4272 in
1081 4205 1172 4276 latus
1196 4204 1292 4275 aliud

60 4277 205 4362 declinare.
215 4293 304 4364 Huic
316 4293 358 4363 ad
372 4294 589 4364 serviendum
607 4306 713 4363 mater
727 4315 806 4362 cum
823 4293 926 4362 sralre
940 4292 1068 4374 aderat,
1083 4306 1116 4363 et
1128 4293 1291 4381 quicquid

61 4375 292 4474 tteleemosyna
310 4384 474 4474 potuisset
489 4383 655 4472 accipere,
679 4382 743 4452 boc
757 4403 875 4452 eorum
902 4383 1064 4452 manibus
1082 4385 1293 4474 pauperibus

116 4497 248 4560 turias-
267 4499 417 4563 Vr'tucSS.
434 4497 601 4562 -votxtt
1176 4497 1216 4560 25
