2972 4826
273 285 337 350 222
594 305 632 350 aa
655 303 781 352 rnvnnr.
808 303 854 352 ss.
881 303 1042 362 nunnosn,
1068 301 1136 350 arc.
1357 285 1465 350 oben

229 391 311 456 Cum
338 400 450 458 autem
476 408 567 458 anno
588 387 711 458 Christi
726 407 931 458 ccccxxxxvn
949 389 1022 478 ipsc
1045 386 1244 457 Ambrosius
1270 385 1399 456 mortale
1420 388 1467 456 hoc

227 476 385 546 exsilium
399 497 478 545 cum
499 488 663 566 perpetua
681 477 878 546 aeternitate
891 487 1146 556 commutasset,
1166 474 1206 544 ad
1227 479 1412 546 Sanctorum
1427 497 1467 544 eo

228 564 386 636 rumdem
414 569 560 654 Corpora
587 566 619 634 in
645 565 823 655 hypogaeo
849 564 1019 654 praelatae
1042 562 1231 643 Basilicas,
1263 564 1369 653 prouti
1389 563 1424 632 de
1443 587 1467 632 sa

227 654 345 723 vivens
370 652 598 742 disposuerat,
625 654 786 724 conditus
810 667 871 725 est.
900 659 969 722 Hoc
995 674 1072 722 vero
1089 651 1286 742 sepulcrum
1311 657 1392 722 Deus
1412 653 1467 720 red-

228 741 317 812 didit
340 739 556 832 gloriosum,
584 755 656 812 tum
682 741 850 829 frequenti
876 741 1084 832 populorum
1109 762 1300 822 concursu,
1326 754 1391 811 tum
1413 741 1466 830 plu·

228 830 327 900 rimis
353 835 556 900 Sanctorum
591 831 835 901 intercessione
864 832 1005 922 patratis
1039 829 1229 900 miraculis.
1263 836 1306 899 lc
1329 829 1399 899 licet
1420 851 1466 897 non

228 919 332 988 semel
352 920 439 989 Urbs
457 919 722 990 Mediolanensis
741 919 966 990 barbarorum
993 919 1254 990 incursionibus
1277 941 1316 988 ac
1338 919 1466 1007 direptio

228 1007 333 1078 nibus
366 1007 513 1078 obnoxia
545 1008 671 1090 luerit,
702 1020 851 1078 attamen
889 1031 985 1080 sacra
1015 1008 1133 1077 eadem
1164 1009 1198 1077 Pi
1227 1029 1308 1078 nora
1338 1007 1466 1077 inviolata

228 1117 366 1186 semper
390 1098 466 1187 ipso
491 1097 633 1178 inicos,
660 1098 719 1167 ubi
743 1098 894 1187 primum
920 1097 954 1166 in
980 1119 1019 1166 ea
1044 1097 1188 1166 Basilica
1202 1031 1340 1166 inerant
1362 1096 1466 1166 condita

230 1205 459 1274 permansere.
482 1186 615 1268 Quibus
631 1187 795 1256 omnibus
811 1198 987 1276 permotus
1003 1185 1221 1276 angilbertus
1239 1184 1466 1255 mediolanensis

228 1271 399 1344 Ecclesiae
423 1275 570 1344 antistes
601 1297 693 1344 anno
730 1289 905 1365 reparatae
935 1274 1057 1344 salutis
1080 1295 1242 1344 nmcxrxv
1270 1274 1423 1344 tlmbrosii
1441 1294 1466 1340 aa

229 1367 431 1433 Sanctorum
459 1367 612 1433 Fratrum
634 1383 777 1452 corpora
801 1387 820 1433 e
846 1365 957 1454 primo
981 1363 1174 1434 conditorio
1201 1362 1335 1433 sublata
1359 1365 1389 1431 in
1408 1362 1466 1430 insi·

228 1472 329 1542 gnem
358 1451 634 1542 porphyreticam
661 1474 776 1522 arcam
803 1451 998 1533 transtulit,
1023 1475 1128 1542 quam
1153 1451 1304 1542 desuper
1329 1452 1465 1542 pretiosis·

228 1539 356 1610 simum
383 1563 422 1610 ac
448 1541 528 1610 miri
558 1541 673 1630 operis
703 1541 809 1611 altare
840 1541 998 1611 extruxit.
1031 1545 1076 1610 Er
1107 1555 1188 1610 tunc
1212 1543 1248 1609 in
1280 1540 1465 1610 Ambrosiam

226 1628 367 1716 quidem
390 1628 547 1712 Basilica,
565 1651 627 1699 ceu
644 1629 818 1718 explorato
831 1629 1050 1702 dormitionis
1063 1630 1148 1711 loco,
1165 1651 1204 1698 ea
1222 1634 1323 1699 Sacra
1341 1631 1463 1718 Pignora.

227 1719 332 1787 totius
356 1718 455 1788 Orbis
479 1719 695 1795 veneratione
715 1717 782 1788 coli
809 1739 987 1804 nunquam
1015 1731 1204 1800 cessarunt,
1233 1717 1292 1788 sed
1320 1739 1357 1788 ea
1380 1716 1462 1808 palan

227 1805 377 1888 intueri,
410 1805 536 1894 illoque
560 1807 725 1897 adspectu
750 1806 853 1877 veluti
878 1807 920 1876 ad
946 1808 1147 1876 certandum
1173 1808 1304 1877 bonum
1329 1821 1463 1877 certamen

226 1893 305 1964 lidei
329 1894 480 1965 roborari
502 1896 683 1983 hucusque
698 1895 827 1966 nemini
845 1895 963 1967 datum
990 1894 1111 1966 luerat.

270 1987 357 2072 §a
384 1983 569 2054 Providens
586 1996 698 2054 tamen
724 1989 825 2066 Deus,
842 1983 903 2072 qui
927 1985 1001 2054 suis
1032 1985 1124 2054 novit
1149 1984 1356 2054 medicinam
1379 1997 1463 2072 aptare

226 2073 465 2163 temporibus,
495 2073 813 2161 auspicatissimum
849 2073 1204 2161 ejusmodi'eventum
1231 2075 1333 2144 aetati
1363 2085 1461 2142 nostrae

228 2175 483 2241 reservaverat,
519 2184 588 2250 qua
622 2163 791 2233 ambrosii
827 2161 1003 2252 praeclara
1041 2161 1195 2243 monita,
1233 2185 1275 2232 ac
1311 2167 1460 2250 ttarqrun

226 2249 383 2340 exempla
399 2250 442 2320 ad
465 2249 702 2322 inlormandos
718 2249 872 2320 fidelium
894 2252 1029 2321 animos
1046 2251 1171 2340 spiritu
1192 2250 1423 2342 intelligentiae
1436 2267 1460 2312 ac

225 2337 448 2420 fortitudinis,
469 2353 549 2410 sunt
574 2339 832 2426 quammaxime
859 2339 1064 2410 necessaria.
1092 2343 1246 2426 Cumque
1272 2341 1381 2427 itaque
1400 2353 1460 2406 anm

225 2447 396 2497 uocccnmv
407 2428 449 2497 ad
465 2429 725 2498 Ambrosianam
746 2427 927 2499 Basilicam
942 2451 961 2497 a
981 2427 1216 2499 fundamentis
1232 2425 1457 2501 instaurandam

226 2538 351 2586 manus
375 2515 495 2588 luisset
513 2518 682 2606 apposita,
709 2517 868 2588 sublosso
890 2517 1106 2607 pavimento,
1131 2517 1345 2608 disjectoque
1365 2525 1460 2584 vetusta

227 2604 384 2686 lateritio,
410 2605 501 2692 quod
522 2605 750 2676 consessionis
770 2607 986 2697 hypogaeum
1005 2607 1324 2688 circumambicbat,
1344 2607 1457 2696 primun

225 2693 296 2763 dun
321 2693 479 2783 sepulcra
503 2692 634 2764 detecta
664 2707 756 2774 sunt,
785 2717 861 2764 mox
887 2695 1128 2786 porphyretica
1151 2717 1231 2766 arca
1255 2717 1343 2783 quae
1366 2692 1422 2790 illis
1439 2705 1459 2753 tt

227 2795 459 2852 transversum
487 2782 675 2852 insistebat.
702 2783 803 2854 llisce
832 2798 946 2854 autem
980 2785 1138 2854 reseratis
1162 2784 1353 2874 sepulcris,
1378 2781 1461 2871 aliquo

226 2875 406 2941 Sacrorum
423 2875 609 2962 Corporum
633 2871 777 2961 lypsana
799 2887 930 2958 reperta
953 2886 1045 2953 sunt,
1072 2894 1143 2942 una
1166 2895 1246 2942 cum
1277 2872 1460 2942 numisma·

224 2961 301 3038 bus,
314 2959 478 3047 epocham
492 2959 800 3050 praeseferentibus
820 2960 957 3030 illorum
979 2961 1215 3052 depositionis,
1228 2962 1343 3032 seculo
1357 2967 1458 3045 quarto¹

224 3061 325 3134 atque
340 3048 538 3119 eorumdem
561 3049 804 3139 recognitionis
822 3050 962 3119 ineunte
979 3049 1095 3120 seculo
1112 3063 1204 3120 sexto
1218 3049 1327 3120 laetae
1342 3072 1358 3118 a
1372 3051 1462 3140 Sancto

224 3137 406 3207 Laurentio
426 3137 689 3228 Archiepiscopo
714 3138 970 3208 Mediolanensi.
998 3139 1056 3209 Vix
1080 3139 1144 3210 hac
1167 3139 1209 3209 ds
1238 3162 1297 3220 re,
1329 3159 1388 3206 non
1409 3147 1461 3224 sne

224 3225 332 3295 animi
350 3225 489 3307 laetitia,
519 3228 684 3298 nuncium
710 3228 920 3316 accepimus,
950 3249 1011 3315 pru
1034 3249 1074 3297 ea
1097 3249 1186 3316 quae
1203 3229 1303 3298 nobis
1328 3219 1461 3295 incumbit

224 3315 382 3385 omnium
409 3315 638 3386 Ecclesiarum
661 3315 905 3396 sollicitudine,
939 3339 998 3406 per
1017 3317 1184 3406 speciales
1209 3321 1332 3388 Sacrae
1353 3313 1460 3402 Rituuq

224 3405 505 3495 congregationis
529 3406 670 3475 Litteras
697 3404 794 3476 datas
824 3409 952 3474 llomae
975 3405 1030 3474 die
1058 3428 1137 3475 xvm
1164 3407 1292 3476 mensis
1318 3403 1461 3472 aebruan

222 3494 507 3583 supraenunciati
523 3496 605 3564 anni
622 3494 664 3563 ad
683 3495 738 3564 bo.
760 3515 825 3562 me.
844 3493 1008 3563 dilectum
1028 3497 1177 3564 Fratrem
1199 3488 1459 3585 Episcopumltf

222 3594 506 3672 maugustanum‚
527 3584 587 3670 qui
612 3583 691 3653 licet
714 3582 978 3652 Mediolanensis
1003 3583 1106 3654 Sedes
1130 3605 1193 3652 suo
1217 3595 1298 3652 tunc
1321 3577 1458 3658 lrchrept·

223 3693 327 3760 scopo
346 3692 412 3740 non
431 3685 571 3752 careret,
592 3672 715 3740 Vioarii
740 3671 945 3762 capitularis
964 3683 997 3740 et
1011 3672 1184 3742 ordinarii
1210 3672 1361 3763 partibus
1375 3661 1460 3733 odhttt

222 3758 442 3848 fungebatur,
463 3760 739 3850 significavimus
763 3760 975 3830 Voluntatem
1003 3765 1171 3842 Nostram,
1193 3775 1231 3830 ut
1256 3773 1328 3830 acta
1350 3745 1458 3838 singula

222 3847 258 3915 in
285 3848 517 3949 recognitione
543 3849 738 3938 peragenda
768 3853 949 3918 Sacrorum
981 3853 1167 3950 Corporum
1198 3848 1470 3936 conformarentttt

222 3937 440 4006 instructioni
459 3937 501 4006 de
514 3937 671 4008 blandato
686 3943 806 4008 Nostro
818 3959 839 4006 a
851 3937 976 4008 dilecto
989 3938 1074 4008 Filio
1093 3943 1189 4009 Petro
1207 3937 1331 4007 llinetti
1347 3937 1374 4030 S..
1390 3923 1458 3995 ndo

221 4029 417 4096 Promotore
440 4041 633 4116 opportune
656 4025 832 4114 digestae:
859 4049 899 4096 ac
923 4039 1096 4114 praeterea
1121 4040 1159 4097 ut
1181 4028 1215 4096 in
1243 4023 1424 4116 repositione
1435 4015 1458 4074 ct

221 4112 444 4184 collocatione
468 4115 667 4185 earumdem
687 4120 867 4185 Sacrorum
894 4116 1100 4186 Exuviarum
1118 4115 1304 4185 declararet
1326 4109 1391 4180 illas
1409 4095 1457 4168 sub

221 4201 421 4272 immediata
440 4205 648 4288 protectione
675 4207 706 4273 S.
739 4203 847 4285 Sedis,
877 4203 921 4273 ita
946 4205 1189 4276 custodiendas
1211 4225 1283 4275 esse
1305 4212 1341 4271 nt
1360 4201 1455 4264 urnam

222 4291 357 4379 aperire
380 4306 412 4362 et
436 4291 611 4378 Reliquias
635 4292 841 4362 distribuere
863 4292 1062 4364 nullatenus
1084 4293 1195 4374 liceat,
1223 4293 1286 4364 nisi
1311 4285 1454 4375 impetrate

222 4401 241 4447 a
257 4379 361 4448 Nobis
382 4379 430 4449 vel
457 4381 586 4451 Nostris
605 4383 868 4454 Successoribus
885 4394 1079 4472 opportuna
1096 4385 1205 4452 venia.
