2960 4824
53 273 114 338 ult.
137 273 168 336 tt
448 293 486 338 ou
512 293 538 339 s.
567 293 701 340 nameus
725 293 851 342 srrurrs
1178 277 1237 342 281

49 375 185 466 quaedam
209 376 409 466 blasphema
429 391 460 447 et
480 376 687 447 adulterina.
707 379 868 449 Acacium
894 389 1021 459 autem,
1041 379 1102 466 qui
1128 391 1209 450 tunc
1234 403 1287 450 se-

48 469 104 532 dem
118 465 244 536 tenebat
260 465 502 555 pontificalem,
516 467 577 553 qui
592 479 719 536 rectam
734 467 874 556 quidem
889 467 1092 539 defendebat
1105 468 1285 538 rationem:

45 551 243 624 illiusantem
268 555 467 645 dogmatum
494 557 706 645 tempestati,
739 557 882 646 spiritus
910 556 1050 638 lervore.
1083 569 1115 627 et
1149 557 1287 628 dicendi

44 639 170 712 libertate
193 643 410 713 uehementer
430 644 619 726 resistebat,
644 645 716 715 vult
738 646 858 735 iniqua
882 658 991 716 morte
1014 646 1195 716 mulctare.
1214 651 1286 717 Hoc

42 750 102 828 rum
118 730 239 802 multos
258 732 398 834 quidem
422 745 665 834 congregasset
687 756 727 802 ex
751 735 806 816 iis,
832 735 893 822 qui
917 735 1021 804 vitam
1046 747 1155 826 agunt
1171 734 1287 805 solita-

41 839 130 900 nam,
154 832 184 890 et
210 843 252 891 ex
274 821 340 902 irs,
367 821 428 908 qui
452 843 648 912 promiscue
672 823 790 893 vivunt
813 835 845 893 et
868 824 1122 906 communiter,
1149 835 1182 894 et
1206 845 1287 914 grex

41 907 245 979 concurrisset
259 909 452 992 universus,
471 911 619 982 servavit
635 922 818 1001 pastorem,
831 913 902 1000 qui,
917 933 960 981 ne
976 912 1116 1003 periret,¹
1130 913 1287 984 veniebat

41 997 66 1062 in
82 991 276 1084 pericnlum'.
295 1002 473 1069 Decretum
499 998 609 1069 luerat
626 1022 792 1090 magnum
813 1021 951 1088 quoque
972 1001 1145 1072 Danielem
1164 1023 1285 1071 vocare
1318 1034 1324 1048 ·

40 1085 249 1169 maurilium,
267 1099 300 1156 et
322 1088 395 1156 viro
419 1089 494 1157 miti
519 1088 684 1160 Sacerdos
710 1091 930 1178 Imperatoris
947 1090 1077 1160 rabiem
1097 1090 1283 1181 significat.

41 1177 107 1242 dum
121 1189 228 1246 autem
251 1176 404 1262 quierat
423 1177 562 1267 sapiens
585 1178 629 1246 ad
658 1177 946 1249 malefaciendum
975 1179 1040 1248 hoc
1070 1179 1286 1270 cognovisset

40 1263 223 1350 imperator,
252 1265 326 1354 ipse
357 1287 493 1354 quoque
525 1266 657 1336 Danieli
681 1267 877 1358 significat,
909 1268 1003 1337 bunc
1028 1269 1143 1356 ipsum
1170 1269 1285 1370 potius

41 1352 226 1423 Sacerdotem
253 1353 361 1426 fuisse
385 1375 524 1425 eausam
547 1354 651 1442 hujus
666 1356 847 1428 tumultus.
866 1361 949 1428 llam
967 1368 999 1425 et
1016 1355 1096 1426 lacit
1112 1356 1282 1426 civitatem

38 1437 175 1512 adversus
194 1465 252 1512 me
269 1443 459 1533 insurgere,
477 1454 509 1512 et
526 1444 652 1515 milites
667 1445 860 1534 corrumpit
875 1466 914 1514 ac
933 1446 1104 1534 pervertit,
1127 1457 1159 1514 et
1177 1446 1211 1514 in
1232 1467 1285 1514 me

36 1527 193 1600 maledicta
209 1533 378 1621 congerit,
396 1543 429 1601 et
453 1533 579 1624 probra
596 1533 724 1602 inurit:
750 1546 783 1603 et
806 1533 972 1602 adversus
996 1554 1051 1604 me
1075 1533 1156 1604 lacit
1180 1535 1284 1605 innu-

36 1618 201 1689 merabilia.
232 1625 308 1703 Quo
330 1621 422 1691 circa
446 1633 579 1711 oportet
601 1633 644 1701 te,
664 1622 788 1710 ajebat,
817 1623 978 1712 precibus
995 1624 1064 1693 tuis
1081 1625 1283 1711 Imperatori

36 1705 128 1792 potius
144 1730 244 1798 opem
261 1709 351 1778 serre
366 1722 485 1780 contra
501 1709 721 1800 Episcopum.

68 1796 174 1879 Μ.
200 1798 265 1868 Sed
285 1798 342 1868 bic
357 1798 444 1868 mibi
464 1797 657 1868 consideret
675 1799 814 1886 aliquis,
840 1799 1056 1869 admirabilis
1081 1799 1231 1869 Danielis
1254 1812 1286 1869 et

35 1879 60 1948 in
81 1883 301 1957 discernendo
317 1907 489 1959 summam
515 1887 732 1978 sapientiam,
754 1901 787 1958 et
803 1889 838 1957 in
856 1888 1056 1957 dimicando
1076 1909 1138 1977 pro
1153 1889 1286 1960 Christo

34 1967 244 2044 fortitudinem
266 1987 300 2044 et
319 1976 593 2066 generositatem.
619 1981 771 2059 Quorum
798 1976 884 2045 illud
913 1976 1053 2065 quidem
1074 1977 1223 2046 ostendit
1246 1977 1282 2045 in

35 2055 302 2149 deprehendendo
326 2063 519 2149 maleficio;
546 2065 609 2135 boo
634 2085 723 2146 vero,
743 2065 834 2152 quod
860 2085 929 2134 non
950 2065 1063 2134 solnm
1089 2065 1213 2155 probro
1238 2066 1286 2134 al-

35 2145 234 2234 leceriteum,
263 2153 326 2240 qui
350 2165 543 2242 susceptam
570 2175 590 2224 a
613 2175 692 2223 vero
716 2157 781 2224 Deo
805 2153 1053 2223 humanitatem
1073 2154 1198 2244 probro
1214 2152 1286 2223 affi-

10 2319 11 2322 ,
35 2234 142 2319 riebat;
157 2241 217 2310 sed
233 2241 341 2311 etiam
356 2243 524 2313 maximas
542 2241 653 2312 minas
671 2243 705 2310 in
723 2263 802 2312 eum
824 2242 1019 2322 intenderit,
1039 2254 1072 2312 et
1088 2241 1285 2332 prophetice

37 2323 62 2388 ei
82 2327 186 2400 allatus
218 2331 291 2401 sit:
327 2331 619 2421 «Disrumpens,
652 2330 775 2418 inquit,
802 2330 996 2488 disrumpet
1020 2335 1109 2403 Deus
1136 2351 1283 2422 regnum

40 2419 168 2496 tuum;»
191 2431 226 2489 et
243 2417 316 2488 alia
330 2417 504 2509 adjecerit,
530 2439 619 2508 quae
634 2441 692 2488 cor
706 2419 782 2508 ejus
799 2441 930 2507 usquea
956 2439 995 2489 eo
1021 2431 1176 2510 poterant
1192 2440 1283 2489 mor-

39 2497 100 2569 dere
114 2517 139 2574 et
153 2519 311 2600 tangere,
333 2519 372 2578 ut
392 2529 453 2576 nec
470 2505 528 2576 ille
551 2507 704 2595 quidem,
724 2507 783 2594 qui
800 2508 957 2578 minister
970 2520 1043 2578 erat
1058 2508 1198 2578 iuturus
1220 2527 1286 2577 ver·

36 2584 144 2676 borum,
160 2619 272 2668 ausus
284 2594 387 2666 fuerit
405 2596 487 2666 haec
502 2617 560 2666 ore
577 2597 774 2666 renuntiare
789 2598 1017 2687 imperatori:
1040 2596 1098 2668 sed
1117 2619 1137 2666 a
1158 2617 1286 2687 magno

34 2679 153 2766 petierit,
172 2696 211 2756 nt
236 2684 371 2766 litteris,
399 2685 441 2755 iis
467 2706 511 2754 ue
537 2685 739 2774 obsignatis,
767 2685 851 2754 haec
871 2686 1152 2775 significarentur
1171 2691 1285 2775 Impe-

33 2771 127 2839 ratori.
152 2779 191 2843 Et
214 2774 267 2844 sic
294 2772 351 2842 ille
381 2706 521 2861 quidem
554 2775 704 2843 recessit.
730 2773 882 2844 Pontifex
911 2790 1026 2845 autem
1060 2796 1140 2844 cum
1165 2795 1286 2846 omnes

30 2851 85 2925 lare
100 2861 239 2933 eximios
255 2873 498 2952 congregasset
513 2861 711 2951 Episcopus,
732 2863 835 2932 mittit
848 2863 891 2932 ad
910 2883 1077 2954 magnum
1094 2862 1282 2946 Danielem,

31 2963 93 3013 aum
109 2949 309 3031 adhortans,
330 2963 368 3021 ut
382 2971 484 3022 suum
503 2971 564 3040 pro
584 2952 716 3022 Christo
735 2952 831 3022 daret
846 2951 1028 3032 auxilium,
1048 2951 1166 3022 dicens
1190 2950 1287 3022 illius

30 3051 89 3104 esse
102 3038 206 3111 solius
223 3040 366 3130 linguae
382 3050 415 3108 et
434 3038 570 3109 virtutis
593 3039 757 3110 adversus
777 3040 862 3110 adeo
881 3039 1068 3114 absurdam
1085 3040 1286 3131 depugnare

30 3119 278 3214 blasphemiam,
301 3139 333 3197 et
349 3129 524 3218 suscipere
541 3128 670 3198 bellum
687 3150 750 3219 pro
766 3129 929 3200 Ecclesia.
947 3134 1053 3216 Atque
1070 3129 1126 3198 isti
1141 3129 1283 3230 quidem

29 3212 160 3298 profecti,
184 3217 272 3288 baec
289 3217 317 3285 si
346 3217 543 3287 nificarunt.
566 3218 735 3300 Quoniam
753 3239 831 3288 vero
848 3223 972 3287 Sancto
990 3229 1064 3287 erat
1079 3216 1177 3286 valde
1196 3216 1286 3286 drffi·

28 3297 289 3376 cdeecolumna
314 3239 532 3388 descendere,
554 3318 587 3374 et
612 3306 786 3388 renuebat,
812 3307 896 3393 quid
915 3328 1038 3376 rursus
1064 3305 1284 3405 machinatur

28 3387 217 3476 Patriarcba‚
245 3392 364 3465 volens
383 3415 462 3464 eum
483 3394 525 3463 ad
552 3393 587 3462 id
610 3395 772 3464 flecteret
795 3399 929 3466 Rursus
954 3395 1058 3465 mittit
1081 3399 1280 3494 Episcopus,

25 3473 132 3558 jubens
147 3503 207 3552 eos
223 3481 256 3552 ei
273 3503 439 3572 apparere
460 3495 619 3565 moestos,
646 3483 764 3571 utique
786 3483 1043 3555 miserabilibus
1066 3493 1098 3552 et
1125 3481 1237 3552 rerbrs
1253 3493 1286 3552 et

29 3567 184 3652 gestibus3
212 3583 247 3640 et
271 3569 479 3661 prolundcre
503 3570 694 3661 lacrymas,
711 3571 967 3642 validissimum
993 3571 1284 3671 medicamentum

28 3651 59 3720 td
74 3659 345 3745 persuasionem,
370 3673 403 3731 et
422 3661 522 3730 omni
540 3660 670 3730 ratione
686 3660 804 3731 conari
820 3681 900 3731 eum
925 3662 1070 3732 flectere.
1097 3663 1283 3741 «Imitare,

29 3737 172 3830 dicentes,
193 3748 349 3838 primum
375 3747 579 3839 magistrum
598 3761 631 3820 et
653 3761 922 3840 praeceptorem.
948 3753 988 3820 In
1012 3749 1057 3818 iis
1072 3749 1180 3831 enim,
1198 3769 1287 3836 quae

29 3845 92 3902 sunt
117 3834 278 3907 facienda
298 3857 360 3927 pro
380 3837 525 3920 Glrristo,
553 3837 713 3928 pulcrum
733 3851 785 3909 est
811 3837 983 3908 Christum
1009 3837 1150 3906 imitari.
1177 3836 1286 3907 Decli-

30 3923 104 3993 narit
125 3924 185 3995 ille
201 3947 343 4013 quoque
365 3947 384 3996 e
406 3924 512 3998 coelis
534 3938 567 3996 et
586 3925 773 4010 descendit,
793 3947 986 4018 procurans
1005 3925 1151 3997 salutem
1176 3925 1287 3995 homi·

29 4021 105 4078 uum.
123 4013 215 4096 Quid
240 4035 321 4105 ergo
336 4014 478 4085 absurdi
502 4013 616 4092 luerit.
635 4016 802 4104 situque
826 4037 870 4086 ue
889 4014 1173 4105 aliquantispere
1192 4013 1287 4084 colu-

30 4113 92 4166 una
110 4101 347 4185 descenderis,
369 4115 505 4192 atquae
528 4104 671 4174 venitin
691 4037 896 4194 periculum,
924 4125 967 4174 ne
985 4115 1110 4195 pereat,
1138 4103 1286 4204 servaris

30 4181 208 4284 luelesiam,
229 4213 290 4280 pro
301 4213 371 4279 qua
385 4195 460 4282 ipse
476 4213 550 4261 eam
565 4213 687 4262 amans
703 4193 841 4284 proprio
856 4213 923 4262 non
939 4193 1091 4283 pepercit
1104 4193 1286 4282 sanguim?

32 4270 173 4349 lrrstima
188 4280 254 4350 tibi
270 4281 281 4348 i
309 4301 382 4352 sam
398 4280 535 4351 adstare
547 4280 748 4364 Ecclesiam,
763 4294 797 4353 et
813 4301 927 4352 vocem
944 4283 1109 4363 emittere,
1124 4293 1158 4350 et
1171 4292 1285 4352 exten·

33 4353 91 4432 dere
105 4388 235 4448 manus
318 4369 535 4442 auxilium.»
