3046 4838
73 313 144 376 llll.
170 315 180 374 t
481 328 514 374 oe
536 329 562 376 s.
590 329 694 376 scroto
720 331 771 376 ar.
798 329 929 378 norton.
1247 316 1289 380 ts

71 415 260 484 Christianus
277 425 358 492 est,
384 420 424 476 et
436 409 571 484 Christus
588 415 721 484 habitat
737 415 770 482 in
787 436 838 493 eo,
860 415 919 510 qni
937 415 1043 483 dicit:
1069 419 1108 486 Si
1130 419 1205 508 qais
1219 418 1333 509 dilipit

71 526 122 582 me,
142 525 329 572 sermonem
355 520 468 568 mnam
489 505 642 586 servabit,
664 515 697 573 et
720 509 822 573 Potor
847 527 941 574 meos
964 506 1085 596 dilipet
1109 529 1208 587 enm,
1234 517 1265 576 et
1290 510 1335 576 od

67 615 131 660 enm
150 595 359 670 veniemus,
402 598 430 656 el
449 594 644 662 mansionem
676 594 769 683 opud
792 616 868 662 eam
895 595 1060 683 faciemus
1090 599 1207 680 (loon.
1241 596 1331 684 mv);

66 681 135 748 item
164 703 222 769 per
243 679 482 767 Prophetcm:
505 686 573 772 Epo
597 683 792 762 inhabitabo
815 684 851 751 in
874 685 933 764 ets,
962 693 994 752 et
1010 686 1098 753 inter
1121 687 1198 754 illos
1217 687 1335 754 ombo-

67 771 141 850 lobo,
160 780 191 839 et
214 793 272 840 ero
288 772 440 838 illorum
460 773 541 838 beas
563 771 681 860 (benit.
708 770 810 870 xxm).
1194 796 1198 804 ·

103 859 119 944 ξ
137 864 205 930 15.
224 863 352 928 «Ecce
370 857 522 939 audistis,
541 859 675 940 iratres,
687 861 748 946 qui
765 871 834 928 sint
847 859 928 930 boni
945 860 1142 930 Christiani.
1159 868 1334 944 Quantum

64 946 160 1036 igitur
173 949 333 1036 potestis,
352 967 435 1016 cum
450 948 616 1037 adjutorio
635 949 692 1017 [tei
709 947 871 1030 laborate,
894 969 1078 1019 nonomen
1101 950 1334 1021 Christianum

63 1034 139 1105 falso
154 1037 333 1106 habeatis:
350 1034 411 1104 sed
426 1049 461 1105 ut
474 1037 540 1104 veri
557 1037 739 1107 Christiani
755 1059 830 1107 esse
848 1038 998 1127 possitis,
1014 1053 1196 1128 praecepta
1211 1039 1336 1109 Christi

63 1145 190 1214 semper
217 1125 342 1196 animo
366 1124 532 1282 cogitate,
560 1139 592 1195 et
619 1147 722 1216 opere
748 1127 969 1214 exequimini.
1001 1127 1170 1198 Redimite
1197 1130 1333 1198 animas

62 1228 182 1284 vestras
201 1237 222 1283 a
241 1215 379 1304 poenis,
432 1237 488 1284 um
506 1214 638 1284 habetis
662 1215 697 1284 in
724 1227 886 1305 potestate
910 1217 1073 1286 remedia.
1093 1216 1335 1306 Eleemosynas

63 1324 119 1391 pro
140 1304 274 1374 viribus
301 1315 482 1394 praestate,
505 1317 537 1373 et
559 1304 718 1373 charitati
737 1304 889 1386 studete,
913 1304 1090 1375 discordes
1114 1319 1265 1375 revocate
1290 1305 1333 1374 ad

63 1393 291 1472 concordiam,
322 1392 540 1461 mendacium
565 1393 684 1484 fugite,
705 1394 894 1483 perjurium
914 1393 1110 1476 horrescite,
1138 1394 1264 1465 lalsum
1284 1407 1335 1462 te-

63 1481 260 1551 stimonium
287 1481 395 1550 nolite
419 1481 556 1563 dicere,
586 1481 678 1552 lurto
695 1482 884 1563 abstinete,
912 1482 1102 1554 oblationes
1128 1497 1161 1553 et
1180 1484 1335 1554 decimas

62 1570 210 1640 eeclesiis
237 1571 388 1651 reddite,
415 1569 602 1640 luminaria
627 1572 754 1640 sanctis
775 1571 858 1640 locis
878 1593 940 1660 pro
966 1570 1127 1641 facultate
1152 1572 1332 1654 exhibete,

66 1659 256 1746 symbolum
276 1672 310 1731 et
330 1659 521 1728 orationem
546 1660 757 1729 Dominicam
783 1661 948 1730 memoria
970 1673 1089 1742 tenete,
1117 1675 1150 1730 et
1170 1661 1252 1731 liliis
1279 1683 1334 1730 ve-

68 1747 141 1816 stris
155 1748 286 1818 tradite.
307 1747 390 1818 lllos
406 1769 554 1836 quoque,
574 1769 660 1834 quos
677 1771 717 1818 ex
734 1749 905 1838 baptismo
925 1751 1138 1839 suscepistis,
1160 1750 1279 1820 docete
1302 1763 1335 1819 et

67 1837 247 1928 castigate,
274 1851 312 1906 ut
341 1859 479 1938 semper
509 1839 540 1904 in
567 1837 689 1907 timore
717 1839 773 1906 [lei
801 1838 926 1907 vivant.
954 1839 1118 1908 Noveritis
1150 1861 1209 1908 vos
1241 1838 1335 1928 apud

69 1929 165 1993 heum
184 1949 245 2014 pro
262 1926 334 1995 illis
350 1925 572 2014 fidejussores
589 1927 707 1995 teneri.
726 1926 772 1995 hd
791 1926 970 1996 ecclesiam
989 1928 1128 2016 saepius
1143 1927 1333 2008 convenite,

73 2029 256 2083 sanctornm
287 2015 478 2106 patrocinia
508 2015 685 2084 humiliter
707 2016 874 2104 expetite:
901 2015 991 2084 diem
1024 2017 1241 2086 homininum
1274 2039 1335 2118 pro

77 2105 246 2172 reverentia
262 2103 528 2172 resurrectionis
552 2105 687 2184 Christi,
714 2103 844 2191 absque
867 2104 940 2174 ullo
959 2104 1074 2173 servili
1096 2127 1197 2194 opere
1220 2106 1331 2186 colite,

77 2204 256 2262 sanctorum
290 2192 527 2262 solemnitates
556 2194 611 2282 pio
642 2193 765 2278 affectu
795 2193 973 2262 celebrate.
1001 2194 1178 2262 Proximos
1206 2208 1336 2263 vestros

73 2279 157 2348 sicut
173 2302 224 2352 ros
241 2282 336 2372 ipsos
356 2280 509 2371 diligite;
535 2281 626 2368 quod
649 2280 743 2351 vobis
760 2281 864 2350 vultis
880 2281 923 2350 ab
940 2281 1017 2350 aliis
1034 2281 1122 2362 fieri,
1145 2282 1210 2351 hoe
1227 2296 1258 2352 et
1279 2304 1337 2351 vos

71 2366 145 2436 aliis
162 2368 267 2440 lacite.
290 2369 389 2452 Quod
412 2370 508 2440 vobis
525 2371 598 2439 heri
620 2393 686 2441 non
706 2371 821 2452 vultis,
845 2369 932 2439 nulli
953 2369 1096 2441 laniatis.
1117 2376 1200 2440 hnte
1219 2371 1338 2440 omnia

71 2457 260 2528 charitatem
282 2459 418 2540 habete;
433 2459 515 2545 quia
531 2459 680 2529 charitas
697 2460 807 2549 operit
825 2458 1081 2528 multitudinem
1101 2473 1334 2550 pcccatorum.

70 2549 174 2616 Estote
195 2547 397 2636 hospitales,
417 2547 579 2628 humiles,
602 2570 738 2617 omnem
765 2547 1033 2618 sollicitudinem
1056 2563 1201 2637 vestram
1230 2548 1336 2638 proji-

67 2635 188 2705 cientes
205 2638 239 2705 in
258 2642 386 2706 neum:
413 2637 577 2723 quoniam
604 2637 669 2727 ipsi
694 2659 778 2706 cura
801 2649 852 2707 est
872 2637 914 2706 de
934 2637 1041 2706 vobis.
1068 2638 1231 2708 Infirmos
1255 2637 1337 2706 visi·

64 2737 154 2802 tate,
177 2726 210 2793 io
231 2745 406 2795 carcerem
428 2726 599 2796 con‘ectos
628 2725 785 2806 invisite,
815 2725 1013 2816 peregrinos
1037 2728 1224 2816 suscipite,
1256 2747 1337 2796 esu-

63 2813 187 2883 rientes
211 2815 354 2902 pascite.
382 2814 431 2882 Sit
448 2747 706 2902 vobisaequum
731 2815 876 2904 pondus,
897 2828 929 2883 et
953 2837 1061 2902 aequa
1081 2837 1265 2897 mensura,
1293 2815 1339 2885 sit

63 2913 185 2971 statera
197 2903 305 2990 justa,
325 2903 445 2990 justus
463 2902 611 2984 modius,
627 2925 827 2991 aequusque
841 2903 1020 2974 sextarius:
1039 2909 1104 2974 llec
1124 2905 1336 2994 plusquam

62 2989 214 3071 dedistis
236 2993 421 3081 repetatis:
450 3013 560 3080 neque
579 3014 705 3062 usuras
728 3013 768 3062 er
794 2993 938 3082 pecunia
956 3006 1076 3062 mutuo
1102 2992 1194 3075 data,
1214 3015 1337 3080 aquo-

61 3099 166 3165 quam
180 3081 337 3170 exigatis.
357 3084 452 3162 Quae
475 3082 504 3148 si
521 3081 792 3162 observaveritis
812 3082 924 3151 securi
942 3081 976 3149 in
995 3082 1051 3150 die
1063 3081 1188 3184 judicii
1210 3080 1251 3150 ad
1279 3082 1338 3151 tri'·

61 3165 168 3237 huual
183 3169 312 3239 aeterni
328 3169 465 3238 Judieis
485 3170 669 3250 venientes,
691 3169 835 3240 dicetis:
862 3175 954 3250 «lta,
977 3175 1128 3244 Domine,
1151 3171 1232 3258 quia
1248 3169 1340 3238 dedi·

64 3278 164 3325 mus:
191 3257 373 3338 miserere,
413 3258 495 3345 quia
524 3258 795 3328 misericordiam
826 3257 983 3328 lecimus.
1022 3263 1088 3328 Nos
1116 3258 1339 3349 implevimus

62 3345 155 3431 quod
174 3347 336 3433 jussisti:
364 3359 401 3415 tu
419 3347 522 3416 redde
545 3347 636 3434 quod
656 3347 892 3437 promisisti.»

112 3441 132 3512 ἓ
152 3441 226 3507 tu.
253 3459 272 3502 tt
299 3440 383 3504 hnte
405 3436 523 3506 omnia
539 3449 651 3506 autem
669 3435 756 3505 illud
781 3435 954 3505 denuncio
974 3447 1076 3521 atque
1095 3447 1278 3512 contestor,
1298 3457 1340 3504 ne

64 3521 154 3591 ullas
167 3545 382 3613 paganorum
401 3525 589 3614 sacrilegas
605 3523 874 3594 consuetudines
890 3525 1088 3604 observetis,
1106 3547 1174 3593 non
1189 3522 1337 3604 divinos,

67 3631 135 3678 non
150 3613 342 3702 sortilegos,
364 3635 431 3682 non
451 3614 680 3684 incantatores
700 3634 759 3702 pro
776 3612 848 3682 ulla
863 3635 899 3682 re
915 3626 974 3682 aut
994 3612 1196 3682 infirmitate
1213 3633 1340 3682 consu-

5 3773 6 3780 ,
68 3697 136 3766 lere
149 3702 220 3770 ausi
242 3701 330 3772 sitis.
348 3702 412 3784 Qui
429 3703 520 3771 enim
536 3702 570 3772 id
585 3701 676 3783 lacit,
696 3701 753 3771 ille
770 3723 847 3772 mox
863 3701 975 3792 perdit
991 3702 1157 3792 baptismi
1176 3701 1337 3792 gratiam.

70 3790 178 3873 Neque
198 3791 301 3860 etiam
326 3791 474 3882 auguria
500 3791 550 3860 vel
572 3792 836 3862 sternutationes
853 3791 1050 3872 observetis,
1079 3811 1140 3860 nec
1158 3792 1192 3858 in
1218 3791 1340 3860 itinere

71 3877 238 3948 constituti
270 3901 350 3950 aves
376 3893 553 3950 cantantes
584 3881 720 3950 curiose
739 3879 946 3950 attendatis:
974 3880 1033 3949 sed
1059 3880 1130 3950 site
1157 3879 1245 3960 iter,
1279 3901 1341 3950 seu

73 3965 240 4046 quodlibet
255 3990 345 4058 opus
369 3969 557 4060 suscipitis,
580 3971 714 4060 signate
734 3990 794 4038 vos
819 3969 852 4036 in
883 3968 1022 4037 nominc
1048 3969 1184 4050 Christi,
1204 3968 1341 4126 stho-

77 4049 261 4140 loroqueet
284 4058 474 4126 orationem
508 4059 722 4127 Dominicam
751 4079 830 4128 cum
857 4056 925 4126 tide
948 4071 980 4127 et
1007 4057 1186 4128 devotione
1236 4058 1345 4136 icite,

77 4159 135 4208 nec
156 4145 339 4232 quicquam
358 4146 455 4215 vobis
480 4167 602 4226 nocere
631 4146 754 4238 poterit
770 4145 948 4215 inimicus.
979 4144 1102 4216 Nullus
1126 4146 1341 4216 Christianus

80 4228 317 4318 observetque
342 4233 398 4302 die
417 4234 560 4304 domurn
584 4234 634 4303 vel
659 4247 771 4315 exeat,
796 4233 846 4302 vel
863 4245 1074 4314 revertatur;
1102 4255 1222 4304 omnes
1246 4235 1340 4303 enim

83 4311 146 4385 dies
161 4323 321 4392 llnrninus
345 4322 436 4391 lecit.
463 4322 587 4393 Nullus
611 4323 653 4392 ad
674 4323 909 4392 inchoandum
931 4345 1019 4412 opus
1039 4322 1128 4391 diem
1149 4323 1199 4390 vel
1220 4322 1338 4392 lunam

87 4407 228 4479 attendat.
250 4415 357 4482 Nemo
381 4411 416 4480 in
438 4411 597 4482 Calendis
619 4412 779 4482 lanuarii
803 4410 952 4480 nelanda
975 4425 1008 4479 et
1031 4409 1192 4491 ridicula,
1209 4410 1340 4479 vetulas
