2994 4832
56 315 159 378 blito
418 335 454 379 os
478 335 504 380 s.
531 334 609 380 sins
634 333 705 380 nco.
733 333 770 379 cr
796 331 888 380 conr.
1183 317 1245 379 leb

53 431 129 484 creat.
153 416 210 486 Ille
246 431 361 486 autern
395 417 452 496 id,
478 417 566 502 quod
603 417 845 496 desiderabat,
880 430 1106 496 consecutus,
1145 433 1177 486 et
1208 441 1286 487 cum

52 506 181 594 precibus
210 505 306 574 illinc
331 505 511 584 dimissus,
541 512 604 574 lteo
628 507 715 575 duee
742 504 854 594 pulcri
886 505 980 576 illius
1012 506 1155 585 itineris,
1183 507 1290 576 tendit

49 593 251 682 ierosolyma:
278 615 357 662 cuni
378 595 409 661 in
437 595 497 662 boc
520 594 660 680 quidem
680 595 886 663 monasterio
910 616 1020 664 annos
1044 593 1160 664 decem
1181 611 1289 664 trans-

46 683 162 770 egisset,
187 685 309 752 aetatis
335 705 409 751 vero
432 697 543 770 ageret
567 705 698 752 annum
724 682 1083 752 octavumdecimum:
1110 705 1178 770 quo
1203 690 1290 752 llar-

45 775 141 840 rianus
158 785 188 840 et
205 771 384 842 luvenalis
400 773 500 841 ambo
517 774 560 860 pii
586 795 626 842 ac
652 772 815 861 religiosi,
833 771 890 840 ille
909 772 1049 858 quidem
1067 773 1110 841 ab
1127 774 1287 861 Imperio,

45 861 86 926 liic
106 873 209 928 autem
232 885 250 929 a
278 861 490 941 Pontificatu,
518 875 626 930 morte
649 860 831 930 desistunt.

73 951 141 1034 §2
167 953 248 1017 Cum
271 972 348 1018 vero
373 950 494 1039 hyeme
510 952 655 1018 venisset
683 950 908 1038 ierosolyma,
941 963 973 1017 et
993 973 1012 1018 a
1036 949 1187 1038 ipuodam
1211 972 1291 1019 sene

41 1038 212 1126 cappadoce
237 1039 271 1106 in
301 1042 504 1108 monasterio
533 1040 640 1107 sancti
678 1039 872 1107 Pasarionis
898 1039 1047 1128 bospitio
1080 1052 1168 1108 esset
1192 1061 1290 1106 exce-

41 1139 113 1212 ptus,
137 1141 214 1196 tunc
231 1127 372 1214 quidem
398 1127 487 1215 opud
515 1129 627 1216 ipsum
656 1128 805 1215 lryemat.
834 1133 949 1196 Postea
976 1141 1100 1195 autem
1120 1128 1198 1196 aliis
1221 1127 1291 1196 alio

41 1217 152 1282 beatum
177 1217 403 1292 trahentibus,
429 1230 461 1284 et
486 1217 550 1284 vim
578 1217 812 1296 afferentibus
840 1229 879 1284 ut
902 1217 960 1300 qui
987 1216 1030 1284 ab
1051 1216 1146 1284 illius
1166 1218 1290 1284 virtute

40 1302 250 1394 multomagis
268 1305 417 1374 vicissim
443 1308 706 1376 attraherentur.
730 1319 762 1374 et
783 1318 819 1373 ut
836 1305 926 1392 apud
955 1327 990 1372 se
1017 1319 1180 1384 innueret,
1203 1329 1290 1373 uno-

38 1413 152 1477 quoque
175 1408 326 1483 rogante,
346 1416 384 1462 eo
409 1407 520 1461 eutem
540 1415 631 1468 sene,
659 1394 721 1479 qui·
738 1395 852 1482 ipsum
881 1394 992 1480 primo
1021 1393 1170 1482 bospitio
1194 1416 1291 1462 aoce-

41 1495 126 1563 perat,
145 1495 280 1572 rogante
295 1505 337 1550 ne
356 1481 558 1550 recedereta
585 1483 811 1551 monasterio:
830 1481 887 1548 ille
905 1495 1078 1567 tamquam
1101 1482 1189 1568 ejus,
1204 1505 1291 1567 quae

40 1573 337 1639 beocomenienter
360 1571 484 1660 agitur.
518 1571 603 1639 vitae
629 1584 770 1640 matrem
800 1571 949 1656 quietem
979 1591 1101 1638 ainans
1126 1585 1157 1639 et
1188 1571 1289 1640 silen-

40 1657 123 1736 tium,
140 1681 198 1726 non
219 1660 357 1730 induxit
381 1661 414 1726 in
441 1659 609 1738 animum,
629 1675 665 1728 ut
689 1681 767 1728 cum
794 1659 865 1728 ullo
885 1657 1024 1744 quidem
1046 1681 1164 1728 eorum
1187 1660 1292 1728 coba-

42 1747 162 1816 bitaret:
184 1749 236 1818 sed
263 1772 346 1818 cunr
372 1748 415 1817 de
441 1771 565 1839 magno
589 1749 777 1838 accepisset
797 1748 981 1837 Euthymio
1006 1748 1021 1776 *
1046 1749 1171 1836 (virtus
1198 1751 1290 1816 enim

41 1834 101 1918 rjus
121 1835 238 1924 ubique
264 1837 556 1926 praedicabatur),
578 1850 701 1924 captus
723 1850 774 1906 est
800 1837 989 1906 vehementi
1015 1836 1186 1907 desiderio
1211 1860 1290 1906 uum

43 1945 74 1988 ro
89 1927 337 2014 congrediendi:
363 1939 414 1995 est
430 1927 521 1995 enim
548 1925 660 1995 simile
676 1947 813 2014 semper
836 1925 986 1994 amicum
1013 1924 1131 1994 simili.
1155 1931 1194 1994 Et
1208 1949 1292 2012 quo-

48 2011 121 2076 niam
135 2013 181 2082 ille
196 2039 260 2084 non
283 2036 387 2084 secus
403 2037 442 2082 ac
468 2019 652 2102 Hesperus
673 2017 707 2084 in
726 2013 913 2084 solitudine
929 2035 1017 2100 quae
1040 2029 1091 2082 est
1111 2015 1153 2082 ad
1171 2017 1293 2083 Orien-

51 2111 122 2178 tem,
142 2105 239 2182 ¹clarus
275 2117 351 2172 erat
382 2103 557 2172 miraculis
581 2116 613 2172 et
636 2103 809 2182 doctrina,
837 2103 1054 2172 desiderabat
1090 2103 1196 2172 Sabas
1221 2104 1290 2172 frui

52 2185 113 2284 luce
132 2191 278 2262 bonorum
313 2192 500 2279 Euthymii,
528 2204 560 2260 et
586 2213 666 2262 cum
694 2213 735 2262 eo
760 2191 898 2270 laetari,
937 2205 969 2261 et
993 2191 1039 2260 ali
1065 2191 1171 2260 radiis
1199 2192 1293 2261 illius

54 2289 195 2372 virtutum,
215 2297 246 2351 et
273 2303 344 2349 non
368 2301 467 2350 secus
480 2292 582 2367 atque
593 2301 783 2438 penerosae
807 2279 953 2370 plantae,
976 2281 1009 2348 in
1027 2280 1143 2350 anima
1169 2295 1201 2349 et
1221 2283 1292 2370 spi-

51 2365 166 2460 ritaliter
182 2372 310 2462 augeri.
340 2375 445 2454 tique
472 2369 501 2438 ei
530 2371 588 2456 qui
616 2391 693 2448 em,
720 2369 809 2456 quod
836 2370 1055 2448 dictumest,
1085 2371 1293 2441 monasterio

48 2449 159 2526 divinus
185 2469 341 2548 praeerat
372 2457 408 2526 El
435 2458 539 2527 idius.
568 2464 651 2528 Cum
684 2460 747 2528 boc
775 2471 887 2527 autem
920 2459 1092 2528 desiderio
1120 2472 1294 2528 teneretur

44 2540 141 2638 beatus
165 2550 279 2630 Sabas,
317 2569 376 2617 acc
424 2547 467 2626 it,
496 2561 527 2616 et
557 2546 589 2614 id
615 2549 779 2616 enunciat
803 2548 901 2617 beato
929 2547 1075 2635 Elpidio.
1104 2553 1185 2617 Cum
1215 2571 1293 2616 vern

42 2636 194 2705 munisset
209 2661 292 2707 eum
312 2657 449 2723 quoque
466 2657 540 2705 esse
561 2635 729 2705 incudem
749 2640 928 2716 sententia,
948 2637 1075 2704 divinis
1103 2636 1197 2706 illius
1217 2659 1294 2725 pre·

37 2721 118 2790 cibus
135 2727 281 2816 acceptis
301 2748 362 2814 pro
382 2724 449 2794 alio
469 2725 603 2804 viatico
623 2725 666 2793 ad
686 2745 851 2814 maguum
870 2726 1094 2814 Eutlrymiuru
1115 2739 1291 2816 tamquam

36 2807 111 2878 tilius
133 2813 170 2882 ad
188 2829 335 2903 patrem,
364 2835 430 2883 non
457 2835 497 2882 ex
521 2815 702 2903 sanguine,
726 2814 783 2884 sed
806 2835 847 2882 ex
868 2815 989 2883 virtute
1017 2815 1131 2904 potius
1151 2815 1293 2884 trobens

34 2901 265 2988 cognationem,
293 2903 436 2972 accedit.

70 2989 139 3072 §s
164 2997 249 3062 Curn
285 3013 366 3082 ergo
391 2991 522 3080 aliquot
558 2989 629 3058 illic
658 2990 732 3058 dies
763 2991 967 3069 mansisset,
995 2991 1036 3059 ud
1070 2994 1225 3081 synaxim
1252 2993 1294 3060 de

34 3095 111 3144 more
126 3094 224 3150 eunte
253 3081 447 3169 Euthymm,
468 3078 510 3150 ad
536 3080 611 3168 ejus
633 3079 735 3168 pedes
753 3079 911 3168 prbcidit,
933 3102 1069 3169 rogans,
1091 3081 1294 3168 supplicans

32 3177 56 3230 et
76 3167 266 3249 obsecrans,
287 3183 324 3236 ut
348 3169 442 3236 fieret
466 3168 543 3254 ejus
567 3169 639 3237 ovis
657 3168 798 3236 rationis
817 3170 998 3256 particeps.
1026 3181 1058 3235 et
1074 3171 1116 3236 ab
1134 3171 1208 3257 ipso
1236 3191 1294 3257 pa-

33 3265 106 3323 ¹<tore
129 3271 327 3342 pasceretur
351 3279 430 3326 cum
452 3257 541 3326 aliis.
570 3261 714 3346 Magnus
731 3270 844 3324 autem
866 3257 1084 3344 Euthymios,
1104 3259 1163 3344 qui
1190 3258 1223 3323 in
1240 3279 1295 3324 ex·

33 3343 168 3412 eruendis
195 3346 314 3432 pueris
345 3359 416 3414 erat
443 3346 771 3434 praestantissimus,
802 3357 839 3414 ut
864 3346 923 3434 qui
948 3347 1106 3412 omnium
1132 3347 1295 3412 certami-

33 3449 101 3524 num
125 3435 360 3522 spiritualium
387 3435 510 3502 lecerat
537 3433 742 3521 periculum,
771 3455 849 3502 cum
871 3433 1012 3502 vidisset
1038 3434 1160 3502 sabam
1181 3433 1295 3501 adbuc

30 3539 183 3614 iuvenem,
217 3522 385 3592 dubitans
410 3545 452 3590 ne
476 3521 579 3591 ardor
602 3535 691 3591 esset
720 3522 858 3600 solum,
888 3543 953 3590 non
989 3522 1120 3590 bubens
1152 3523 1295 3590 rationis

31 3608 184 3691 judicium
208 3625 245 3680 et
260 3611 474 3712 gravitatem,
501 3633 589 3700 quae
612 3632 653 3680 ex
676 3631 714 3679 ea
741 3611 985 3698 proficiscitur,
1009 3632 1076 3679 non
1103 3610 1201 3698 prius
1220 3631 1295 3697 per-

34 3697 110 3764 misit
133 3713 169 3768 ut
195 3699 365 3770 babitaret
389 3722 468 3768 cum
490 3695 682 3778 monachis,
706 3700 766 3784 qui
790 3712 887 3768 erant
911 3700 947 3767 in
975 3705 1095 3780 Laura,
1115 3721 1219 3788 quam
1249 3714 1295 3768 to·

35 3795 88 3852 tam
114 3789 338 3858 monasticam
365 3801 565 3878 persecutus
581 3797 669 3860 esset
694 3787 781 3856 vitae
799 3787 1063 3868 institutionem,
1084 3802 1239 3877 quaeest
1259 3790 1294 3857 in

35 3877 190 3958 coenobio,
219 3889 252 3946 et
285 3877 489 3946 ostendisset
524 3898 622 3956 eam,
650 3897 738 3962 quae
765 3877 987 3966 exigebatur,
1026 3877 1293 3948 absolutionem.

35 3963 210 4058 Quinetiam
239 3967 269 4036 ei
302 3966 407 4034 dixit:
439 3971 548 4035 «Non
575 3966 736 4034 convenit
758 3965 924 4043 omnino,
951 3989 971 4033 o
996 3965 1064 4048 fili,
1102 3980 1139 4034 nt
1163 3968 1222 4056 qui
1247 3981 1298 4035 est

36 4053 165 4136 punis,
194 4061 339 4125 Lautam
366 4055 506 4124 habitet.
537 4058 607 4124 Hoc
631 4055 722 4123 enirn
759 4075 870 4141 neque
901 4060 1031 4124 Laurae
1062 4054 1169 4124 ullam
1202 4057 1299 4124 all'ert

37 4139 216 4232 utilitatem,
240 4165 351 4233 neque
376 4145 438 4214 tibi
469 4143 615 4230 expedit.
647 4143 709 4212 Sed
740 4144 767 4214 si
795 4165 848 4212 me
876 4144 1019 4224 audias,
1047 4144 1113 4213 ibis
1142 4165 1236 4214 nunc
1261 4146 1295 4214 in

39 4226 162 4325 iniurius
199 4233 445 4302 monasterium
486 4232 527 4301 ad
566 4232 728 4302 Abbatem
765 4233 1015 4312 Theoctistum‚
1059 4233 1152 4323 apud
1194 4255 1295 4322 quem

39 4335 94 4386 suo
116 4319 196 4401 lore,
214 4337 250 4392 ut
273 4333 309 4391 tu
336 4322 519 4390 maximam
547 4321 699 4410 accipias
730 4320 960 4390 utilitatem.»
987 4328 1070 4391 dum
1098 4323 1217 4391 beatus
1245 4323 1298 4390 bis

60 4441 68 4462 ⁸
81 4443 99 4484 Β.
108 4445 221 4496 tuturmtt
232 4447 330 4493 Abbctia
341 4447 419 4490 Vttam
429 4450 502 4489 'romu
512 4457 526 4495 r,
536 4447 574 4489 die
585 4443 730 4497 tolenucrlt,
740 4447 820 4488 trabes.
836 4436 838 4445 '
