3046 4838
57 315 119 380 DCC.
143 317 154 379 t
428 333 469 380 ua
493 332 519 380 s.
542 333 641 382 suero
665 335 715 382 ar.
741 333 873 404 nouos,
1200 321 1242 388 t9

53 439 145 486 aarum
165 417 423 488 restaurabitur.
449 440 467 486 a
493 417 670 488 Confestim
699 441 780 489 vero
809 417 919 489 adluit
943 421 1076 490 Domini
1109 423 1231 513 gratia,
1254 437 1286 494 et

50 506 126 576 diam
148 506 179 576 iu
205 519 336 597 partem
361 519 463 578 vento
483 508 638 576 flammas
655 507 867 598 impellente,
893 520 925 578 et
944 508 1100 593 ecclesia,
1119 524 1151 581 et
1176 523 1284 582 totum

48 598 102 682 rjus
122 596 359 665 monasterium
387 595 555 666 remansit
578 596 764 666 incolume.

74 685 184 770 §w
209 685 269 754 His
286 685 404 772 itaque
428 685 622 767 transactis,
638 687 769 776 jugiter
793 685 845 754 vir
868 697 1008 756 sanctus
1032 686 1185 758 intentus
1211 709 1285 758 ma-

45 775 121 841 nebat
141 773 263 843 divinis
286 773 424 844 officiis.
443 779 522 845 Erat
547 774 581 843 in
606 774 833 865 eleemosynis
859 774 1074 863 praestandis
1099 776 1229 868 largus
1249 779 1283 846 iu

45 862 143 952 sigiliis
167 862 321 943 sedulus,
352 864 387 932 iu
417 865 572 933 oratione
600 863 754 946 devotus,
785 864 821 933 iu
849 863 1014 933 charitate
1038 866 1222 955 perlectus,
1249 867 1283 935 in

41 951 204 1022 humilitate
228 953 406 1042 profusus,
426 953 464 1021 iu
488 951 645 1022 doctrina
664 952 885 1054 praecipuae,
904 954 939 1022 in
964 973 1122 1023 sermone
1142 977 1281 1045 parcus,

40 1038 232 1110 inlocutioue
253 1052 392 1122 cautus,
420 1042 456 1110 iu
482 1054 739 1111 couversatione
757 1042 1008 1124 sanctissimus,
1037 1042 1134 1113 nulla
1161 1045 1285 1114 muudi

40 1129 174 1217 compede
192 1131 413 1211 constrictus,
433 1130 477 1199 ad
504 1129 708 1220 praestanda
729 1129 836 1200 servis
856 1131 914 1199 Dei
938 1129 1050 1200 officia
1071 1144 1102 1201 et
1119 1132 1285 1221 obsequia

38 1217 196 1298 accinctus
210 1218 252 1287 ad
265 1217 492 1288 redimendos
505 1220 658 1321 captivos
675 1218 856 1299 sollicitus,
871 1219 914 1288 ad
933 1218 1151 1310 largiendum
1167 1222 1285 1378 apanis

38 1303 170 1386 diffusus,
195 1307 228 1375 iu
254 1307 357 1377 duris
378 1307 624 1380 afflictionibus
651 1307 760 1389 sortis,
781 1309 815 1376 in
841 1308 941 1377 bonis
960 1309 1124 1398 operibus
1149 1310 1183 1378 hi
1201 1310 1282 1390 aris,

37 1393 61 1458 in
82 1396 249 1464 tentatione
275 1396 490 1479 tutissimus
505 1397 540 1465 in
562 1397 792 1487 hospitalitate
808 1396 1030 1480 laetissimus,
1050 1399 1140 1467 iuter
1159 1420 1285 1489 oppro-

36 1479 95 1550 bria
115 1505 259 1566 securus,
278 1485 374 1554 iuter
396 1484 478 1553 odia
501 1484 688 1567 beneficus
707 1486 742 1554 in
768 1487 942 1576 prosperis
965 1499 998 1556 et
1021 1487 1173 1557 adversis
1190 1487 1284 1557 coelo

36 1591 147 1658 semper
165 1573 333 1642 intentus.
353 1578 425 1644 Non
448 1586 580 1664 poterat
604 1575 638 1642 in
658 1597 699 1643 eo
718 1575 872 1644 iuvenire
893 1575 1036 1644 humani
1061 1577 1197 1676 generis
1216 1579 1283 1644 ini·

38 1659 137 1740 micus,
160 1682 217 1731 nec
239 1662 340 1750 quod
365 1661 489 1731 fraude
512 1661 694 1753 deciperet,
716 1685 778 1732 nec
803 1662 894 1751 quod
919 1663 1141 1734 simulatione
1168 1663 1283 1734 susca-

39 1759 85 1814 rat.
102 1749 327 1821 sinceritatem
348 1751 490 1838 quidem
519 1753 655 1832 mentis,
684 1751 798 1822 vultus
824 1752 1019 1821 sinceritate
1044 1755 1281 1833 monstrabat;

38 1847 62 1900 et
87 1837 225 1924 pietatem
260 1840 532 1910 clementissimi
567 1840 693 1922 cordis,
728 1841 898 1910 sermonis
930 1840 1068 1911 lenitate
1105 1841 1281 1930 prodebat.

40 1924 237 2018 Nihilquippe
256 1931 342 2019 ejus
365 1928 483 1999 animo
499 1928 714 2008 clementius,
735 1928 821 1998 nihil
847 1928 943 1998 illius
959 1931 1136 2000 severitate
1155 1931 1284 2020 jucun-

42 2009 115 2093 dius,
131 2017 343 2103 jucuuditate
368 2015 454 2086 nihil
481 2017 643 2098 severius,
662 2017 748 2086 nihil
766 2018 838 2086 risu
862 2018 1013 2106 gravius,
1036 2019 1121 2087 nihil
1142 2041 1284 2106 prorsus

45 2099 150 2172 tristitia
163 2108 316 2176 suarius.
340 2107 375 2174 Si
393 2127 460 2194 pau
488 2127 577 2174 erem
603 2105 755 2186 vidisset,
774 2105 1004 2190 sustentabat;
1023 2107 1051 2175 si
1068 2107 1221 2186 divitem,
1239 2107 1281 2175 ad

43 2187 289 2266 benefaciendum
320 2127 577 2264 cohortabatur:
604 2199 711 2264 Deum
729 2206 848 2264 testem
873 2195 1049 2275 invocans,
1070 2216 1132 2284 pro
1151 2196 1226 2284 ejus
1246 2217 1283 2263 se

41 2279 238 2352 nominehaec
252 2283 378 2354 omnia
397 2281 519 2351 facere.
537 2288 640 2354 Nemo
658 2303 850 2384 pauperum
868 2285 910 2352 ab
924 2306 962 2354 eo
980 2305 1110 2353 vacuus
1126 2304 1283 2352 reversus

40 2379 96 2442 est,
120 2368 193 2440 illud
228 2371 372 2442 Domini
408 2372 445 2439 iu
483 2372 666 2462 Evangelio
697 2370 885 2459 aliquando
915 2373 1047 2460 jugiter
1075 2393 1283 2440 commemo-

39 2469 125 2524 rante:
139 2463 226 2530 Beati
238 2461 490 2540 mesericordes,
503 2463 661 2550 quoniam
677 2462 746 2550 ipsi
762 2461 1027 2530 mirericordiam
1045 2471 1285 2551 consequentur

36 2543 140 2627 (liutto.
156 2549 197 2636 r);
217 2550 375 2635 itemque
393 2547 480 2617 illud
495 2571 502 2616 :
520 2551 613 2618 Sicut
633 2572 725 2640 aqua
740 2550 910 2636 emtinpm't
933 2550 1056 2638 ipnem,
1076 2552 1126 2618 ito
1146 2552 1284 2618 eleemo-

35 2651 100 2719 rpno
120 2641 284 2728 extinguit
306 2647 484 2728 peccatum
506 2636 623 2726 (Cocli.
650 2637 714 2726 111);
736 2650 769 2706 et
793 2635 898 2706 illud:
922 2641 1004 2706 Date
1024 2640 1281 2728 eleemosynam,

35 2731 57 2784 at
75 2727 173 2794 omnio
192 2727 326 2797 munda
355 2736 434 2795 sunt
456 2727 547 2795 vodis
575 2725 672 2882 Shno.
699 2725 750 2815 11).
777 2730 859 2794 Nam
898 2725 988 2794 sicut
1018 2725 1059 2794 de
1096 2726 1193 2796 beato
1221 2725 1284 2795 tob

35 2807 147 2894 dicitur,
169 2814 301 2901 januae
327 2813 404 2902 ejus
429 2815 524 2882 omni
553 2836 572 2883 a
601 2815 748 2884 venienti
775 2815 956 2902 patebant,
983 2824 1077 2883 utet
1104 2815 1178 2905 ipse
1203 2837 1281 2885 cum

34 2898 129 2967 eodem
146 2917 256 2991 posset
274 2925 359 2972 voce
377 2901 485 2971 libera
505 2903 735 2991 proclamare:
754 2906 882 2972 Ostium
904 2925 1014 2972 meum
1033 2905 1160 2972 viatori
1172 2906 1285 2995 poluit

32 2985 88 3070 (tol
103 2992 195 3080 rau).
214 2997 298 3060 Erat
314 3013 374 3080 pes
390 2990 609 3071 claudorum,
630 3003 662 3060 et
678 2990 801 3060 oculus
826 3011 1020 3074 caecorum,
1048 2993 1283 3081 orphanorum

33 3087 118 3159 pater,
134 3101 170 3147 ao
190 3081 379 3150 viduarum
399 3079 608 3166 consolatam
625 3101 692 3148 uon
718 3101 855 3149 carcere
879 3079 1020 3160 clausis,
1043 3103 1109 3150 non
1135 3080 1285 3170 aegritu-

33 3161 95 3232 dine
116 3165 261 3257 iatigatis
278 3189 386 3238 suum
412 3188 579 3254 unquam,
599 3181 770 3256 quatenus
794 3168 940 3238 facultas
966 3169 1208 3258 suppeditavit,
1226 3191 1285 3237 ne-

33 3253 105 3338 garit
126 3257 306 3336 auxilium;
334 3256 393 3325 sed
413 3255 682 3327 misericorditer
705 3257 891 3328 consulens
909 3257 1057 3339 miseris,
1074 3279 1175 3327 omne
1196 3279 1285 3326 sem·

32 3359 79 3425 par
97 3343 141 3411 eis
167 3345 425 3414 adminiculum
452 3346 621 3434 praebuit.
650 3351 756 3428 Quem
786 3346 878 3415 enim
904 3367 1045 3416 caecum
1078 3367 1145 3414 non
1180 3367 1284 3414 suum

32 3432 140 3502 vaccar
153 3432 361 3504 haeredem?
377 3445 437 3503 aut
452 3454 554 3521 quem
571 3432 720 3504 debilem
740 3455 807 3503 non
825 3435 900 3524 eJ'us
919 3434 1123 3505 sustentavit
1138 3435 1286 3503 manus?

34 3517 113 3587 Fores
133 3523 260 3612 quippe
283 3523 360 3612 ejus
380 3523 512 3612 jugiter
536 3545 556 3592 a
576 3522 747 3592 ministris
771 3523 942 3604 obsessae,
966 3523 1160 3612 expeditum
1185 3522 1217 3591 ei
1241 3521 1285 3590 ad

33 3600 139 3677 bellum
163 3612 418 3703 praeparabant
442 3611 616 3681 solatium.
645 3616 717 3682 Hoc
738 3611 868 3702 jugiter
893 3611 1078 3683 comitatus
1105 3609 1286 3680 incedebat

35 3697 178 3786 exercitu:
204 3701 239 3770 in
264 3701 322 3770 his
339 3700 511 3771 Christum
530 3700 738 3790 adspiciens
756 3723 792 3770 se
812 3700 973 3790 amplecti
990 3699 1167 3791 gestiebat:
1183 3711 1284 3786 atque

36 3781 209 3858 indumenta
235 3789 406 3869 tribuens,
426 3791 493 3858 sub
518 3789 632 3879 inopis
655 3801 758 3871 veste,
779 3789 902 3859 Christi
927 3811 963 3857 se
988 3791 1144 3860 membra
1173 3801 1286 3878 tegere

37 3871 179 3945 radebat.
201 3883 272 3948 Hoc
295 3889 387 3948 certe
411 3877 629 3948 existimabat
646 3901 682 3949 se
703 3877 856 3968 perdere,
873 3877 1040 3964 quicquid
1065 3877 1283 3966 eleemosyna
1358 3933 1361 3940 ,

39 3975 88 4024 uon
110 3962 315 4036 absumeret:
345 3966 380 4035 id
409 3987 445 4035 se
471 3967 641 4036 tutissime
666 3967 839 4057 gaudebat
864 3965 1059 4048 recondere,
1077 3966 1169 4053 quod
1195 3965 1283 4034 dura

16 4041 18 4112 l
41 4051 184 4144 egentium
209 4056 396 4126 necessitas
417 4055 483 4144 ipsi
501 4055 659 4126 auferret.
676 4055 780 4125 Valde
794 4056 923 4146 quippe
938 4055 1091 4136 devotus,
1111 4057 1146 4124 in
1163 4075 1282 4124 eorum

42 4135 137 4207 usibus
158 4141 369 4214 substantiae
393 4146 620 4234 exaggerabat
644 4144 804 4235 pondus:
830 4156 868 4213 ut
894 4165 963 4231 quo
989 4145 1173 4234 pauperior
1194 4151 1283 4242 esset

46 4225 143 4309 saulo,
163 4229 361 4323 locupletior
382 4235 449 4302 Deo
466 4233 571 4302 fieret.
591 4233 834 4304 Considerabat
852 4232 1006 4320 quidem,
1029 4233 1110 4319 quia
1130 4229 1283 4319 quotidie

47 4307 135 4384 deesse
157 4341 220 4389 non
246 4335 368 4412 potest,
397 4321 490 4407 quod
516 4335 696 4411 peccetur:
723 4323 800 4392 ideo
825 4343 888 4391 nec
912 4322 1133 4409 quotidianas
1159 4318 1282 4416 debere

50 4393 521 4503 leasaleamosynas,quibus
532 4423 864 4502 peccatatcrgantur.
875 4415 911 4480 Et
921 4411 964 4479 ob
974 4411 1038 4479 hoc
1048 4431 1125 4478 cum
1139 4412 1285 4475 [tommo
