2954 4816
247 251 313 316 tto
610 267 648 314 ns
673 269 701 316 s.
727 267 903 316 inisrisii
927 267 1072 316 xiiirins
1310 244 1378 310 nit.
1398 245 1426 306 25

206 353 327 423 habitu
343 350 597 440 quodammodo
613 351 743 434 celans,
759 373 830 421 una
844 373 920 422 eam
937 363 1100 439 sequente
1114 349 1251 430 ancilla,
1266 345 1428 418 omnesobi·
1451 405 1452 438 3

207 444 265 512 bat
284 461 449 522 carceres,
468 451 501 509 et
524 461 546 509 a
564 439 767 510 custodibus
790 461 910 510 emens
928 441 1122 530 ingressum
1150 439 1309 529 pecuniis,
1327 434 1431 520 eosqui
1451 443 1452 512 i

207 531 242 600 in
268 531 317 599 eis
338 551 400 620 pro
414 528 546 598 Christo
562 540 659 599 erant
674 529 814 611 inclusi,
835 544 868 599 et
884 551 1026 619 corpore
1044 541 1183 620 propter
1202 537 1354 598 tormenta
1369 521 1432 591 male

206 632 304 689 orant
322 618 445 698 allecti,
463 639 543 687 cum
560 630 690 706 quanta
705 617 815 708 potuit
832 619 1018 688 reverentia
1039 629 1071 688 et
1092 618 1221 689 honore
1236 615 1371 692 curabat,
1392 633 1431 699 pe
1451 621 1452 696 l

207 708 268 778 des
291 707 421 787 lavans,
442 727 566 776 manus
589 706 748 788 abluens,
774 727 909 777 comam
937 706 1126 788 sordidam,
1157 705 1269 793 quoad
1298 704 1362 792 ojus
1381 700 1452 806 ficriy

209 807 350 888 poterat,
376 817 584 886 expurgans,
611 807 643 866 et
666 794 758 883 quod
785 795 933 886 pilorum
959 807 1032 866 erat
1055 797 1283 884 superfluum,
1302 790 1432 894 prolixum

206 897 319 956 autem
337 895 409 954 erat
433 898 571 987 propter
594 883 732 975 longam
754 885 789 952 in
807 905 943 955 carcere
960 884 1203 965 inclusionem,
1229 881 1365 954 officiose
1383 893 1432 946 ton·

207 975 305 1056 dens,
317 993 523 1064 sanguinein
534 971 716 1062 diligenter
727 973 955 1065 abstergebat,
971 972 1115 1043 vulnera
1131 972 1330 1044 mundabit:
1345 965 1434 1037 deiide

206 1063 308 1132 etiam
334 1060 482 1151 alligans
498 1061 624 1144 linteis,
642 1075 675 1132 et
690 1063 818 1132 sanctis
834 1061 1051 1152 amplexibus
1067 1083 1172 1132 suum
1194 1062 1229 1130 iii
1245 1081 1299 1132 eos
1320 1075 1433 1128 amorem

206 1151 377 1232 indicans,
404 1163 437 1220 et
460 1149 623 1220 alimenta
647 1150 838 1240 unicuique
866 1151 1032 1240 praebens
1061 1151 1266 1232 necessaria,
1284 1148 1329 1218 sic
1344 1144 1433 1214 exibat.

259 1241 346 1328 §a
373 1243 462 1308 Haec
494 1261 573 1309 cum
605 1239 725 1310 fierent
752 1239 916 1320 assidue,
944 1239 1108 1326 quoniam
1134 1240 1247 1309 virum
1278 1236 1368 1308 taen
1390 1251 1434 1328 noi

206 1327 339 1418 potuit,
365 1328 520 1398 resciscit
542 1329 645 1398 etiam
670 1328 832 1399 Publius:
858 1339 890 1398 et
916 1328 1072 1418 protinus
1097 1326 1198 1398 multi
1222 1338 1301 1397 suot
1325 1321 1434 1392 adhibiti

206 1415 365 1486 custodes
383 1415 591 1498 Anastasiae,
616 1417 676 1518 qui
702 1437 769 1487 non
795 1416 954 1487 sinebant
977 1439 1051 1486 eam
1077 1416 1181 1487 domo
1205 1415 1434 1507 egredimini

207 1505 319 1574 ullum
340 1504 475 1574 adeam
503 1504 638 1596 ingredi
663 1526 704 1575 ex
723 1505 766 1576 iis
781 1505 854 1593 qui,
872 1518 910 1575 ut
926 1505 978 1574 illi
992 1505 1164 1587 dicebant,
1185 1525 1296 1576 mores
1313 1499 1436 1571 rideban-

207 1608 262 1664 tur
281 1615 514 1684 corrumpere‚
536 1607 569 1664 et
589 1605 743 1684 poterant
759 1593 789 1663 ei
809 1594 1026 1683 persuadere,
1053 1606 1092 1663 ut
1114 1616 1133 1664 a
1159 1594 1271 1663 Publii
1293 1590 1436 1662 abstineret

206 1681 467 1762 consuetudine.
484 1681 582 1752 Illam
604 1696 719 1754 autem
735 1695 767 1752 et
783 1682 847 1752 hoc
859 1681 1000 1770 quidem
1016 1682 1104 1752 male
1116 1683 1275 1764 habebat,
1288 1677 1369 1770 quod
1380 1675 1435 1746 alios

205 1793 325 1872 omnes
338 1770 420 1929 gui·
433 1782 531 1841 antea
546 1770 591 1841 ab
606 1772 681 1861 ipsa
698 1770 921 1854 curabantur,
941 1793 1052 1858 neque
1069 1785 1183 1861 posset
1198 1771 1322 1850 bidere,
1346 1788 1395 1863 nec¹
1409 1762 1435 1829 ab

206 1882 291 1949 ipsis
315 1883 346 1928 vi
373 1881 441 1928 eri:
467 1859 558 1948 quod
579 1881 658 1929 vero
675 1859 871 1950 plusquam
889 1860 957 1930 alia
972 1881 1051 1930 eam
1066 1861 1256 1941 cruciabat,
1275 1871 1306 1930 et
1322 1855 1435 1926 medium

206 1949 363 2050 ejus'cor
387 1949 558 2048 tangebat,
576 1961 649 2018 erat
667 1961 865 2040 praeceptor
880 1949 1139 2040 Chrysogonus:
1166 1949 1228 2036 qui
1244 1969 1320 2020 cum
1335 1943 1434 2014 duobis

206 2059 308 2107 annis
332 2038 474 2127 integris
501 2037 606 2107 multa
630 2050 663 2106 et
692 2038 784 2108 varia
813 2059 873 2127 pro
899 2038 1031 2108 Christo
1052 2049 1222 2108 tormenta
1246 2033 1433 2106 sustinnisset.

208 2126 385 2196 habitabat
415 2127 633 2206 incarcere,
660 2126 707 2196 ita
730 2127 873 2217 jubente
900 2126 1118 2197 Diocletiano.
1148 2125 1197 2196 ild
1228 2143 1306 2196 etim
1331 2121 1433 2192 crebro.

206 2214 346 2302 quando
371 2215 404 2283 in
430 2237 494 2284 sua
518 2229 589 2284 erat
613 2226 787 2305 potestate,
815 2215 1011 2286 ventitabat.
1038 2219 1134 2284 Tunc
1150 2228 1266 2285 autem
1292 2207 1433 2305 prohibita

206 2325 267 2393 per
283 2303 470 2392 quamdam
487 2325 592 2374 anum
617 2303 648 2372 ei
673 2303 846 2394 significat
868 2324 919 2386 ea,
941 2325 1031 2392 quae
1045 2317 1247 2374 evenerant:
1273 2316 1305 2374 et
1329 2322 1379 2392 per
1389 2311 1435 2364 em

207 2406 314 2483 rogat,
341 2405 380 2461 ut
405 2410 465 2482 pro
488 2393 564 2481 ipsa
588 2405 758 2482 precetur.
777 2393 984 2463 Precationis
1009 2413 1087 2462 vero
1112 2392 1196 2464 haec
1212 2393 1258 2463 sit
1281 2389 1436 2463 summati

206 2481 250 2550 ab
262 2483 370 2571 impio
381 2479 521 2568 quidem
535 2480 656 2550 evadat
671 2481 803 2563 Publio,
823 2493 1028 2570 assequatur
1042 2493 1155 2550 autern
1169 2479 1435 2572 opportunitatem.

206 2584 267 2650 ut,
293 2569 385 2657 quod
412 2569 511 2639 habet
536 2571 570 2638 iii
596 2571 735 2651 animo,
767 2570 917 2641 deducat
945 2569 986 2640 ad
1018 2570 1202 2650 effectum,
1232 2581 1265 2640 et
1289 2568 1439 2658 perseueret

75 2703 80 2714 ·
204 2679 326 2728 curare
350 2679 407 2728 eos
430 2659 490 2746 qui
508 2657 701 2748 martyricis
725 2658 1157 2737 decoranturvulneribus,
1173 2657 1289 2746 quoad
1311 2651 1439 2757 ejiislien

206 2748 347 2846 poterit:
373 2747 457 2834 quin
482 2747 583 2818 etiam
602 2760 640 2818 ιιι
665 2748 739 2836 ipsa
764 2749 868 2818 vitam
890 2748 988 2818 liniat
1011 2751 1047 2818 in
1070 2748 1206 2838 pietatis
1224 2767 1326 2837 scopo
1348 2757 1440 2812 immu-

208 2834 318 2935 tahiln
344 2839 434 2905 Haec
464 2857 542 2906 cum
575 2835 804 2926 significasset
835 2835 1078 2928 Chrysogono,
1112 2849 1288 2925 postremo
1309 2833 1397 2904 etiam
1414 2823 1441 2892 dt·

206 2935 320 2992 mariti
342 2922 549 3012 proiectione
563 2945 642 2994 euin
661 2925 773 2994 reddit
791 2925 983 2996 certiorem.
1000 2929 1123 2996 Fuerat
1137 2925 1232 2994 enim
1251 2924 1309 2995 illo
1325 2929 1441 3009 temptet

206 3010 350 3113 Publius
376 3012 503 3084 missos
527 3011 660 3104 legatus
682 3015 726 3085 ab
750 3020 960 3105 Imperatore
978 3014 1021 3084 ad
1046 3019 1176 3086 Persas.
1204 3019 1389 3104 Quae-cum
1407 3001 1442 3070 dt·

206 3100 346 3201 dicisset
369 3101 624 3192 Chrysogonus
637 3103 738 3193 jubet
754 3125 829 3173 eam
855 3102 1006 3194 gaudere
1029 3116 1062 3173 et
1080 3102 1170 3172 bona
1194 3101 1316 3182 lacere,
1333 3111 1362 3168 et
1376 3109 1442 3184 piac·

208 3202 318 3260 sentia
341 3189 420 3260 lorti
444 3190 561 3260 animo
584 3190 683 3273 ferre,
699 3203 733 3262 et
756 3193 790 3262 in
816 3190 973 3262 futurum
990 3191 1154 3262 voluntati
1178 3211 1317 3280 quoque
1333 3199 1442 3256 consen·

206 3292 344 3348 taneum
369 3291 566 3370 exspectare
589 3281 730 3350 exitum.
1430 3351 1441 3363 „

250 3369 268 3454 ξ
292 3372 334 3468 4.
361 3367 422 3439 His
446 3368 672 3440 confirmatur
695 3369 883 3452 Anastasia,
901 3368 1032 3440 ethaeo
1050 3370 1125 3459 ipsa
1147 3368 1248 3438 duxit
1270 3386 1341 3438 esse
1354 3353 1442 3452 gaudii

205 3477 441 3539 occasionem,
467 3469 499 3527 et
523 3458 633 3529 bonae
661 3459 734 3549 spei
784 3459 972 3550 rincipium
998 3456 1205 3528 existimavit
1233 3477 1308 3528 esse
1333 3449 1444 3538 calani·

206 3559 320 3647 tatem,
339 3567 464 3636 nempe
487 3558 520 3616 et
544 3546 657 3618 mariti
681 3570 744 3617 cru
769 3547 933 3628 elitatem,
954 3557 987 3616 et
1002 3546 1147 3616 nimiam
1164 3544 1344 3616 custodum
1363 3553 1443 3638 ssen-

207 3648 300 3704 tiam.
328 3637 391 3718 Qui
412 3646 509 3705 erant
532 3635 693 3706 similiter
715 3634 857 3724 quidem
881 3657 1003 3706 omnes
1018 3635 1131 3706 acerbi
1149 3647 1181 3705 et
1195 3623 1441 3722 immitigabiles:

206 3723 380 3824 Codissius
396 3738 510 3794 autern
526 3736 598 3794 erat
612 3723 789 3796 excellenti
812 3725 1044 3814 improbitate,
1062 3725 1122 3882 gui
1141 3736 1175 3793 et
1198 3734 1299 3794 notus
1313 3727 1377 3788 erat
1397 3717 1442 3780 Pu·

205 3811 293 3891 blio,
320 3824 353 3882 et
376 3813 433 3884 cui
459 3814 680 3902 proficiscens
705 3815 769 3885 hoc
798 3815 948 3885 maxime
979 3835 1058 3884 man
1087 3825 1211 3892 ararat,
1235 3823 1274 3882 ut
1296 3829 1353 3878 nec
1372 3811 1440 3892 exto

206 3900 396 3971 thalamum
423 3902 537 4003 videre
560 3905 686 3986 aerem,
714 3925 776 3973 nec
801 3902 919 3983 libere,
946 3902 975 3972 si
996 3902 1070 3973 sieri
1095 3914 1219 3992 posset,
1238 3899 1394 4056 respirare
1412 3905 1442 3954 Sl·

206 4003 299 4060 neret
315 3994 541 4060 Anastasiam.
568 3997 675 4062 Grave
697 3993 790 4061 enim
815 3991 973 4072 ducebat,
1001 3993 1029 4062 si
1054 4003 1268 4062 revertensa
1304 3992 1438 4076 eginone.

207 4079 316 4148 vivam
349 4078 475 4149 videret
495 4080 687 4163 mulierem,
706 4101 794 4171 quae
817 4079 939 4152 foedus
962 4101 1041 4150 cuin
1062 4099 1102 4150 eo
1126 4080 1250 4150 initum
1270 4077 1339 4166 jam
1362 4061 1439 4136 riola·

206 4178 309 4266 verat.
337 4173 512 4238 Praeterea
536 4191 614 4239 vero
633 4170 792 4260 sperabat
809 4169 857 4240 sic
881 4190 1019 4257 quoque
1037 4168 1119 4252 iore,
1146 4181 1185 4238 ιιι
1204 4165 1378 4255 ιιιιιιιιιιιιιιΙ
1399 4167 1439 4238 Pi*

205 4275 388 4356 cumarum
407 4271 438 4326 et
455 4260 713 4347 possessionum
731 4257 924 4328 efficeretur
938 4257 1113 4328 dominus.
1131 4263 1236 4346 Atque
1255 4251 1310 4325 ille
1326 4241 1436 4342 quidem

205 4356 336 4413 invenit
360 4346 394 4415 in
420 4346 498 4428 via,
524 4367 628 4436 quein
653 4368 716 4438 par
739 4357 834 4428 erat,
861 4347 1002 4419 exitum.
1035 4346 1177 4418 Moritur
1203 4343 1290 4416 enim
1315 4322 1438 4428 periculo
