2972 4826
245 249 308 314 482
618 265 657 311 nii
681 265 710 313 s.
735 261 868 312 utconlu
892 265 967 312 iiiii.
993 263 1042 310 ur.
1328 245 1405 312 DRC.
1429 249 1446 311 li

198 351 357 421 desinant
382 349 537 440 perleula
558 347 694 418 moliri:
723 348 852 436 quibus
876 348 943 418 nisi
967 358 1179 426 occurratur,
1200 358 1374 437 antequam
1396 371 1446 418 re-

197 441 305 522 niant,
328 438 468 518 frustra,
493 459 572 506 cum
601 437 766 518 venerint,
792 458 1032 514 occursurum.
1063 458 1080 503 ii
1109 440 1191 506 Cum
1223 435 1332 523 itaque
1359 459 1445 506 suam

196 527 353 600 lraudem
379 537 514 616 praetor
538 525 701 616 lacrymis
720 526 934 608 contexisset,
953 531 1142 616 Imperator
1157 545 1236 594 vera
1255 537 1447 612 atqueeom-

197 629 293 719 perta
313 616 377 686 sibi
403 615 516 685 afferri
541 627 687 704 putans,
715 611 888 701 simulque
912 627 1048 696 motus,
1075 627 1147 684 tum
1177 615 1228 683 ira
1252 613 1294 684 ob
1324 614 1446 683 illorum

196 704 493 796 ingratitudinem,
517 717 588 774 tum
615 715 708 773 metu
725 703 780 774 sui
795 702 952 793 periculi,
972 716 1113 773 mortem
1132 703 1199 774 reis
1217 703 1251 770 in
1272 704 1446 773 crastinum

197 793 360 864 decernit.
380 798 458 862 Erat
477 803 593 862 custos
616 793 763 861 carceris
779 793 841 874 rir,
858 805 930 862 tum
951 790 1166 862 humanitate
1183 791 1366 880 praeditus,
1384 805 1445 860 tum

196 883 300 952 veteri
328 880 579 951 cousuetudine
602 901 682 950 cuni
711 881 821 950 tribus
845 881 900 950 his
925 879 1044 970 legatis
1067 881 1287 968 conjunctus,
1313 901 1447 967 quorum

161 1022 164 1029 .
196 971 424 1041 calamitatem
451 991 552 1070 aegre
575 967 762 1040 admodum
788 980 821 1039 et
845 969 992 1040 molliter
1012 991 1147 1058 semper
1166 967 1301 1039 tulerat.
1320 969 1363 1038 ld
1379 990 1447 1038 euni

195 1059 303 1151 igitur
318 1081 397 1129 eum
417 1059 522 1130 tristis
539 1057 708 1128 crastinae
724 1058 839 1128 caedis
859 1059 1009 1128 nuncius
1024 1057 1228 1138 advenisset,
1243 1057 1446 1128 exclamans:

196 1170 215 1215 <i
241 1148 492 1228 Remiserim,
522 1146 645 1234 inquit,
662 1156 695 1216 et
721 1146 902 1217 bominum
927 1146 982 1215 lon
1010 1147 1338 1228 einlelicissimum,
1357 1168 1445 1234 quem

196 1247 266 1308 tam
290 1235 416 1305 funesti
442 1234 515 1306 ludi
539 1247 763 1325 spectatorem
794 1234 930 1306 fortuna
954 1169 1103 1326 dedegiu
1140 1257 1244 1323 quam
1275 1235 1446 1306 noluissem

194 1347 350 1412 unquam
375 1325 438 1393 hes
461 1345 614 1394 carceres
640 1325 879 1414 conspexissc;
905 1345 1008 1411 quam
1046 1325 1238 1414 praestabat
1268 1325 1302 1392 in
1328 1325 1447 1394 ultimis

195 1425 364 1483 terrarum
390 1412 520 1483 linibus
545 1433 637 1483 nunc
653 1413 789 1484 abesset
811 1435 828 1479 »
846 1414 906 1482 His
923 1412 1064 1484 vocibus
1084 1425 1201 1484 custos
1215 1434 1353 1483 omnem
1371 1433 1448 1482 com·

195 1501 345 1603 pleverat
369 1523 563 1571 carcerem:
597 1523 707 1587 neque
731 1501 817 1592 largi
847 1501 946 1571 lletus
972 1501 1131 1572 lamentis
1155 1502 1308 1572 deerant.
1335 1507 1371 1572 ilt
1395 1515 1448 1570 tres

194 1590 269 1673 illi,
298 1589 426 1678 quibus
450 1591 537 1660 vitae
559 1589 797 1676 factorumque
827 1590 1021 1660 innocentia
1055 1589 1186 1660 dudum
1212 1602 1244 1660 et
1270 1591 1401 1672 mortis,
1425 1601 1448 1656 et

195 1701 325 1770 poenae
340 1691 467 1749 metum
485 1678 670 1759 ademerat,
689 1677 730 1747 ad
750 1677 902 1748 subitum
921 1678 1089 1748 nuncium
1104 1681 1328 1748 consternati:
1344 1702 1360 1746 a
1375 1679 1449 1756 tluae

131 1831 135 1840 .
194 1789 269 1850 noS,
290 1767 463 1854 inquiunt,
483 1767 625 1836 adversa
649 1765 786 1836 lortuna
810 1767 844 1836 in
870 1766 935 1836 hoc
960 1768 1176 1842 miseriarum
1203 1781 1307 1855 atque
1322 1767 1449 1839 calami·

195 1856 274 1927 tatis
298 1856 460 1945 impulit?
484 1861 578 1938 Quae
602 1867 694 1926 tanta
711 1856 745 1924 in
764 1877 826 1925 nos
841 1854 926 1924 falsa
945 1857 1097 1945 suspicio
1119 1857 1239 1944 potuit,
1256 1870 1297 1928 ut
1314 1858 1449 1926 insontes

195 1945 437 2020 sceleratorum
464 1943 644 2014 hominum
666 1943 838 2101 sulpplicio
855 1944 1245 2014 damnaremurlalum
1272 1946 1392 2015 amieis
1406 1965 1449 2012 co-

194 2035 399 2124 gnatisque,
429 2034 489 2120 qui
514 2032 676 2113 aderant,
719 2045 830 2102 rastra
858 2033 1073 2122 imploratis:
1106 2056 1124 2100 <i
1162 2033 1446 2121 Quandoquidem,

195 2123 304 2213 ajunt,
325 2120 410 2190 nihil
439 2121 601 2212 praesidii
622 2120 863 2191 innocentibus
888 2122 921 2190 in
947 2123 1046 2192 terris
1063 2133 1124 2203 est,
1144 2126 1248 2191 Deum
1277 2123 1402 2213 ipsum,
1424 2132 1447 2188 et

194 2211 400 2302 integritatis
425 2223 560 2280 nostrae
578 2221 708 2292 testem,
726 2223 758 2278 et
782 2209 930 2298 injuriae
953 2222 1054 2297 atque
1079 2211 1172 2280 necis
1196 2210 1343 2281 ultorem
1369 2211 1447 2279 inm·
1481 2273 1482 2302 ζ

194 2321 328 2370 camus.
356 2322 374 2366 i>
398 2303 490 2368 Inter
508 2299 590 2368 baec
615 2299 671 2368 Dei
698 2299 916 2368 miseratione
935 2299 1092 2369 ellectum
1118 2310 1179 2379 est,
1197 2311 1234 2369 ut
1254 2300 1448 2391 Nepotianus
1481 2313 1482 2324 ¹

194 2388 230 2456 in
257 2387 457 2456 memoriam
489 2387 617 2458 Nicolai
641 2389 782 2468 veniret,
796 2388 939 2478 jamque
963 2399 1112 2457 versaret
1128 2387 1256 2468 animo,
1277 2411 1346 2476 quo
1368 2397 1448 2477 pacto

194 2475 253 2544 ille
268 2474 441 2545 damnatis
465 2475 681 2566 Myrensibus
705 2476 943 2557 succurrisset,
972 2497 1040 2563 qua
1061 2476 1090 2544 vi
1110 2489 1210 2563 atque
1229 2473 1448 2548 misericordia

194 2585 252 2634 eos
276 2566 320 2634 ab
345 2563 483 2634 interitu
508 2565 725 2635 vindicasset.
755 2569 845 2634 llaec
879 2586 957 2634 cuin
992 2565 1092 2634 sociis
1122 2566 1155 2634 in
1182 2567 1384 2635 memoriam
1408 2585 1447 2631 re·
1480 2629 1481 2640 ,

193 2664 369 2722 vocasset:
397 2674 415 2719 ii
440 2657 479 2720 Et
501 2653 597 2738 quid,
617 2653 740 2740 inquit,
759 2653 832 2743 spei
857 2664 992 2724 nostrae
1016 2653 1117 2722 saluti
1146 2669 1316 2744 superest,
1338 2653 1397 2724 nisi
1421 2662 1447 2717 ut

194 2739 290 2811 hunc
307 2741 420 2829 ipsum
442 2741 658 2811 innocentiae
678 2753 813 2812 nostrae
834 2755 1015 2832 patronum
1032 2763 1072 2811 ex
1087 2742 1204 2811 animo
1221 2744 1445 2830 imploremus,

194 2829 253 2914 qui
280 2829 398 2916 pulcre
422 2828 542 2900 didicit
567 2831 719 2899 insontes
743 2830 786 2899 ab
810 2831 903 2900 omni
927 2830 1045 2900 mortis
1069 2830 1222 2921 periculo
1247 2830 1446 2902 liberareli

193 2921 278 2986 Tum
298 2916 428 3017 'et'due
452 2917 576 3004 reliqui
601 2917 642 2987 ad
668 2919 855 2988 orationem
890 2919 1051 3008 lacrymis
1085 2931 1118 2988 et
1143 2931 1255 2990 mente
1295 2917 1445 2992 conversi,
1479 2949 1480 3010 4

195 3006 406 3076 sanctissimi
430 3006 493 3075 viri
523 3006 753 3096 patrecinium
780 3007 1156 3077 invocaotAExaudivit
1179 3021 1295 3078 autem
1321 3031 1376 3079 eos
1400 3011 1447 3074 llo-
1479 3013 1480 3060 t

195 3093 311 3164 minus
336 3091 378 3162 de
401 3095 534 3166 excelso
566 3109 685 3166 sancto
708 3117 793 3178 suo,
823 3108 855 3165 et
878 3095 921 3165 de
947 3095 1041 3166 coelo
1070 3096 1104 3165 in
1132 3109 1253 3166 terrain
1284 3095 1445 3187 adspexit:

193 3181 394 3269 audivitque
417 3184 567 3274 gemitus
594 3184 866 3274 compeditorum
893 3184 1063 3257 mirabilis
1089 3187 1255 3256 Dominus
1285 3188 1321 3256 in
1347 3193 1447 3254 sancto

194 3293 268 3353 suo,
294 3271 396 3362 cujus
416 3292 483 3340 iioii
508 3285 559 3344 est
579 3295 702 3360 passus
726 3272 853 3343 frustra
883 3273 1111 3363 patrocinium
1139 3273 1331 3375 implorari.
1352 3269 1447 3342 l'oluit
1478 3331 1479 3358 3

192 3359 297 3461 enim,
317 3373 356 3430 ut
378 3359 549 3432 discerent
572 3366 692 3453 Reges,
718 3373 751 3432 et
769 3382 889 3430 omnes
913 3361 1045 3452 populi,
1073 3361 1259 3464 principes,
1288 3377 1321 3433 et
1344 3377 1446 3431 omnes
1478 3377 1479 3408 r

188 3449 326 3550 pudicas
349 3461 469 3531 terrae,
502 3455 633 3541 Regum
671 3454 796 3541 Regem
825 3451 859 3518 in
892 3451 995 3522 coelis
1019 3473 1105 3533 esse,
1135 3472 1196 3538 qui
1226 3473 1294 3521 non
1326 3455 1446 3542 spernat

192 3539 338 3628 iniurias
359 3539 639 3638 pauperumqui
657 3537 764 3609 solvat
780 3540 906 3627 injuste
923 3538 1145 3696 compeditos,
1165 3552 1198 3610 et
1216 3539 1321 3610 elisos
1340 3539 1443 3628 erigat.

190 3631 297 3696 Recta
321 3627 413 3696 enim
439 3649 499 3716 per
522 3640 669 3714 quietem
689 3628 891 3717 Imperatori
916 3629 996 3698 Nice
1012 3650 1075 3697 aus
1098 3629 1272 3718 apparuit,
1300 3650 1357 3699 ore
1381 3644 1445 3718 proj

191 3713 278 3813 lecto
297 3715 400 3785 sicuti
424 3715 629 3798 venerando,
653 3715 754 3786 itaet
778 3715 934 3798 terribili,
957 3715 1258 3804 lormidelosoque;
1285 3731 1384 3804 atquc
1405 3709 1445 3780 illi
1477 3787 1478 3796 ἶ

190 3803 394 3872 imminens:
414 3827 432 3870 e
454 3809 562 3894 Surge
585 3804 778 3885 confestim,
797 3809 997 3894 Imperator,
1017 3805 1141 3892 inquit.
1163 3820 1195 3877 et
1220 3807 1442 3896 Nepotianum,
1477 3809 1478 3824 ¹

192 3893 317 3960 Ursum
341 3905 374 3962 et
398 3893 629 3984 Herpilionem
656 3893 805 3963 vinculis
828 3906 861 3962 et
888 3891 1043 3963 custodia
1068 3894 1171 3964 solve.
1194 3893 1292 3964 Falso
1315 3893 1443 3987 enimet

193 3999 254 4067 per
283 3979 447 4050 invidiam
474 3983 625 4052 accusati
650 3994 747 4061 suut,
777 3991 810 4052 et
833 3980 964 4068 injuria
986 3982 1048 4054 abs
1077 3995 1109 4051 te
1132 3982 1298 4052 damnati.
1329 3981 1365 4051 Id
1388 3995 1442 4046 nist

192 4067 323 4150 leceris,
356 4069 570 4140 intolerabile
596 4069 657 4140 tibi
682 4070 811 4140 bellum
844 4069 971 4153 indice,
992 4084 1025 4141 et
1047 4069 1181 4140 foedam
1208 4072 1350 4161 insuper
1372 4077 1442 4158 stris

191 4177 281 4246 gem,
309 4158 619 4246 turpissimumque
652 4157 725 4238 tibi,
752 4158 940 4247 domuique
964 4171 1043 4230 tuae
1067 4160 1257 4242 interitum,
1278 4179 1374 4228 verus
1395 4157 1441 4248 Dei

191 4265 315 4334 praeco
341 4245 525 4316 denuncio.
555 4270 572 4315 »
598 4252 682 4317 Tum
704 4251 904 4338 Imperator,
932 4248 980 4319 rei
1005 4248 1153 4318 novitate
1177 4248 1365 4339 perculsus,
1390 4259 1441 4310 nil·
1476 4269 1477 4316 i

191 4343 355 4423 ratusque
369 4333 423 4422 (ut
440 4355 541 4425 saepe
561 4335 596 4405 in
617 4335 748 4406 somnis
769 4335 869 4426 solet)
885 4359 964 4407 cum
982 4337 1046 4408 viri
1064 4338 1275 4428 majestatem
1292 4350 1322 4407 et
1341 4330 1437 4404 rerba,
