2972 4826
54 311 142 374 llll
283 330 322 376 ure
346 329 372 376 s.
398 327 556 376 nuaaosro
581 331 629 376 ue.
658 331 784 377 uranon.
812 329 849 376 an
873 327 961 376 noer.
1152 314 1215 378 att

51 412 217 481 inservientes
229 413 501 501 machinis,quas
515 427 636 485 contra
649 415 784 486 animos
801 414 980 484 hominum
996 413 1184 486 fabricatus
1197 428 1259 487 est.

49 501 217 570 antenorem
241 523 336 572 mens
360 525 421 572 sua
445 503 627 592 vigilantia
658 515 806 593 reportat
836 502 1034 573 victoriam:
1061 519 1093 574 et
1118 505 1262 576 inclina·

47 590 201 676 timeque
233 589 266 658 in
302 612 414 660 rerum
448 591 646 662 divinarum
675 613 825 662 amorem
853 591 1066 681 propendet,
1094 593 1261 682 impetum

47 677 233 748 machinarum
261 679 509 750 diabolicarum
546 679 686 772 lrangit.
716 680 1177 770 Quapropter'admirabills
1203 683 1266 752 iste

45 770 185 854 Imperator
204 768 425 856 (Theodosius
450 769 581 858 sanior)
599 771 770 839 humanae
789 781 930 838 naturae
949 770 1132 858 panticepS,
1152 795 1171 840 a
1191 795 1265 860 per-

46 853 247 928 turbationibus
282 857 424 927 minime
456 881 586 928 vacuus
623 857 709 927 luit:
744 859 874 948 quippe
904 858 1131 929 immoderata
1154 861 1264 932 animi

42 943 229 1027 concitatione,
243 968 321 1016 cum
328 947 423 1036 justa
434 947 615 1016 iracundia
631 948 827 1037 conjuncta,
841 947 1016 1037 impulsus
1032 946 1170 1020 lacinus
1186 971 1262 1020 cru·

40 1031 89 1100 dele
102 1046 127 1101 et
141 1033 299 1104 nefarium
326 1036 519 1106 commisit:
539 1035 631 1123 quod
655 1035 795 1123 quIdem
815 1035 857 1104 ad
876 1035 1062 1126 legentium
1080 1038 1260 1108 utilitatem

39 1118 81 1188 loc
100 1119 160 1192 loco
176 1125 461 1194 commemorabo.
484 1129 567 1194 Nam
593 1125 763 1214 ejusmodi
789 1123 940 1215 prolecto
963 1137 1024 1205 est,
1047 1137 1085 1196 ut
1110 1131 1263 1216 Impera-

39 1221 74 1275 tor
86 1211 133 1279 iste
144 1211 353 1284 admirabilis
368 1213 412 1282 ob
428 1213 462 1282 id
479 1225 551 1282 tum
571 1213 606 1282 in
628 1214 759 1283 crimen
779 1214 897 1284 merito
915 1215 1040 1295 vocari,
1057 1225 1128 1284 tum
1144 1228 1261 1286 eontra

37 1317 138 1366 summa
158 1299 253 1370 laude
277 1323 317 1370 ac
343 1301 596 1391 praedicatione
620 1303 732 1372 efferri
756 1301 888 1373 debeat.

67 1388 378 1470 §annessatonica
395 1391 479 1462 urbs
502 1404 552 1461 est
576 1391 792 1481 amplissima
823 1391 882 1460 illa
905 1391 1059 1477 quidem,
1087 1405 1120 1462 et
1145 1393 1262 1462 multis

34 1471 194 1545 haminibus
210 1477 438 1565 frequentata:
457 1502 546 1567 quae
564 1480 697 1550 tametsi
715 1479 868 1570 subjecta
883 1479 1005 1550 ditioni
1023 1481 1259 1564 Macedonum,

35 1584 91 1657 prae
111 1565 231 1636 cunctis
255 1579 369 1638 tamen
395 1569 542 1639 urbibus
563 1568 767 1648 Thessaliae,
786 1568 934 1656 dchajae
954 1581 986 1638 et
1009 1569 1156 1641 aliarum
1182 1594 1262 1662 gen·

34 1652 366 1742 complasmatum,
393 1679 479 1744 quas
509 1657 702 1747 praelectus
725 1657 863 1748 Illyriae
896 1657 1103 1740 moderatur,
1134 1661 1264 1749 primas

34 1739 140 1810 obtinet.
157 1747 191 1812 ln
217 1744 280 1814 hac
306 1767 385 1814 cum
412 1745 496 1815 sorte
512 1746 635 1817 seditio
654 1745 824 1816 concitata
843 1759 942 1827 esset,
965 1747 1186 1836 magistratus
1202 1749 1265 1818 ali·

33 1841 92 1910 quat
110 1831 210 1901 obruti
230 1833 409 1923 lapidibus
433 1834 538 1915 suere,
560 1848 592 1905 et
642 1835 780 1904 navibus
804 1835 1024 1905 contumeliis
1050 1837 1169 1904 vexati.
1186 1839 1266 1919 Qui·

33 1915 78 1986 bns
89 1919 175 1989 rebus
188 1921 375 1998 nunciatis.
389 1927 578 2013 Imperator
592 1858 660 1994 blla
672 1945 850 2002 accensus,
867 1924 1043 1992 llammam
1059 1925 1261 2012 neutiquam

35 2007 157 2090 repressit
178 2009 390 2092 iracundiae,
410 2033 518 2099 neque
543 2013 639 2082 lreno
655 2013 796 2082 rationis
811 2013 886 2102 ejus
912 2012 1076 2101 impetum
1095 2012 1262 2083 cohibuit:

35 2091 73 2160 sed
88 2093 167 2166 illius
180 2099 325 2169 arbitrio
350 2101 505 2188 permisit
554 2101 813 2171 rouuuciaudae
829 2101 1018 2172 sententiae
1034 2101 1076 2170 de
1092 2100 1264 2191 supplicio

35 2180 358 2259 thessalonicensibus
383 2123 566 2280 irrogando
593 2201 803 2280 potestatem.
831 2190 1015 2260 Iracundia
1044 2191 1150 2281 igitur
1174 2191 1263 2259 hanc

37 2261 224 2346 aultcritatcm
254 2289 369 2357 nacta,
392 2278 483 2349 velut
507 2291 676 2367 tyrannus
704 2279 819 2348 omnia
850 2299 913 2347 suo
939 2292 1025 2348 nutu
1048 2281 1260 2370 gubernans,

41 2362 115 2445 mptis
135 2364 301 2446 hahenIS,
333 2379 366 2436 et
384 2366 470 2468 jugo
501 2367 644 2438 rationis
668 2386 822 2446 excusso,
846 2367 979 2456 gladios
1005 2369 1121 2456 inique
1145 2380 1263 2438 contra

42 2465 123 2545 amnes
144 2453 344 2534 distrinxit,
371 2467 403 2524 et
433 2468 585 2526 insontes
619 2456 746 2557 pariter
775 2478 854 2525 cum
880 2457 1038 2527 sontibus
1067 2457 1262 2528 trucidavit.

41 2535 217 2636 lapseptcm
235 2543 419 2614 hominurn
441 2543 561 2625 millia,
580 2555 629 2614 utr
655 2545 779 2624 lerunt,
801 2544 974 2614 interlecta
999 2546 1113 2616 suere:
1137 2547 1170 2614 in
1196 2567 1265 2633 qua

38 2641 164 2698 occisione
187 2653 255 2701 non
277 2631 452 2721 judicium
478 2644 716 2712 antecesserat,
740 2652 849 2719 neque
865 2649 1021 2704 auctores
1039 2647 1106 2704 tam
1125 2634 1264 2704 ornandi

34 2706 157 2789 lacinonis
170 2720 266 2809 justa
282 2734 316 2790 et
332 2719 483 2810 legitima
504 2721 672 2792 sententia
684 2721 916 2802 condemnati,
935 2723 992 2792 sed
1008 2745 1128 2792 omues
1145 2722 1262 2804 simul,

34 2800 107 2872 relati
120 2809 226 2896 spicae
243 2810 280 2878 in
302 2831 412 2879 messe
428 2809 594 2892 desectae,
613 2809 742 2880 concisi
759 2810 908 2880 luerunt.

32 2973 35 2982 Δ
61 2891 129 2976 ld.
153 2901 220 2969 Hae
247 2897 446 2968 miseranda
470 2913 503 2969 et
527 2899 668 2990 lugubri
687 2899 881 2980 calamitate
899 2899 1049 2989 cognita,
1067 2899 1267 2970 Ambrosius

32 2975 81 3076 lle.
102 2983 223 3073 dequo
248 3009 358 3076 supra
378 2986 541 3070 diximus,
568 2987 770 3078 Imperatori
796 2987 1026 3060 Mediolanum
1056 2987 1265 3066 adventanti,

28 3077 94 3168 etro
115 3093 244 3144 sacrum
279 3074 448 3165 templum
474 3076 609 3177 ingredi
634 3076 812 3166 cupienti,
839 3088 932 3146 entra
966 3099 1065 3148 sacra
1099 3078 1266 3148 vestibula

30 3153 133 3228 obviarn
151 3163 316 3250 procedit,
336 3176 491 3252 vetatque
515 3188 549 3234 nn
572 3165 738 3255 templum
765 3167 903 3244 intrare,
930 3177 963 3236 ct
988 3167 1041 3235 his
1066 3165 1134 3235 sere
1155 3166 1267 3236 verbis

29 3260 85 3312 enm
106 3250 234 3321 ellatur:
255 3276 273 3318 n
302 3258 359 3324 Est
375 3253 570 3336 verisimile,
589 3276 610 3322 o
634 3258 834 3343 Imperator,
856 3268 885 3323 te
902 3255 1059 3344 ignorare
1076 3254 1191 3324 caedis
1205 3255 1267 3324 abs

30 3341 264 3432 teperpetrataa
297 3342 584 3431 magnitudinem,
608 3365 717 3429 neque
748 3357 824 3432 post
851 3343 1002 3412 sedatam
1034 3342 1263 3420 iracundiam,

30 3433 130 3520 natione
151 3429 345 3500 admissum
374 3429 509 3500 lacinus
535 3431 720 3522 pervidere.
744 3437 826 3503 llam
855 3435 903 3500 lm
932 3431 1100 3501 aratorius
1125 3430 1267 3500 sortasse

29 3515 211 3609 ernncipatus
236 3531 417 3608 peccatum
438 3541 623 3609 agnoscere
648 3541 714 3590 non
741 3521 834 3601 sinit,
857 3541 892 3588 sc
945 3532 1092 3609 potestas
1121 3519 1268 3588 ollundit

30 3605 124 3672 rationi
138 3606 336 3698 caliginem.
356 3614 478 3678 Verum
495 3630 583 3695 quae
600 3609 644 3680 sit
661 3622 784 3680 natura
805 3621 931 3689 nostra,
950 3619 983 3679 et
1005 3631 1110 3696 quam
1135 3606 1268 3709 fragilis

30 3703 55 3752 nn
74 3689 165 3776 lura,
186 3696 478 3767 considerandum
504 3709 566 3780 cst,
585 3710 618 3768 et
635 3699 668 3766 in
694 3697 823 3768 arritum
843 3697 1030 3787 pulverem,
1050 3719 1090 3767 ex
1113 3718 1181 3784 qua
1203 3708 1266 3766 ortn

31 3793 133 3862 snmus,
153 3795 185 3852 et
209 3785 244 3853 in
262 3805 365 3872 quem
383 3787 546 3868 recasuri,
563 3786 653 3858 acies
678 3786 803 3857 mentis
827 3785 1048 3857 intendenda:
1069 3806 1179 3872 neque
1196 3785 1270 3874 ipsc

31 3862 177 3954 splendore
200 3895 378 3962 purpurae
402 3873 577 3966 deceptus,
597 3877 750 3965 corporis
775 3876 833 3944 illa
859 3874 968 3966 operti
998 3873 1267 3944 imbecillitatem

33 3969 157 4038 gnorare
181 3960 299 4032 debes
325 3963 413 4046 Quin
438 3965 540 4034 etiam
572 3963 641 4035 illis
664 3965 838 4054 imperas,
868 3964 928 4050 qui
953 3973 985 4032 et
1008 3960 1162 4064 ejusdem
1188 3977 1270 4063 aunt

34 4053 142 4118 naturae
171 4051 380 4140 participes,
409 4065 512 4140 atque
541 4053 627 4122 adeo
654 4054 822 4124 conservi.
860 4057 954 4122 Unus
977 4073 1069 4120 emm
1104 4055 1269 4151 [tammus

36 4135 154 4232 tmolum
178 4153 211 4209 et
235 4161 306 4220 rex,
323 4141 430 4228 hujus
446 4142 678 4212 universitatis
694 4141 880 4212 fabricator
898 4145 996 4211 Deus.
1014 4140 1148 4223 Quibus
1164 4140 1271 4241 igitur

38 4219 113 4292 anns
135 4225 310 4298 intuebere
326 4230 493 4318 templum
512 4228 618 4314 illius,
644 4231 706 4318 qui
729 4242 780 4300 est
803 4230 960 4300 omnium
988 4228 1174 4298 Dominus?
1189 4249 1268 4315 qur·

38 4298 77 4402 lt}
98 4312 236 4397 pedibus
261 4327 418 4388 sanctum
444 4317 532 4388 illud
556 4318 668 4390 solum
690 4317 868 4390 calcabis?
892 4318 968 4400 Qui,
986 4337 1125 4404 quaeso,
1146 4337 1271 4412 manus

40 4405 133 4476 ¹llusta
154 4403 259 4474 caede
285 4419 318 4476 et
341 4409 511 4496 sauguine
542 4427 715 4498 respersas
744 4406 924 4476 extendere
944 4405 1063 4486 audes,
1089 4418 1122 4474 et
1140 4405 1268 4474 eisdem
