2994 4832
272 348 335 412 ll8
624 363 663 409 na
687 363 713 410 s.
742 363 820 410 sana
844 364 915 409 aaa.
941 363 978 409 ar
1002 361 1094 410 conr.
1351 341 1426 408 bat.
1449 346 1465 407 5

226 449 425 519 Anastasius
459 447 577 516 eadem
606 468 695 533 quae
730 447 948 516 Alexandrini
972 427 1121 516 sentiret.
1149 451 1231 516 Cum
1265 447 1313 514 sic
1346 467 1416 534 ergo
1437 467 1465 514 se

227 539 366 607 haberet
383 535 484 617 Elias,
510 546 543 604 et
572 537 745 605 statuisset
764 535 826 606 soli
852 537 1109 605 communicare
1134 535 1329 625 Euphemin,
1354 533 1466 622 Euphe-

227 628 319 696 mius
343 624 495 712 quidem,
523 636 660 714 propter
684 636 808 694 rectam
831 621 956 694 deiide
980 623 1196 705 sententiam,
1223 623 1266 693 ab
1285 627 1467 712 Imperatore

225 717 261 806 (ο
282 713 446 802 justitiat)
459 713 564 801 impie
589 711 726 802 pellitur
745 736 763 782 a
789 712 880 782 sedis
898 713 1069 782 rectione:
1088 726 1120 782 et
1143 713 1178 780 in
1195 714 1272 800 ejus
1287 711 1390 780 locum
1406 732 1466 779 ere-

228 805 322 873 bitur
339 802 568 871 Macedonius.

270 893 389 979 §cta
418 896 499 959 Cum
524 889 559 959 in
578 889 631 958 his
655 903 768 959 autem
797 903 886 959 esset
910 889 1071 970 Ecclesia,
1100 891 1142 958 iis
1162 889 1315 977 quidem,
1343 889 1397 976 qui
1415 893 1467 955 Eu·

230 981 404 1070 phemium
430 979 508 1048 sede
532 978 744 1068 expulerant,
771 978 929 1048 assentiri
951 999 1018 1048 non
1047 979 1212 1050 sustinuit
1239 977 1339 1058 Elias,
1370 989 1403 1045 ut
1422 976 1466 1062 qui

226 1091 305 1138 eum
323 1067 544 1167 expulissent,
573 1080 705 1156 praeter
724 1065 898 1157 regulam:
921 1067 1117 1136 llaccdonio
1141 1089 1218 1137 vero
1234 1088 1302 1136 non
1326 1065 1467 1134 dubitavit

227 1177 496 1236 communicare,
518 1168 551 1224 ct
574 1177 654 1224 cum
679 1176 718 1224 eo
741 1155 934 1236 convenire,
957 1155 1073 1242 utqui
1105 1156 1179 1245 ipse
1206 1177 1342 1242 quoque
1366 1165 1466 1222 rectam

227 1247 330 1314 tidem
351 1243 623 1333 amplecteretur.
649 1241 745 1326 Quod
770 1244 909 1331 quidem
936 1265 1003 1312 non
1030 1267 1151 1333 parum
1177 1246 1220 1314 ab
1246 1245 1466 1314 initiocontur

228 1333 319 1403 bavit
343 1338 599 1423 imperatorem.
619 1336 800 1419 Postquam
826 1346 939 1402 autem
966 1334 1149 1402 Flavianus
1164 1354 1312 1420 quoque,
1336 1333 1390 1419 qui
1411 1341 1467 1419 post

229 1433 370 1492 mortem
399 1421 541 1492 Palladii
570 1421 798 1491 Antiochenae
823 1419 969 1511 praefuit
993 1421 1179 1502 Ecclesiae,
1217 1421 1335 1490 eadem
1358 1439 1432 1507 quae
1450 1417 1467 1484 ii

228 1510 405 1591 sentiebat,
425 1522 457 1578 et
477 1510 510 1577 in
537 1531 615 1579 vera
642 1522 672 1578 et
701 1527 791 1580 recta
815 1511 946 1579 ratione
970 1510 1238 1600 ingrediebatur,
1267 1531 1334 1580 raon
1365 1519 1467 1599 poterat

228 1599 379 1687 amplius
398 1599 565 1668 contineri
591 1599 640 1667 ira
667 1599 899 1688 Imperatoris,
918 1600 979 1685 qui
1004 1599 1168 1670 adversus
1193 1599 1352 1688 pietatem
1382 1596 1465 1668 solam

228 1701 299 1756 erat
319 1685 546 1757 fortissimus:
570 1707 632 1756 nec
661 1686 748 1758 ferre
773 1700 902 1778 poterat
925 1709 1044 1758 eorum
1069 1687 1303 1758 concordiam:
1336 1685 1389 1756 sed
1409 1683 1465 1753 elle·

230 1787 324 1845 ratus
340 1789 372 1845 et
392 1775 462 1844 acri
482 1777 533 1844 ird
558 1776 718 1864 percitus
747 1789 909 1863 utrosque
928 1776 1069 1846 damnat
1092 1776 1222 1846 exsilio.
1243 1776 1359 1846 Solum
1378 1787 1464 1844 auten

228 1865 264 1932 in
290 1865 479 1953 praesentia
498 1863 637 1952 quidem
657 1864 913 1946 Macedonium,
943 1887 1021 1934 cum
1048 1865 1362 1936 innumerabilibus
1383 1863 1465 1950 impe·

230 1952 337 2022 tiisset
369 1953 576 2032 calumniis,
605 1953 697 2042 ejicit
725 1954 951 2044 Episcopatu:
981 1953 1156 2024 Timotheo
1176 1975 1274 2035 vero,
1306 1953 1394 2023 illius
1413 1949 1464 2018 loco

228 2041 331 2111 tradit
354 2041 699 2112 administrationem.
726 2042 884 2112 Studium
918 2054 1031 2112 autem
1065 2055 1097 2113 et
1124 2064 1243 2112 curam
1275 2041 1464 2132 ponebatur

229 2130 410 2201 Flavianus
443 2142 475 2198 et
505 2129 594 2200 Elias
631 2132 880 2202 assentirentur
914 2130 1101 2202 Timotheo.
1138 2131 1193 2201 Illi
1223 2153 1301 2201 vero
1333 2125 1464 2200 Timothei

227 2219 367 2306 quidem
401 2231 626 2376 susceperunt
649 2219 954 2300 communionem,
981 2232 1098 2309 utpote
1131 2219 1221 2310 quod
1261 2221 1335 2310 ipse
1361 2231 1463 2306 quoque

228 2309 425 2377 conveniret
442 2329 498 2376 ver
522 2330 543 2376 o
571 2319 679 2378 rectae
709 2307 808 2378 fidei:
836 2307 1023 2377 llacedonii
1048 2321 1163 2380 autem
1191 2308 1375 2378 admodum
1392 2319 1478 2407 aegre1

228 2395 382 2466 serebant
404 2397 733 2476 exterminationem,
752 2409 889 2484 atquae
909 2418 976 2467 non
990 2407 1057 2466 tam
1069 2399 1149 2488 jure
1165 2419 1205 2467 ac
1230 2397 1375 2488 legibus.
1387 2409 1461 2480 quan

229 2488 260 2553 vi
284 2499 316 2554 et
336 2495 498 2575 potestate
522 2483 641 2555 luisset
665 2484 764 2554 lacta.
791 2491 861 2554 Hoc
890 2485 1055 2556 adversus
1079 2487 1199 2556 ambos
1220 2507 1347 2578 magno
1379 2483 1462 2552 lurore

228 2573 294 2642 ciet
317 2578 573 2662 Imperatorem,
592 2587 625 2643 et
638 2573 784 2644 allicitur
801 2573 962 2643 Ecclesiis
981 2595 1086 2644 causa
1104 2595 1249 2666 magnae
1273 2568 1461 2662 tempestatis.

228 2660 324 2744 Quod
349 2660 487 2749 quidem
512 2683 590 2732 cum
618 2663 734 2734 nescio
750 2663 843 2732 unde
864 2663 1056 2733 rescivisset
1076 2663 1177 2746 Elias,
1203 2667 1266 2751 qui
1289 2660 1463 2733 Palaestinae

229 2765 384 2838 praeerat
411 2750 591 2830 Ecclesiae,
615 2752 731 2822 missis
757 2750 895 2842 legatis,
921 2751 1104 2842 diligenter
1131 2751 1202 2854 agit
1224 2751 1269 2822 de
1301 2745 1473 2846 reconcilia!

228 2839 330 2908 tione.
351 2839 462 2938 Legati
481 2853 593 2908 autem
610 2853 707 2910 crant
725 2839 874 2910 etmulti
891 2839 950 2908 alii
975 2853 1098 2930 patres,
1116 2853 1238 2932 etipse
1263 2841 1376 2922 Sabas
1390 2833 1464 2922 cuju

230 2948 323 2996 nunc
348 2941 414 2995 vita
437 2941 488 2996 est
511 2941 754 3017 argumentum
781 2941 916 2998 nostrae
937 2929 1040 3017 hujus
1066 2929 1242 3009 orationis,
1273 2931 1337 3018 iam
1358 2950 1389 2997 se
1411 2937 1452 2992 tua

228 3015 322 3116 ginta
346 3035 455 3084 annos
479 3031 591 3086 natus.
619 3021 793 3086 Praeterea
818 3038 894 3086 vero
921 3017 1023 3089 mittit
1043 3021 1144 3088 etiam
1171 3017 1263 3088 Elias
1292 2949 1462 3108 epistoiatl·

228 3125 263 3173 1n
288 3125 357 3190 qua
372 3103 455 3174 haec
480 3107 678 3194 scripserat:
699 3105 944 3176 «Habitatores
967 3109 1086 3190 eremi,
1116 3118 1149 3177 et
1173 3107 1298 3178 sabam
1322 3127 1394 3176 cum
1417 3115 1463 3177 ers,

226 3191 287 3279 qui
310 3205 483 3294 estcaput
514 3194 638 3274 eremi,
667 3195 709 3262 ad
742 3207 837 3264 tuam
869 3195 1057 3285 potentiam
1082 3195 1253 3266 mittimus
1278 3196 1398 3286 legatos

225 3281 396 3352 Ecclesns.
417 3288 466 3352 Tu
490 3295 603 3352 autem
620 3303 738 3352 eorum
764 3283 915 3354 laborem
941 3283 1116 3368 ret-entus,
1143 3297 1176 3356 et
1194 3307 1252 3356 cos
1276 3287 1422 3374 quisunt

227 3376 295 3440 Deo
311 3370 464 3452 sudores,
492 3377 736 3460 olmperator,
764 3371 816 3442 lac
840 3384 878 3442 ut
900 3385 1009 3443 cesset
1033 3373 1162 3444 bellum
1193 3373 1355 3444 adversus
1380 3364 1438 3438 Ecrl

226 3463 307 3540 sias,
330 3470 362 3528 et
383 3481 424 3530 ne
441 3463 535 3530 sinas
550 3460 679 3530 malum
698 3461 856 3550 progredi
873 3461 1029 3532 ulterius.
1047 3463 1183 3532 Scimus
1202 3465 1294 3532 enim
1313 3461 1369 3533 tibi
1387 3475 1435 3526 cur

226 3563 311 3628 esse,
330 3559 369 3617 ut
385 3569 424 3618 ea
441 3569 534 3638 agas,
549 3571 638 3636 quae
652 3554 717 3620 Deo
733 3562 829 3650 grata
853 3563 945 3632 sunt,
961 3551 1021 3638 qui
1040 3551 1099 3620 tibi
1116 3554 1286 3623 concessit
1300 3550 1445 3620 diadema·

269 3639 387 3723 §44
415 3641 497 3706 Cum
524 3637 559 3707 hi
584 3659 664 3728 ergo
681 3639 788 3706 divini
808 3651 919 3730 patres
940 3641 1013 3730 jam
1040 3641 1187 3732 ingrcssi
1214 3651 1327 3712 essent
1349 3639 1422 3706 vtan

226 3745 314 3810 quae
338 3723 465 3795 ferebat
488 3725 530 3795 ad
563 3731 819 3828 imperatorem,
847 3741 919 3798 erat
944 3728 1069 3798 Sidone
1092 3729 1259 3816 quaedam
1286 3725 1421 3820 synodus

228 3816 252 3880 E
280 3813 473 3912 iscoporum
500 3815 646 3887 Orientis
674 3830 706 3886 et
733 3816 943 3888 Palaestinae
974 3829 1056 3887 tunc
1091 3839 1155 3888 con
1183 3831 1296 3910 rogata
1329 3815 1429 3886 advers

230 3833 429 4004 Tiavranum
455 3916 488 3972 et
507 3905 626 3986 Eliam,
645 3927 733 3992 quae
758 3917 968 3996 praetextum
994 3905 1134 3996 quidem
1155 3841 1302 3978 habebat
1312 3903 1420 3994 jussal

229 4001 418 4088 peratorrs:
441 4007 618 4083 acceperat
642 4007 754 4064 autem
773 3993 890 4076 duces,
918 3995 1131 4066 Soterichum
1161 4002 1338 4066 Caesareae
1359 3998 1413 4076 Cap

226 4076 356 4159 doctae,
370 4092 403 4150 et
419 4079 643 4151 Philoxenum
663 4083 854 4172 Hierapolis
870 4083 1091 4174 Episcopum:
1107 4086 1167 4172 qui
1184 4083 1431 4155 Chalcedonense

227 4166 398 4254 synodum
425 4169 640 4260 abrogantes,
668 4173 832 4266 Eutychis
857 4183 890 4242 et
914 4173 1064 4242 llioscori
1088 4174 1271 4245 studebant
1288 4169 1430 4243 confirm

252 4311 264 4336 ⁸
280 4313 345 4350 Anno
360 4313 405 4352 511.

251 4363 280 4390 ⁸*
295 4363 400 4410 synodus
418 4367 483 4412 haec,
500 4365 595 4408 iufamia
612 4371 636 4409 et
653 4377 751 4417 prorsus
768 4367 895 4417 irridenda,
912 4371 941 4412 ab
954 4371 1077 4412 Anastasio
1087 4373 1231 4424 Imperatore
1241 4371 1319 4412 coacta
1326 4363 1397 4407 lucrat.
1407 4359 1430 4396 ⁰0

226 4415 292 4464 glnta
309 4417 383 4476 terma
399 4420 508 4469 Episcopi
525 4419 545 4461 el
563 4423 729 4464 iuterfuerunt.
746 4425 880 4470 Flavianus,
893 4425 1029 4466 Antlochtaa
1043 4423 1154 4472 Antiates,
1163 4435 1236 4476 quum
1247 4425 1306 4466 hunc
1315 4425 1395 4464 coctum
1404 4409 1433 4450 rel
1446 4461 1447 4466 ,

225 4469 299 4514 ttasat,
310 4477 335 4508 m
346 4471 462 4519 quoddam
472 4473 596 4515 castellum
606 4477 674 4516 exaul
684 4477 770 4520 missus
781 4481 823 4524 est.
832 4477 872 4518 ubl
884 4479 959 4520 ultam
969 4479 1079 4529 cxplcrlt.

493 4659 506 4689 1
