3046 4838
253 265 295 330 70
561 283 600 330 nx
624 284 651 331 s.
678 283 784 332 ornum
808 285 856 330 nr.
884 283 1125 334 nonuusrnrxnsr
1335 267 1447 330 nutui

209 369 332 438 idoneo
349 367 521 438 collocari.
541 372 606 437 llos
623 368 729 458 igitur
745 368 787 438 de
806 380 912 438 vestra
930 369 1134 439 discretione
1153 368 1286 459 plenam
1308 368 1448 436 fiduciam

208 459 411 538 obtinentes
434 456 633 526 discretioni
658 470 788 528 vestrae
809 481 868 547 per
891 457 1080 548 Apostolica
1105 459 1231 548 scripta
1254 457 1447 536 mandamus,

208 561 379 634 quatenus
394 545 422 614 si
441 567 510 615 rem
530 547 728 616 inveneritis
739 548 788 628 ita
805 569 890 628 esse,
908 546 1067 638 praelatis
1081 547 1219 618 Abbatis
1235 559 1266 617 et
1277 546 1448 626 conventui,

208 649 246 706 ut
265 657 391 724 corpus
409 634 518 704 saneti
545 635 708 792 praedicti
732 635 774 704 ad
801 635 913 705 locum
941 636 1146 707 transierant
1174 636 1378 726 digniorem,
1401 657 1451 704 au·

207 725 362 794 ctoritate
398 737 513 794 nostra
562 725 721 794 icamiam
752 724 959 804 concedatis.
986 728 1107 796 Datum
1144 729 1296 796 Lateran.
1325 724 1450 814 septimo

209 813 292 884 Idus
317 811 439 894 Martii,
459 813 680 884 Pontificatus
706 815 810 884 nostri
836 836 927 883 anno
950 825 1122 884 octavo.»

237 905 270 1058 ng
295 905 342 971 θ.
367 900 631 992 Arcbiepiseopo
646 914 759 972 autem
782 903 954 994 Stephano
974 903 1158 992 praedictis
1182 901 1453 973 brolridiaeonoet

208 996 234 1062 0
262 990 354 1059 rciali
371 989 461 1060 vices
483 1012 562 1062 sues
579 993 821 1072 committente,
847 992 1006 1082 pluribus
1021 992 1214 1062 convocatis
1230 1013 1321 1062 anno
1336 989 1453 1060 Domini

209 1078 394 1150 millesimo
410 1078 646 1149 ducentesimo
669 1081 831 1150 vicesimo
849 1093 983 1168 quarto,
1012 1081 1099 1150 inter
1125 1081 1250 1150 multos
1273 1093 1379 1160 testes,
1393 1079 1453 1165 qui-

208 1168 287 1238 dam
313 1168 502 1238 canonicus
520 1169 660 1258 juratus
680 1168 764 1238 dixit
788 1171 908 1240 crebro
938 1193 973 1240 se
997 1170 1150 1240 audiisse
1177 1169 1390 1240 Wilbelmum
1409 1190 1453 1234 ce-

210 1258 373 1326 nonicum
398 1256 590 1338 dicentem,
618 1257 803 1345 quemdam
840 1259 905 1348 ipsi
932 1259 966 1326 in
992 1257 1068 1328 visu
1093 1260 1231 1348 saepius
1256 1257 1452 1348 apparuisse.

202 1346 420 1436 jussisseque
432 1345 628 1436 sepulerum
643 1345 816 1432 quoddam
836 1347 1010 1434 inquirere
1023 1349 1057 1416 in
1078 1347 1226 1416 Ecclesia
1244 1344 1455 1416 llorcestrensi

207 1446 286 1504 ante
303 1434 408 1504 altare
428 1437 565 1505 sanctae
582 1435 709 1516 Crucis,
729 1436 789 1504 ubi
816 1437 1016 1506 inventurus
1033 1448 1121 1506 esset
1136 1457 1263 1526 corpus
1289 1439 1321 1505 S.
1342 1433 1451 1504 Birini:

206 1523 364 1610 factaque
388 1524 431 1592 ab
454 1523 580 1594 Abbate
600 1536 778 1612 potestate,
806 1527 960 1611 quaesito
984 1524 1143 1614 sepulcro
1167 1539 1199 1594 et
1222 1537 1350 1614 aperto,
1377 1544 1457 1614 prae·

207 1613 364 1682 sontibus
380 1612 506 1681 abbate
522 1625 554 1681 et
570 1613 759 1694 canonicis,
779 1614 949 1686 invenisse
965 1636 1091 1703 corpus
1115 1613 1276 1704 Episcopi
1301 1614 1454 1702 integrum

206 1724 286 1770 cum
313 1701 444 1790 duplici
469 1701 566 1781 stola,
593 1714 625 1770 et
653 1699 759 1770 insula
785 1701 891 1772 rubra
914 1725 933 1772 e
957 1724 1071 1793 panno
1096 1704 1228 1784 serico,
1262 1715 1363 1788 atque
1391 1721 1455 1768 cum

207 1795 312 1859 Cruce
327 1811 344 1859 e
361 1789 496 1859 metallo
512 1789 675 1871 conlecta,
691 1791 817 1880 pectori
830 1791 906 1880 ejus
923 1793 967 1860 im
974 1792 1093 1882 posita:
1114 1791 1261 1878 denique
1276 1813 1354 1860 cum
1369 1787 1456 1858 calice

207 1878 250 1947 ad
268 1878 473 1948 umbilicum
491 1879 566 1968 ejus
584 1879 703 1968 posito.
725 1884 802 1949 Post
817 1879 906 1950 banc
918 1895 1039 1950 ¹eutem
1057 1881 1211 1970 corporis
1229 1879 1454 1954 inventionem,

206 1967 348 2054 quidam
377 1969 546 2057 septennii
578 1968 738 2038 caecitate
768 1968 928 2039 laborans
952 1991 991 2038 eo
1017 1970 1117 2049 venit,
1138 1981 1170 2038 et
1194 1968 1304 2038 visum
1335 1965 1456 2062 recepit

207 2056 448 2128 Adolesceusa
474 2057 645 2126 nativitate
662 2056 790 2126 surdus
814 2072 846 2127 et
872 2072 999 2137 mutus,
1017 2069 1049 2126 et
1072 2057 1236 2127 audiendi
1261 2071 1295 2126 et
1316 2051 1458 2144 loquendi

209 2145 275 2215 sibi
292 2146 398 2214 sensit
416 2143 582 2214 redditam
609 2143 824 2215 facultatem:
851 2146 1074 2234 quiquidem
1100 2147 1158 2228 ait,
1186 2147 1220 2214 in
1247 2146 1324 2214 visu
1338 2145 1456 2234 jussum

207 2255 243 2302 se
268 2234 316 2303 ire
337 2239 560 2314 Dorcestram,
579 2235 758 2304 sanitatem
786 2233 856 2304 illic
876 2248 1155 2306 consecuturum.
1177 2239 1258 2304 Cum
1286 2249 1396 2304 autem
1420 2253 1457 2300 rc·

207 2322 402 2412 spondisset
420 2325 550 2394 nescire
574 2345 609 2392 se
630 2323 755 2403 locum,
773 2345 850 2392 eum
873 2325 931 2410 qui
950 2326 1122 2414 apparuit,
1143 2323 1281 2412 dixisse,
1303 2346 1339 2392 se
1360 2324 1457 2412 ipsum
1496 2355 1497 2360 κ

209 2410 294 2480 velle
318 2411 455 2481 ducere.
482 2417 588 2496 tique
611 2412 657 2480 ita
681 2413 954 2502 expergefactum
981 2435 1016 2482 se
1042 2415 1085 2483 ab
1113 2412 1231 2482 eodem
1271 2412 1458 2500 perductum

204 2521 279 2570 esse
299 2499 340 2570 ed
367 2500 494 2570 locum.
523 2500 585 2569 Ubi
609 2522 688 2570 oum
718 2512 864 2578 curatus
884 2514 994 2580 esset,
1026 2513 1059 2570 et
1087 2501 1226 2570 xlnnlice
1264 2500 1456 2592 loqueretur.

206 2590 412 2659 canonicum
438 2588 622 2676 quemdam
643 2589 721 2678 joco
746 2588 873 2658 dixisse
899 2590 976 2679 ipsi:
1004 2590 1069 2672 Qui
1095 2557 1241 2676 telequi
1261 2589 1389 2668 docuit,
1405 2605 1458 2654 uon

206 2675 270 2746 luit
294 2677 443 2747 aulicus:
473 2699 550 2746 nam
570 2676 698 2764 alioqui
725 2679 890 2766 potuisset
913 2677 1034 2748 docere
1059 2691 1090 2748 te
1107 2679 1200 2748 eliud
1229 2677 1370 2748 idioma.
1389 2681 1458 2744 Eunt
1495 2751 1496 2760 ἵ

207 2789 285 2836 vero
305 2767 395 2834 intra
421 2765 572 2834 triduum
599 2767 645 2835 ita
671 2766 815 2856 perfecte
839 2765 978 2848 Gallice,
997 2779 1035 2836 ut
1058 2767 1208 2857 Angliee,
1229 2789 1264 2836 se
1290 2766 1384 2854 loqui
1400 2783 1460 2833 coe·
1495 2809 1496 2822 ÷

207 2854 310 2942 pisse.
337 2857 394 2922 Est
417 2853 488 2923 illic
514 2855 615 2923 etiam
641 2855 783 2941 quidam
804 2857 970 2926 excitatus
995 2867 1164 2936 mortuus,
1189 2856 1346 2944 leprosus
1376 2871 1461 2922 mun·
1495 2855 1496 2913 l

207 2941 320 3023 datus,
340 2963 530 3029 rursusque
550 2941 619 3012 duo
642 2943 701 3012 alii
726 2965 744 3012 a
771 2958 877 3014 morte
901 2945 943 3012 ad
970 2944 1071 3014 vitam
1099 2944 1255 3024 revocati,
1282 2957 1315 3013 et
1340 2943 1462 3030 abipso

100 3091 103 3098 .
205 3043 285 3102 ortu
305 3043 434 3112 mutue,
455 3030 617 3118 loquendi
634 3031 799 3101 beneficio
819 3033 979 3102 donatus.

250 3121 268 3207 ἓ
290 3123 328 3190 2.
349 3124 442 3202 Quae
466 3119 604 3207 quidem
630 3121 757 3202 omnia,
777 3135 809 3190 et
835 3121 935 3212 plura
953 3121 1020 3190 alia
1036 3143 1116 3190 cum
1142 3121 1185 3190 ab
1201 3121 1328 3192 Abbnte
1346 3133 1377 3190 et
1395 3137 1463 3187 ron·

206 3221 309 3278 ventu
334 3210 506 3299 proposita
524 3208 681 3292 luissent,
700 3211 893 3297 quaesitum
912 3222 963 3280 est
982 3233 1021 3280 ex
1037 3210 1098 3291 eis,
1116 3231 1199 3280 num
1220 3231 1289 3297 qua
1304 3209 1463 3295 scriptura

205 3319 285 3368 cum
311 3320 454 3388 corpore
479 3311 610 3388 reperta
633 3311 732 3369 esset.
764 3299 890 3370 Abbate
915 3299 947 3368 id
976 3311 1131 3388 negante,
1162 3299 1297 3368 cunctis
1335 3315 1464 3392 consen·
1494 3353 1495 3358 ,

207 3387 381 3469 tientibuS,
411 3399 567 3476 apertum
592 3398 642 3459 est
667 3387 892 3477 sepulerum:
920 3389 1125 3475 inventaque
1153 3400 1234 3458 sunt
1258 3409 1337 3456 ossa
1361 3401 1465 3456 omnm
1494 3370 1495 3437 l

207 3475 355 3547 naturali
382 3477 451 3547 situ
474 3490 506 3546 et
529 3475 649 3546 ordine
673 3477 860 3560 collocata,
890 3480 948 3546 sed
977 3498 1079 3546 carne
1105 3477 1138 3546 in
1168 3477 1300 3546 cineres
1325 3473 1463 3545 redacta.

182 3577 187 3588 ·
205 3563 521 3653 Inventus'quoque
537 3579 587 3634 est
602 3565 765 3645 annulus,
785 3566 935 3652 itemque
951 3569 1039 3634 Crux
1056 3564 1218 3655 plumbea
1234 3587 1338 3654 super
1361 3573 1464 3652 pectus

204 3653 292 3742 ejus,
318 3653 406 3723 calix
434 3675 571 3744 parvus,
604 3653 791 3744 particulae
823 3654 1103 3724 vestimentorum
1129 3653 1216 3744 ejus,
1243 3653 1333 3722 duae
1357 3649 1462 3721 stolae.

207 3741 265 3810 sed
285 3765 351 3812 non
370 3743 534 3832 integrae.
551 3747 692 3812 Inventa
703 3755 754 3812 est
771 3743 872 3812 etiam
888 3764 1054 3812 crumena
1067 3744 1237 3833 quaedam
1252 3741 1360 3811 serica
1374 3755 1465 3828 super

207 3841 326 3918 peetus
351 3832 447 3920 ejus,
474 3831 623 3918 itemque
649 3853 728 3920 pera
751 3853 790 3900 ex
816 3853 885 3900 una
910 3845 1006 3920 parte
1029 3853 1114 3901 auro
1144 3842 1321 3902 contexta:
1349 3831 1382 3898 in
1408 3845 1465 3912 qua
1493 3851 1494 3854 ¹

206 3937 326 3988 omnes
350 3919 548 3990 asserebant
568 3917 694 4008 pallam
712 3943 816 4010 supra
839 3935 1074 4002 memoratam,
1094 3941 1172 3990 cum
1193 3919 1315 3990 Christi
1334 3933 1465 4004 corpore
1493 3928 1494 3959 t

207 4003 325 4086 luisse,
357 4009 458 4098 cujus
482 4031 599 4089 causa,
631 4021 668 4078 ut
692 4006 824 4078 dictum
849 4019 915 4089 est,
949 4031 1055 4099 supra
1081 4030 1175 4078 mare
1199 4008 1300 4080 siccis
1331 4003 1465 4096 pedibus

205 4094 408 4166 ambulavit.
437 4097 647 4168 Exclamavit
669 4109 783 4168 autem
802 4096 914 4168 Abbas
930 4097 1098 4184 quidam:
1125 4121 1144 4164 u
1170 4101 1288 4167 Certus
1317 4093 1463 4182 equidem

207 4203 305 4263 sum,
336 4183 449 4254 isthuc
473 4208 599 4276 corpus
622 4208 696 4256 esse
717 4186 828 4273 sancti
851 4185 990 4255 Bertini.
1018 4187 1139 4256 Audivi
1163 4186 1255 4256 enim
1286 4186 1347 4254 bac
1379 4191 1465 4250 nocte

206 4271 307 4424 guasi
330 4270 514 4358 eujusdam
534 4295 679 4362 magnae
704 4295 868 4362 personae
895 4296 1008 4344 vocem
1026 4274 1224 4364 ejusmodi:
1251 4279 1295 4345 Ne
1315 4265 1465 4341 dubitetis
1492 4293 1493 4330 1

232 4379 250 4452 e
274 4358 468 4428 inventione
492 4362 645 4450 corporis
672 4361 760 4431 beati
785 4362 904 4430 Birini.
932 4368 1052 4434 Totum
1069 4385 1195 4454 corpus
1212 4361 1396 4454 reperietis,
1415 4351 1462 4424 sed
