2946 4798
23 275 91 338 ult).
111 275 150 340 27
350 292 390 338 ux
415 292 442 339 s.
468 290 590 340 tonans
614 291 664 338 nr.
693 291 730 337 nr
754 289 913 338 evaneat.
1128 285 1129 290 ’
1162 276 1227 340 479

18 391 60 458 int
80 377 118 444 ab
140 373 427 466 historiographis
451 375 614 464 traditur)
632 397 652 444 a
669 374 834 444 charitate
851 372 921 444 lere
941 375 1043 444 totius
1064 377 1271 448 universalis

18 465 179 545 Ecclesiae,
203 467 234 533 in
261 465 357 534 illius
383 464 520 534 tandem
542 464 656 550 erupit
679 463 817 532 divinae
842 464 1078 552 inspirationis
1094 465 1267 555 elogium:

18 558 47 620 ln
57 556 228 646 principio,
247 553 423 643 inquiens,
442 565 515 622 erat
543 554 695 631 Verbum,
715 563 746 621 ct
778 554 914 622 Verbum
937 564 1011 622 erat
1034 555 1126 644 apud
1149 559 1266 634 Deum,

15 654 39 710 et
62 648 139 712 Deus
161 653 234 712 crat
261 645 411 712 Verbum.
435 646 506 712 Hoc
527 641 641 728 itaque
661 640 842 730 signaculo
867 640 1041 722 veritaris,
1069 655 1102 711 et
1127 641 1271 712 baereti-

13 753 118 800 oorum
137 731 473 822 tergiversationibus
499 742 622 800 metam
643 729 726 810 fixit,
746 743 778 800 et
794 729 1042 800 catholicorum
1069 731 1171 800 lidem
1196 753 1271 822 per·

13 834 104 908 petua
126 843 165 890 ex
187 833 270 890 tuno
294 833 327 889 et
350 820 514 908 deinceps
538 819 744 888 certitudine
768 819 950 888 roboravit.

48 913 65 996 ξ
89 914 157 982 ¹8.
176 915 295 978 Petrus
319 909 427 998 igitur
441 921 548 997 petra.
570 913 616 977 Tu
640 930 685 988 es,
712 908 837 994 inquit,
855 913 985 988 Petrus,
1005 919 1037 976 et
1059 919 1161 999 super
1184 910 1271 979 bunc

9 1009 129 1086 pet-rom
163 999 344 1088 aedificabo
379 999 564 1067 Ecclesiam
599 1017 709 1066 meam
738 997 871 1082 (Mcttb.
901 997 979 1085 xvr).
1009 1002 1102 1066 Petra
1134 1019 1272 1084 quoque

9 1087 111 1156 lactus
132 1100 229 1158 estet
251 1092 414 1166 loannes,
437 1107 542 1174 supra
568 1087 669 1172 ouius
694 1085 774 1155 fidei
797 1085 1061 1155 fundamentum
1081 1087 1186 1157 totius
1210 1091 1272 1156 Ec·

9 1175 123 1246 clesiae
149 1187 323 1246 structura
358 1175 559 1264 consurgit,
592 1195 696 1260 quam
721 1173 889 1255 videlicet,
923 1175 994 1244 sive
1018 1174 1270 1245 baereticorum

9 1263 99 1334 furor
111 1265 289 1354 impingat,
309 1264 380 1333 sive
396 1264 621 1332 tentationum
641 1264 750 1332 irruat
765 1265 927 1352 impetus,
950 1285 1017 1332 non
1034 1265 1164 1334 evertit.
1180 1269 1271 1334 Haec

10 1367 96 1442 petra
120 1355 187 1424 veri
214 1353 316 1422 David
342 1351 486 1422 lundam
512 1350 655 1440 implet,
682 1373 751 1438 qua
788 1351 1035 1422 Philistbaeum
1073 1353 1192 1423 Goliad
1223 1353 1271 1422 si·

8 1455 143 1530 gnanter
165 1444 199 1511 in
230 1440 341 1511 fronte
373 1441 561 1530 percutiat,
590 1440 649 1510 ubi
684 1440 841 1509 videlicet
876 1440 1043 1530 profanus
1075 1455 1108 1510 et
1142 1443 1271 1532 impius

9 1532 117 1601 t'rucis
140 1530 302 1601 vexillum
329 1551 396 1599 non
422 1529 581 1598 babebat.
600 1532 691 1597 llaec
711 1528 882 1615 siquidem
907 1542 1001 1618 petra
1017 1551 1138 1600 omnes
1158 1531 1271 1601 Eccle-

9 1619 155 1690 siasticae
171 1620 348 1689 doctrinae
368 1618 583 1688 adversarios
598 1617 776 1699 destruxit,
791 1617 874 1686 haec
889 1618 1071 1687 iudaicam
1090 1619 1270 1708 perfidiam

9 1731 77 1778 cum
104 1709 198 1779 onrni
225 1729 365 1797 prorsus
390 1707 639 1776 haereticorum
659 1707 823 1795 pravitate
842 1707 1035 1796 prostravit.
1056 1711 1122 1776 Neo
1144 1709 1269 1777 mirum
1325 1721 1334 1754 ³

10 1798 34 1864 si
48 1798 150 1868 instar
166 1799 257 1866 Petri
281 1809 314 1864 et
328 1801 479 1866 loannes
502 1808 594 1880 petra
614 1794 760 1874 dicatur,
783 1817 862 1864 curn
888 1795 972 1864 haec
996 1795 1038 1864 ad
1060 1796 1269 1865 Ezechielem

13 1887 164 1957 [lominus
189 1885 301 1954 dicat:
330 1890 411 1954 Ecce
435 1885 514 1954 dedi
534 1884 657 1972 faciem
674 1894 768 1954 tuam
791 1887 1011 1954 valentiorem
1040 1885 1190 1972 faciebus
1219 1908 1271 1954 eo·

9 1998 86 2053 rum,
103 1987 132 2045 et
147 1978 294 2064 frontem
311 1983 405 2042 tuom
421 1974 591 2042 duriorem
606 1973 771 2060 frontibus
791 1995 916 2052 eorum,
936 1985 967 2042 et
984 1983 1021 2042 ut
1037 1974 1266 2053 adamantem,

11 2075 35 2130 et
53 2075 85 2132 nt
106 2067 236 2134 silicem
265 2063 355 2131 dedit
381 2064 504 2151 sociem
524 2072 617 2130 lnam
640 2061 776 2150 (uacet.
794 2062 857 2150 nr).
881 2061 984 2130 Plane
1008 2063 1099 2150 quod
1124 2075 1271 2148 uterque

11 2151 191 2242 discipulus
218 2149 360 2242 protulit
383 2151 426 2220 de
450 2161 665 2221 sacramento
699 2151 896 2220 Dorninicae
919 2150 1023 2230 fidei,
1057 2171 1268 2237 quamquam

13 2239 310 2326 profundissimum
342 2240 408 2320 sit,
436 2252 538 2326 atque
562 2240 704 2308 omnino
729 2239 899 2319 divinum,
928 2252 959 2308 et
983 2253 1170 2326 utrumque
1196 2241 1270 2329 pari

12 2329 102 2399 modo
121 2332 212 2400 vires
236 2329 410 2397 humanae
438 2327 563 2396 mentis
589 2327 739 2409 excedat,
760 2349 822 2396 nec
851 2327 1006 2398 videatur
1034 2327 1208 2397 diversum
1235 2327 1270 2396 in

11 2418 217 2488 excellentiae
241 2417 430 2496 divinitate,
449 2417 539 2504 quod
562 2417 680 2485 eodem
705 2416 875 2504 prolatum
892 2430 943 2486 est
960 2417 1090 2508 Spiritu
1106 2417 1267 2486 dictante:

12 2503 84 2575 illud
117 2523 229 2577 tamen
263 2505 352 2575 beati
381 2505 527 2574 loannis
560 2505 810 2594 singularitatis
847 2505 959 2576 locum
998 2507 1063 2575 sibi
1095 2505 1271 2575 vindicare

9 2595 221 2685 conspicitur,
242 2594 325 2681 quia
346 2615 456 2680 neque
479 2606 558 2663 ante
582 2592 695 2674 illum,
720 2615 831 2681 neque
857 2607 932 2683 post
961 2594 1058 2664 illum
1089 2594 1153 2663 boc
1179 2595 1268 2664 idem

8 2686 176 2774 scripsisse
193 2683 322 2770 aliquis
345 2683 530 2752 invenitur.
553 2687 636 2752 Nam
663 2681 757 2752 illam
788 2682 876 2752 beati
907 2683 993 2753 Petri
1018 2689 1039 2752 Α
1068 2682 1166 2752 ostoli
1192 2705 1271 2752 sen·

8 2773 135 2844 tentiam
160 2786 193 2842 et
217 2771 383 2841 Martbam
405 2793 556 2841 sororem
583 2772 711 2851 Lazari,
731 2771 860 2842 eisdem
891 2770 960 2840 lere
984 2705 1095 2841 verbis
1123 2771 1271 2861 legimus

9 2863 193 2948 protulisse.
214 2861 274 2930 Cui
299 2861 464 2930 nimirum
491 2881 570 2929 curn
597 2858 751 2929 Salvator
771 2859 918 2929 diceret:
946 2862 1058 2930 Onvnis
1088 2864 1149 2952 qui
1172 2863 1268 2942 vivit,

8 2961 31 3016 et
48 2953 153 3021 credit
184 2954 218 3019 in
243 2973 306 3028 me,
332 2973 397 3018 non
427 2951 589 3018 morietur
608 2951 644 3016 in
671 2959 843 3018 aeternum
858 2975 869 3017 :
895 2961 997 3038 atque
1022 2948 1268 3038 subjungeret:

9 3041 109 3110 Credis
126 3041 208 3110 boc?
222 3038 320 3108 lllico
334 3037 453 3106 eodem
476 3037 618 3126 Spiritu,
636 3058 705 3123 quo
721 3049 753 3106 et
770 3042 900 3116 Petrus,
921 3038 1112 3127 inspirante
1129 3061 1272 3126 respon-

8 3125 66 3194 dit:
93 3136 163 3220 Epo
189 3129 327 3206 credidi,
345 3128 428 3218 puio
447 3136 484 3194 tu
508 3149 541 3195 es
559 3127 717 3223 cbristus.
733 3128 826 3215 filius
849 3128 912 3195 Dei
933 3129 1013 3206 evici,
1033 3129 1094 3217 qui
1120 3131 1155 3196 in
1184 3129 1272 3198 burro

8 3220 159 3287 mundum
175 3217 299 3285 venuti
311 3217 423 3304 (loun.
442 3219 492 3296 11).

44 3309 59 3391 ξ
84 3311 153 3380 u.
171 3304 258 3386 Quid
284 3317 398 3372 autem
421 3304 562 3381 mirum,
582 3303 609 3370 si
627 3301 792 3372 loannem
810 3303 853 3372 de
868 3303 1045 3374 divinitate
1060 3303 1268 3390 loquentem,

8 3389 93 3462 beato
117 3399 217 3464 Petro
242 3391 479 3482 praeferimus,
496 3413 576 3460 cunr
605 3390 689 3460 illud
715 3392 889 3493 Evangelii
909 3394 963 3461 sui
984 3391 1161 3483 singulare
1178 3393 1272 3481 prin·

9 3480 125 3570 cipiuru
155 3484 229 3572 ipsa
255 3482 357 3551 etiarn
384 3481 561 3550 Dominica
587 3479 689 3549 verba
711 3481 764 3568 (si
791 3481 861 3550 drci
885 3480 1010 3639 liceatp
1036 3482 1197 3550 excedere
1222 3482 1272 3550 vi-

9 3567 167 3641 deamus?
196 3575 262 3640 Nec
287 3569 417 3656 injuria
441 3569 485 3639 sit
508 3567 728 3658 Redemptori
758 3583 895 3650 nostro,
926 3572 956 3640 si
1005 3571 1115 3640 icatur
1139 3569 1270 3656 aliquid

11 3655 72 3744 ipse
86 3659 276 3732 sublimius
293 3658 495 3748 depromere
512 3679 572 3748 per
589 3657 815 3748 discipulum,
834 3681 938 3746 quam
957 3681 1017 3750 per
1032 3659 1269 3748 semetipsum,

10 3757 36 3811 et
56 3771 112 3835 per
132 3749 229 3819 illius
254 3747 409 3837 linguam
438 3746 617 3817 manileste
645 3747 816 3836 prolerre,
843 3747 934 3835 quod
961 3749 1270 3838 persemetipsum

12 3829 128 3921 liquido
154 3836 266 3907 noluit
289 3837 435 3926 aperire.
466 3841 549 3906 llam
574 3849 607 3905 et
631 3836 695 3906 boo
720 3837 818 3906 beato
843 3837 967 3906 loanni
994 3837 1161 3906 Dominus
1188 3857 1272 3906 oon-

12 3927 98 3995 ressit
120 3928 155 3995 in
174 3925 300 4006 verbis,
319 3924 412 4015 quod
436 3935 468 3994 et
492 3930 589 3994 Petro
608 3923 754 3994 contulit
780 3925 814 3994 in
842 3925 1033 4007 miraculis,
1052 3924 1210 3995 videlicet
1233 3936 1273 3993 ut

13 4013 106 4084 eliste
131 4015 253 4085 altiora
278 4013 455 4104 proferret,
477 4025 509 4083 et
533 4013 591 4083 ille
615 4013 805 4104 majoribus
831 4015 995 4084 virtutum
1023 4015 1192 4104 prodigiis
1216 4034 1271 4082 co-

15 4116 161 4194 ruscaret.
180 4109 218 4174 ln
240 4103 479 4193 Apostolorum
504 4103 596 4172 enim
614 4103 754 4174 Actibus
770 4105 979 4185 invenimus,
999 4105 1081 4192 quia
1096 4104 1130 4172 in
1150 4102 1272 4194 plateis

17 4187 179 4283 eliciebant
203 4193 387 4280 infirmos,
413 4205 446 4261 et
470 4192 644 4281 ponebant
671 4193 706 4260 iu
734 4192 880 4276 lectulis
907 4205 940 4264 et
963 4193 1127 4284 grabatis,
1154 4204 1192 4261 ut
1216 4214 1272 4261 ve-

18 4291 114 4374 niente
129 4287 237 4362 Petro,
254 4279 375 4350 saltem
396 4281 520 4350 umbra
538 4280 634 4352 illius
650 4281 873 4352 obumbraret
888 4305 1098 4371 quemquam
1116 4281 1268 4363 illorum,

16 4375 43 4428 et
66 4363 282 4440 liberarentur
307 4368 349 4438 ab
379 4370 642 4440 infirmitatibus
677 4371 762 4442 suis.
800 4372 895 4454 Quod
931 4372 1050 4461 utique
1086 4371 1270 4440 Dominum
