3046 4838
253 306 293 368 11
619 323 656 367 nn
680 323 708 367 s.
731 321 835 368 311313
860 323 908 368 nr.
937 321 1068 369 11311311.
1344 303 1421 368 DEC.
1447 305 1454 366 t

209 421 268 476 aut
284 406 444 476 cervolos‘
459 405 509 474 vel
524 406 699 496 Jocticos*
723 404 835 487 saciat,
860 428 969 494 neque
987 427 1124 476 mensas
1150 427 1208 495 per
1229 421 1357 474 noctem
1379 427 1460 474 cnm·

209 509 325 634 ponat,
353 517 463 582 neque
488 508 620 564 strenas
636 507 695 564 aut
713 495 901 584 potationes
919 495 1114 585 superfluas
1133 506 1297 564 exerceat.
1318 500 1384 564 llon
1400 515 1462 562 coa
1505 519 1506 578 1

209 608 295 667 um,
315 607 381 654 non
396 597 533 665 terram,
552 605 617 653 non
632 583 756 664 sidera,
776 605 837 652 neo
850 583 957 652 ullam
970 585 1111 652 omnino
1125 597 1329 664 creaturam,
1345 596 1463 672 praeter
1505 595 1506 654 1

209 679 328 754 Deum,
352 672 446 742 ullus
470 673 682 742 adorandam
708 671 844 742 credat:
870 674 950 760 quia
971 673 1085 742 omnia
1108 673 1181 761 ipse
1208 673 1302 742 solus
1325 671 1462 741 condidit
1505 655 1506 748 1

208 775 310 849 atque
325 762 508 850 disposuit.
536 760 645 830 Altum
672 762 811 848 quidem
833 775 882 831 est
897 761 1044 841 coelum,
1073 761 1195 852 ingens
1213 773 1312 842 terra,
1336 762 1463 828 immen—
1505 763 1506 834 f

208 873 284 920 sunt
307 872 411 930 mare,
430 850 551 940 pulcra
568 849 706 918 sidera:
734 851 791 920 sed
818 850 919 940 longe
944 851 1050 938 major
1063 863 1094 919 et
1116 850 1268 938 pulcrior
1284 851 1327 920 sit
1343 869 1463 917 necesse

208 953 270 1019 est,
295 940 354 1025 qui
383 940 465 1008 baec
488 939 625 1008 creavit.
654 939 688 1008 si
716 940 807 1007 eninr
836 941 931 1023 baec,
950 961 1038 1026 quae
1063 938 1231 1018 videntur,
1254 954 1319 1008 tarn
1347 939 1463 1007 incorn-

207 1028 455 1118 preirensibilia
472 1042 564 1107 sunt,
586 1041 680 1117 puta,
701 1028 784 1097 varii
813 1040 920 1098 terrae
940 1026 1091 1108 fructus,
1114 1028 1311 1117 pulcritudo
1337 1028 1459 1104 llorurn,

208 1118 342 1186 diversa
360 1139 539 1206 pomorum
557 1139 681 1206 genera
695 1131 726 1186 et
742 1117 971 1186 animantium
990 1119 1024 1186 in
1039 1129 1139 1197 terra,
1156 1117 1189 1184 in
1207 1120 1295 1199 aere,
1314 1117 1349 1184 in
1363 1114 1462 1202 aquis,
1505 1151 1506 1172 t

208 1229 313 1294 apum
334 1205 453 1276 sedula
474 1206 669 1295 prudentia,
691 1219 866 1275 ventorum
887 1205 1000 1286 ssatus,
1022 1206 1167 1274 nubium
1188 1227 1292 1286 rores,
1314 1206 1465 1274 tonitrun-

208 1317 286 1364 rum
312 1293 474 1383 fragores,
496 1308 686 1384 temporum
714 1295 822 1375 vices,
853 1294 987 1363 dierum
1009 1307 1110 1380 atque
1131 1295 1280 1362 noctium
1309 1294 1465 1362 vicissitu-

208 1383 307 1452 dines
331 1384 483 1470 variique
512 1405 692 1452 recursus:
720 1405 808 1470 quae
836 1383 952 1452 ornnia
978 1383 1176 1452 nullatenus
1206 1405 1302 1451 mans
1328 1383 1465 1480 humana

208 1473 498 1628 comprehendere
517 1485 646 1560 potest:
674 1472 702 1540 si
727 1494 808 1562 ergo
833 1472 916 1540 baec
938 1470 1017 1540 talia
1042 1487 1132 1552 sunt,
1153 1493 1241 1558 quae
1258 1470 1423 1549 videmus
1440 1483 1465 1536 et

208 1561 276 1630 hau
304 1583 476 1647 quaquam
499 1560 843 1650 comprehendimus:
871 1561 984 1647 qualia
1003 1561 1217 1629 aestimanda
1235 1574 1316 1630 sunt
1332 1559 1390 1628 illa
1404 1579 1466 1628 coe·

208 1649 321 1730 lestia,
352 1665 438 1736 quae
467 1670 533 1718 non
563 1650 742 1718 videmus?
769 1649 818 1718 vel
850 1650 963 1736 qualis
996 1650 1118 1719 borum
1151 1649 1307 1718 omnium
1342 1647 1464 1737 opiler.

208 1739 308 1826 cujus
335 1754 420 1808 nutu
444 1751 566 1807 cuncta
583 1751 696 1807 creata
711 1751 802 1816 sunt,
824 1737 926 1826 cujus
941 1752 973 1808 et
990 1738 1131 1808 arbitrio
1148 1738 1263 1806 omnia
1281 1737 1467 1827 gubernan-

209 1830 291 1896 tur?
312 1827 412 1896 illum
432 1849 523 1916 ergo,
544 1825 676 1900 fratrea.
696 1849 800 1916 super
819 1829 935 1896 ornnia
953 1828 1076 1908 timete,
1097 1826 1194 1896 illum
1214 1827 1364 1908 adorate,
1381 1825 1466 1893 illurn

209 1937 289 2006 prae
306 1916 468 1986 omnibus
492 1929 615 1996 amate,
643 1916 738 1985 illius
767 1915 1021 1986 misericordiae
1038 1916 1223 2001 inhaerete,
1254 1915 1296 1984 de
1314 1917 1390 2004 ejus
1412 1912 1468 1982 cle-

210 2006 337 2074 mentia
358 2027 535 2092 nunquam
560 2005 748 2094 desperate.
1505 2085 1506 2096 1

252 2095 270 2179 3'
293 2097 359 2166 12.
379 2099 500 2176 «Quos
518 2095 625 2163 bonos
645 2093 777 2175 videtis,
798 2092 874 2162 illos
896 2093 1080 2162 imitamini
1096 2117 1102 2172 ;
1119 2115 1205 2180 quos
1224 2093 1332 2162 malos
1346 2091 1469 2180 conspi-
1505 2101 1506 2182 1

208 2183 296 2262 eins,
314 2184 476 2272 castigate
488 2195 521 2250 et
537 2182 708 2271 corripite,
729 2195 766 2251 ut
782 2181 956 2271 duplicem
977 2182 1165 2250 mercedem
1185 2183 1310 2250 babere
1327 2183 1466 2271 possitis.
1505 2183 1506 2266 1

209 2271 272 2352 Qui
300 2271 467 2340 hactenus
488 2271 654 2340 immunis
671 2295 690 2340 a
708 2271 915 2359 supradictis
945 2269 1044 2339 malis
1065 2271 1138 2350 luit,
1158 2270 1329 2358 gaudeat,
1358 2284 1390 2339 et
1413 2274 1467 2337 [leo
1505 2269 1506 2328 1

209 2360 339 2448 gratias
363 2375 452 2450 agat,
481 2372 513 2429 et
540 2360 702 2450 deinceps
719 2381 855 2446 quoque
875 2359 917 2428 ab
938 2358 1007 2427 illis
1035 2360 1101 2430 sibi
1125 2372 1251 2440 caveat,
1279 2360 1470 2444 studentque

209 2469 425 2537 perseverare
449 2449 483 2517 in
504 2448 666 2536 operibus
692 2449 802 2518 bonis.
829 2449 894 2530 oui
916 2469 992 2516 vero
1010 2471 1119 2534 usque
1139 2449 1173 2516 in
1202 2469 1366 2536 praesens
1392 2445 1469 2514 male
1505 2479 1506 2540 1

209 2537 301 2617 vixit,
329 2538 396 2606 cito
420 2559 456 2606 se
480 2538 638 2626 corrigat,
658 2551 690 2606 et
705 2551 773 2606 toto
798 2537 899 2606 corde
917 2549 994 2626 agat
1020 2537 1275 2626 poenitentiam,
1294 2552 1468 2622 antequam

208 2624 251 2694 de
275 2625 339 2692 bac
355 2625 431 2694 luce
446 2625 605 2706 decedat;
633 2627 660 2694 si
677 2627 768 2694 enim
795 2626 869 2696 sine
891 2627 1098 2714 poenitentia
1114 2625 1247 2704 obierit,
1273 2647 1339 2695 non
1359 2625 1419 2694 ibit
1433 2621 1468 2690 ad

209 2716 375 2798 requiem,
402 2714 460 2782 sed
484 2715 765 2802 praecipitabitur
790 2714 824 2783 in
850 2715 1041 2805 gebennam
1068 2716 1170 2804 ignis,
1193 2714 1285 2784 unde
1302 2733 1469 2800 nunqnam

209 2803 300 2870 exire
321 2803 453 2891 poterit,
477 2801 534 2870 sed
554 2803 687 2871 ardebit
703 2802 760 2871 ille
787 2804 821 2871 in
848 2802 961 2872 secula
988 2803 1196 2873 seculorum.
1224 2807 1352 2872 Omnes
1376 2804 1472 2892 igitur

209 2913 279 2967 vos,
297 2891 424 2976 quibus
440 2890 571 2977 loquor,
582 2891 643 2959 viri
655 2903 687 2960 et
696 2891 876 2972 foeminae,
894 2891 1054 2981 corrigite
1068 2891 1170 2960 vitam
1190 2907 1354 2972 vestram;
1374 2911 1470 2960 unus·

208 2980 365 3065 quisque,
386 2978 467 3047 dum
491 2993 609 3069 potest,
637 2980 716 3048 vitia
734 3002 796 3048 sua
818 2982 996 3071 proiliget:
1026 2981 1112 3049 mala
1131 3003 1219 3067 quae
1242 2980 1332 3056 lecit,
1362 2979 1470 3069 poeni-

210 3068 312 3136 tentia
328 3067 449 3155 expiet.
468 3073 571 3138 Nemo
587 3091 622 3137 se
638 3069 795 3148 inebriet,
816 3091 916 3138 nomo
933 3071 965 3137 in
984 3070 1149 3138 conviviis
1167 3082 1265 3158 cogat
1277 3069 1386 3139 ulium
1403 3067 1472 3158 plus

209 3157 335 3237 bibere,
365 3179 468 3243 quam
496 3179 560 3314 par
583 3159 646 3227 sit:
674 3158 814 3244 quando
842 3158 980 3244 quidem
1008 3158 1087 3227 vino
1112 3157 1219 3227 multo
1243 3157 1376 3227 deditos
1397 3163 1472 3245 lpo-

208 3245 318 3314 stolus
334 3246 492 3315 acritero
516 3247 645 3336 jurget,
672 3246 733 3316 ubi
753 3247 823 3316 ait:
849 3253 896 3316 1113
920 3270 961 3314 ne
982 3249 1103 3316 ebriosi
1127 3271 1268 3337 reprcunt
1296 3246 1473 3336 1131113331-

208 3336 329 3404 debunt
342 3339 394 3421 (1.
414 3335 459 3404 od
475 3339 546 3406 Cor.
567 3335 623 3424 vr).
638 3341 741 3406 Nemo
757 3336 806 3404 vel
823 3336 856 3404 in
875 3271 946 3404 11113
965 3357 999 3403 re
1017 3337 1160 3404 minima
1174 3334 1303 3404 diaboli
1318 3347 1475 3422 sequatur

207 3424 487 3494 adinventiones:
516 3425 633 3494 nullus
658 3424 728 3494 sive
752 3424 892 3496 exiens,
920 3425 990 3493 sive
1013 3423 1192 3514 egrediens
1221 3425 1390 3503 dornurn,
1417 3423 1472 3491 ob·

208 3526 316 3582 servet
335 3513 416 3600 quid
446 3512 511 3582 sibi
538 3527 717 3594 occurrat,
745 3513 795 3582 rel
826 3537 909 3583 num
935 3535 1003 3600 qua
1027 3536 1089 3582 vox
1115 3514 1287 3601 reciproca
1308 3535 1368 3582 seu
1397 3511 1474 3580 33113

208 3602 380 3683 audiatur,
403 3615 461 3671 aut
476 3602 560 3689 quid
578 3623 657 3671 aves
673 3601 839 3690 garriant,
862 3602 912 3670 vel
928 3601 1010 3688 quid
1031 3603 1074 3671 sit
1088 3602 1179 3688 quod
1199 3613 1309 3690 portat
1324 3601 1353 3670 ei
1371 3599 1474 3669 factus
1505 3653 1506 3686 ,

207 3689 354 3759 obviam.
376 3691 441 3772 Qui
456 3691 547 3760 enirn
569 3691 652 3760 haec
670 3691 837 3773 observat,
861 3691 982 3792 partim
1009 3691 1122 3759 adbuc
1149 3712 1321 3780 paganum
1347 3711 1384 3758 se
1407 3707 1475 3757 essa
1505 3691 1506 3776 1

208 3776 369 3847 declarat.
396 3778 460 3861 Qui
486 3801 563 3848 vero
588 3780 672 3848 baec
696 3793 895 3859 contemnit,
923 3779 1125 3868 Prophetam
1152 3779 1218 3848 sibi
1239 3778 1389 3848 clamare
1405 3797 1475 3866 gra·
1505 3779 1506 3834 1

207 3865 355 3935 tuletur:
382 3871 506 3937 Beatus
528 3871 593 3948 vir,
613 3871 711 3958 cnjus
734 3879 920 3938 3313331311
943 3871 1078 3936 11313131
1089 3889 1162 3958 spes
1183 3870 1267 3949 e'us,
1294 3878 1325 3936 31
1348 3889 1412 3936 non
1427 3885 1476 3932 re·
1505 3867 1506 3936 1

207 3956 318 4046 speruit
343 3958 377 4023 in
394 3959 560 4025 tronitotes
584 3967 615 4025 ct
637 3959 788 4026 insanias
815 3961 924 4048 salsas
939 3957 1008 4046 (Ps.
1032 3957 1100 4044 39).
1128 3891 1224 4025 Unde
1246 3969 1279 4025 et
1302 3952 1476 4044 Apostolus
1505 3969 1506 4008 1

207 4056 345 4113 monet:
372 4048 473 4114 Omne
517 4046 724 4136 uodcumquc
747 4049 873 4134 facitis,
907 4047 942 4114 in
971 4047 1474 4138 3331133ὓ3131313331νί1333
1505 4049 1506 4054 ’

209 4133 335 4202 Christi
358 4135 461 4222 [33113
489 4069 640 4222 1031333.
673 4132 749 4223 ru).
778 4139 921 4204 Prorsus
952 4133 1183 4209 recedendum
1217 4147 1268 4206 est
1300 4157 1318 4202 a
1349 4143 1477 4201 cuncus

235 4329 247 4354 1
265 4328 357 4372 resurae,
373 4329 452 4366 3333311
465 4330 489 4367 31
501 4329 582 4377 jaceret,
592 4326 643 4368 ludi
653 4331 722 4369 erunt
733 4329 794 4379 apud
805 4329 924 4374 1111131333,
935 4329 981 4377 qul,
992 4327 1099 4369 kalendis
1107 4330 1219 4378 1311113111,
1229 4327 1316 4370 1313311
1327 4326 1349 4368 111
1360 4325 1479 4375 pecudum.

207 4391 336 4424 cervorum,
352 4382 390 4418 vet
405 4379 562 4420 foeminarum
577 4383 712 4422 vetularum
722 4392 817 4428 morem,
829 4383 874 4422 hue
886 4387 909 4421 et
920 4383 976 4422 tttuc
987 4384 1120 4422 discursare
1130 4385 1154 4422 31
1164 4385 1309 4432 petulantius
1321 4386 1479 4430 3333131331·

207 4435 294 4474 lebant.
305 4435 351 4473 Hos
363 4435 431 4473 ludus
444 4435 550 4474 Ecclesia
560 4435 679 4475 catholica
689 4432 798 4476 omnibus
808 4436 858 4476 3313
869 4433 960 4477 viribus
972 4433 1064 4477 31131113
1075 4439 1210 4478 3311313331.
