2954 4816
39 265 103 330 nat.
127 269 165 332 20
361 285 400 330 oa
423 285 451 331 s.
479 282 671 332 rnraooorvro
695 284 744 330 rr.
771 283 920 332 snrrocu.
1169 269 1233 333 367

36 380 243 458 perpetrasset,
273 368 358 458 quid
385 368 467 438 huia
490 368 643 458 amplius
670 378 801 460 poterat
823 367 971 459 adjungi
992 369 1188 441 miraculo?
1213 369 1275 440 Sed

37 457 152 528 mortale
182 479 308 549 eorpus
341 456 541 547 assumpsit.
580 461 658 526 Erat
686 456 826 544 quidem
857 469 889 526 et
921 457 985 526 hoc
1016 457 1274 530 admirandum.

34 551 179 617 taeterum
196 545 287 634 quod
316 551 401 617 Deus
424 567 534 636 quum
559 557 659 627 esset,
681 545 825 616 voluerit
845 545 948 616 homo
966 545 1052 628 lieri,
1073 559 1277 636 tantumque

33 657 89 704 sese
110 635 279 705 demittere
304 633 519 716 sustinuerit,
539 648 708 722 quantum
730 655 773 704 ne
789 634 994 726 cogitatione
1018 636 1157 726 quidem
1183 659 1277 707 com-

32 723 111 811 pleoti
138 745 253 812 queas,
273 723 337 794 boe
365 737 416 792 est
439 723 596 793 omnium
624 723 772 792 maxime
798 723 1036 805 reverendum,
1056 727 1276 815 stuporisque

32 811 159 899 plenum.
178 812 273 896 Quod
298 812 439 900 quidem
465 824 497 882 et
521 811 649 882 Paulus
674 812 852 882 admirans
872 813 1025 882 dicebat:
1045 816 1124 884 Sine
1147 826 1277 884 contro-

31 905 119 972 remia
140 924 298 994 mappam
320 903 459 992 pietatis
485 904 685 992 mysterium
705 902 754 992 (l.
776 905 856 970 Tim.
875 901 938 992 111).
966 901 1062 984 Quod
1089 908 1279 994 magnum?

30 993 98 1059 bens
122 991 313 1062 declaratus
347 990 382 1059 in
407 1011 523 1059 carne.
555 994 598 1060 le
624 1011 763 1060 rursum
789 989 897 1060 alibi:
924 995 995 1060 ll'on
1019 993 1108 1060 enim
1130 996 1275 1084 Ampelos
1361 1020 1364 1028 ·

29 1081 223 1168 apprehendit
246 1085 355 1149 Deras:
389 1101 500 1148 sermea
523 1080 679 1148 Abrabae
707 1079 938 1169 apprehendit.
969 1081 1058 1150 Unde
1083 1081 1195 1150 debuit
1216 1104 1278 1172 per

29 1171 118 1238 orento
138 1169 301 1260 tratribus
320 1169 509 1246 aerim-itari
528 1167 595 1257 (Ad
615 1169 713 1238 Hebr.
744 1167 794 1255 rr).
813 1172 952 1258 Propter
967 1168 1032 1238 hoe
1058 1170 1274 1258 potissimum

30 1256 191 1344 amplector
206 1257 385 1348 diligoque
408 1256 500 1326 diem
526 1255 631 1337 hune,
651 1268 683 1325 et
699 1276 851 1326 amorem
877 1257 952 1357 ejus
973 1259 1006 1324 in
1027 1258 1178 1328 medium
1200 1281 1276 1349 pro-

30 1365 110 1430 pono,
127 1359 162 1416 ut
182 1370 240 1417 vos
266 1346 373 1435 hujus
390 1345 548 1414 amatorii
574 1345 752 1436 pharmaci
778 1345 961 1435 participes
986 1346 1140 1416 reddam.
1161 1353 1275 1438 quue

29 1453 93 1524 rogo
117 1457 170 1504 vos
192 1457 314 1506 omnes
338 1435 560 1522 obsecroque,
583 1447 621 1503 ut
643 1455 782 1504 summo
813 1433 926 1503 studio
955 1455 1163 1523 summaque
1195 1457 1274 1506 curn

27 1520 176 1594 alacritate
200 1524 313 1594 velitis
336 1523 475 1594 adesset
502 1522 561 1593 setl
583 1523 681 1613 prius
702 1543 799 1592 suam
825 1522 973 1610 quisque
990 1522 1132 1594 domurn
1156 1547 1276 1614 repur-

26 1625 123 1698 getut
144 1613 323 1682 videamus
338 1612 524 1684 Dominum
550 1624 707 1682 nostrum
726 1611 760 1679 in
786 1611 887 1681 aunis
898 1612 1082 1701 jacentem,
1101 1633 1140 1682 ae
1160 1613 1276 1684 iasoiis

28 1699 206 1782 involutum,
227 1700 439 1771 horrendum
462 1722 501 1770 aa
522 1699 733 1791 stupendum
759 1699 1007 1790 spectaculum.

60 1791 134 1876 lt).
154 1791 240 1873 Quid
267 1791 360 1859 enim
385 1790 641 1871 excusabimus,
662 1801 721 1859 aut
744 1809 849 1875 quam
867 1790 1001 1858 veniam
1026 1789 1273 1871 obtinebimus,

29 1875 170 1965 siquam
196 1882 270 1968 ipse
297 1890 412 1960 nostra
442 1900 548 1948 eausa
571 1876 786 1948 descenderit
810 1900 829 1948 e
859 1879 986 1960 coelis,
1015 1900 1076 1948 nos
1107 1877 1149 1947 ad
1176 1878 1273 1947 illurn
1300 1917 1304 1928 ·

29 1965 65 2032 vel
90 1989 125 2037 ex
150 1967 295 2038 aedibus
321 1967 370 2038 ire
394 1971 602 2056 gravemur?
625 1987 734 2054 quum
764 1965 978 2058 alienigenae
1003 1965 1209 2054 barbarique
1237 1989 1276 2036 ex

30 2055 139 2126 Perside
157 2069 355 2138 accurrant,
376 2068 414 2126 ut
435 2055 535 2125 illurn
561 2055 698 2125 videant
719 2055 752 2122 in
772 2057 928 2155 praesepi
939 2055 1123 2144 jacentem,
1144 2069 1181 2126 tu
1198 2077 1276 2126 vero

29 2161 59 2208 ne
78 2144 166 2214 breve
184 2146 328 2233 quidem
354 2145 504 2235 spatium
531 2145 664 2214 emetiri
693 2155 855 2224 sustines,
874 2156 912 2214 ut
938 2145 1000 2214 lroe
1025 2143 1115 2213 leliei
1144 2158 1275 2234 specta-

28 2229 88 2300 eulo
113 2233 327 2324 pertruaris?
356 2239 439 2304 Narn
466 2233 495 2302 si
526 2253 605 2302 curn
632 2233 699 2302 lide
723 2233 989 2314 accesserimus,
1021 2233 1140 2323 procul
1167 2233 1274 2304 dubio

29 2319 195 2392 ridebimus
228 2323 397 2409 illumin
432 2322 588 2412 praesepi
619 2320 805 2411 jacentem.
833 2319 1009 2409 Siquidem
1043 2322 1125 2392 haee
1158 2341 1276 2392 mensa

30 2406 112 2477 vicem
130 2433 166 2480 er
194 2411 239 2481 let
263 2409 452 2500 praesepis.
471 2415 554 2480 Nam
580 2424 613 2480 et
637 2409 692 2479 bie
719 2411 857 2500 ponitur
878 2431 1007 2500 eorpus
1037 2411 1273 2480 Dominioum:

30 2515 80 2564 non
101 2501 154 2585 qui
179 2521 232 2570 ern
250 2499 370 2569 fasciis
394 2498 600 2580 involutum,
619 2499 722 2568 sicuti
746 2510 840 2577 tune,
868 2499 925 2568 sed
951 2498 1177 2586 undiquaque
1202 2499 1275 2588 Spi-

30 2583 80 2654 ritu
101 2592 214 2658 Saneto
237 2588 480 2659 convestitam.
512 2589 577 2670 Qui
605 2587 776 2678 mysteriis
800 2587 924 2658 initiati
951 2600 1048 2667 sunt,
1079 2585 1276 2676 intelligunt

28 2691 96 2755 quae
116 2676 289 2748 dicuntur.
306 2681 350 2746 lc
376 2677 463 2767 Magi
480 2676 620 2763 quidem
640 2676 726 2745 nibil
746 2674 853 2758 aliud,
872 2697 975 2764 quam
995 2675 1194 2746 adorarunt:
1213 2675 1274 2744 tibi

28 2779 97 2842 vero,
115 2765 142 2834 si
164 2787 241 2835 eum
271 2787 358 2856 pura
383 2766 568 2835 accesseris
592 2764 813 2846 conscientia,
832 2765 1072 2854 permittemus
1087 2777 1125 2835 ut
1142 2787 1272 2846 sumas,

28 2861 50 2915 et
66 2867 201 2945 sumpto,
228 2853 374 2925 domurn
400 2855 513 2924 abeas.
533 2853 661 2924 loeede
686 2853 791 2942 igitur
816 2865 853 2922 tu
872 2874 1010 2941 quoque
1028 2875 1172 2924 munera
1192 2853 1275 2924 offe-

28 2957 98 3020 rens,
117 2965 179 3012 non
203 2943 324 3033 qualia
349 2942 547 3013 deserebant
571 2942 634 3023 illi,
663 2943 721 3012 sed
750 2940 858 3011 multo
884 2942 1108 3033 religiosiora.
1136 2941 1275 3013 Obtule-

28 3042 90 3120 ¹nnn
113 3031 161 3101 illi
184 3053 324 3114 aurum,
353 3033 437 3101 oller
461 3045 497 3101 tu
523 3031 783 3121 temperantiam
810 3053 849 3100 ao
874 3032 1047 3101 virtutem.
1071 3030 1299 3102 Obtulerunt‘

28 3111 65 3182 lli
80 3118 161 3200 tlrus,
182 3121 265 3192 oller
292 3133 328 3189 tu
347 3142 451 3209 puras
465 3141 596 3214 preces,
619 3141 707 3206 quae
727 3132 808 3190 sunt
824 3119 1045 3190 odoramenta
1067 3121 1272 3208 spiritualia.

28 3203 205 3280 obtulerunt
227 3211 280 3279 illi
303 3209 491 3299 myrrham,
511 3209 596 3279 offer
624 3222 661 3278 tu
686 3207 900 3288 modestiam,
923 3221 955 3277 et
978 3229 1037 3278 cor
1061 3208 1274 3278 submissum

28 3309 88 3361 tum
105 3299 329 3388 eleemosyna.
350 3298 443 3380 Quod
462 3299 490 3366 si
508 3298 603 3368 lrisoe
627 3318 707 3367 oum
731 3297 933 3367 muneribus
950 3297 1148 3374 accesseris,
1165 3297 1274 3367 multa

28 3397 89 3450 tum
109 3386 232 3458 liduoia
257 3387 431 3478 particeps
448 3386 515 3455 eris
541 3386 646 3475 hujus
672 3406 789 3456 sacrae
807 3407 958 3455 mensae.
977 3391 1062 3456 Nem
1091 3385 1174 3454 baec
1201 3386 1275 3454 ideo

30 3485 100 3540 nunc
123 3475 249 3563 loquor,
269 3474 363 3564 quod
392 3475 499 3545 sciam
529 3486 622 3544 certo
646 3473 815 3554 laturum,
838 3474 930 3562 quod
955 3475 989 3544 in
1019 3473 1080 3543 illa
1103 3474 1160 3543 die
1182 3494 1276 3543 oom-
1369 3539 1372 3548 .

30 3553 121 3654 plures
148 3565 324 3646 accedant,
348 3564 551 3650 irruuntque
581 3564 623 3632 ad
649 3563 824 3633 victimam
861 3561 950 3632 banc
980 3561 1208 3666 spiritualem.
1236 3561 1275 3632 Id

30 3657 112 3729 rgrtnr
137 3673 175 3722 ne
197 3653 371 3723 faciamus
395 3652 437 3722 ad
462 3653 709 3722 detrimentum
734 3661 766 3721 et
790 3651 1113 3722 condemnationem
1139 3651 1277 3720 animae

31 3747 148 3820 nostrae,
174 3743 232 3812 sed
257 3741 478 3812 adsalutem:
492 3742 565 3831 jam
585 3761 679 3811 nunc
697 3740 848 3810 obtestor
863 3739 1085 3829 obsecroque,
1109 3752 1146 3808 ut
1165 3739 1277 3809 omni·

30 3814 203 3976 bgs·m⁰di⁵
235 3832 430 3922 repurgatis
454 3831 581 3901 animis
614 3829 756 3910 vestris,
789 3830 835 3898 ita
867 3828 1008 3899 demum
1037 3829 1168 3899 adeatis
1201 3849 1276 3917 my·

33 3925 119 3982 sna.
610 3935 615 3954 ¹

45 3999 76 4092 ,l
95 4009 163 4078 1⁰.
180 4011 297 4096 Neque
318 4006 401 4076 mibi
420 4006 602 4095 quisquam
628 4005 764 4075 dixerit:
781 4027 799 4071 a
818 4009 952 4087 Vereor,
973 4006 1081 4076 liabeo
1097 4007 1276 4076 conscien-

36 4091 91 4187 lltm
115 4097 260 4191 peccatis
297 4095 494 4186 oppletam,
528 4094 700 4166 sarcinam
737 4092 943 4192 circumfero
968 4095 1222 4186 gravissimam.
1257 4119 1274 4164 v

38 4173 135 4268 bulliat
155 4185 246 4254 enirn
265 4185 390 4254 horum
407 4185 562 4273 quinque
586 4183 721 4253 dierum
751 4197 911 4274 tempus:
939 4183 969 4252 si
993 4184 1130 4255 sobrius
1154 4183 1272 4266 lueris,

39 4275 58 4323 St
72 4279 211 4366 attentus,
234 4273 266 4343 sl
289 4273 495 4364 vigilaveris,
516 4273 774 4343 multitudinem
803 4283 1019 4362 peecatorum
1047 4274 1168 4343 reddes
1196 4295 1275 4344 eon·

39 4352 204 4430 trarnorem.
240 4367 307 4434 Neo
334 4361 419 4432 illud
449 4360 644 4455 perpende,
680 4361 772 4448 quod
813 4362 913 4431 breve
940 4375 1075 4454 tempus
1105 4375 1176 4434 est:
1216 4361 1275 4433 sed
