2994 4832
73 311 175 376 ltili
389 329 428 376 ns
452 329 478 375 s.
505 327 631 376 annona
655 327 803 378 laoniae.
830 327 940 375 conon.
1218 311 1259 376 93

71 424 189 480 nouem
206 412 481 502 Sigebergensem
506 411 596 482 douo
620 411 841 482 contradidit.
866 416 962 482 Tunc
987 409 1049 480 diu
1071 411 1302 482 desideratum

69 520 184 570 cernam
204 500 265 570 sibi
284 501 424 590 praesul
444 513 556 590 patere
579 502 768 591 negotium,
788 500 954 591 portentis
973 499 1196 588 quibusdam,
1216 522 1305 588 quae

68 589 99 657 de
116 601 214 658 monte
238 611 357 659 rumor
379 589 563 672 invexerat,
593 591 693 677 quasi
715 589 790 677 jam
816 611 972 670 currens,
999 601 1138 678 accepto
1162 590 1303 659 stimulo

68 676 239 746 reddebatur
261 679 445 748 incitatior.
472 683 497 748 E
520 679 648 767 quibus
668 679 744 760 hoc,
765 677 883 748 multis
906 677 1211 767 adstipulantibus,
1236 699 1305 748 non

69 767 304 855 impmbabiliter
326 767 493 838 fertur...
512 767 599 850 Ouid
626 767 760 836 multat
786 771 828 835 lle
853 766 956 836 coelis
973 765 1100 836 auxilio
1125 768 1302 868 praestito,

67 857 283 926 consummatio
303 856 460 946 templi*
485 867 680 946 prosperata
705 867 778 925 est:
805 855 896 942 quod
922 877 1013 924 anno
1039 857 1235 926 Dominicae
1251 856 1306 925 in·

65 944 243 1014 carnationis
255 945 441 1015 millesimo
456 945 666 1036 sexagesimo
683 957 787 1024 sexto,
804 941 938 1014 decimo
951 943 1120 1015 Kalendas
1137 946 1303 1026 Octobris

66 1032 171 1100 nomini
196 1035 301 1103 sancti
325 1033 504 1104 Michaelis
521 1032 723 1123 Archangeli
748 1031 940 1123 specialiter
964 1033 1159 1123 assignans,
1185 1036 1221 1103 in
1246 1034 1307 1104 ho-

66 1141 130 1189 nore
144 1121 293 1220 ‘omnium
316 1122 519 1194 coelestium
541 1123 712 1192 Virtutum
733 1124 799 1192 sub
826 1122 1016 1212 patrocinio
1040 1121 1181 1212 gloriosi
1205 1122 1305 1194 ducis

66 1210 185 1279 leontii
214 1212 458 1299 sociorumque
488 1211 562 1299 ejus
591 1210 813 1280 consecravit.
841 1214 993 1298 Cumque
1023 1223 1161 1282 sanctae
1190 1211 1307 1282 Crucis

67 1319 140 1366 amn
161 1299 395 1381 sanctificaret,
412 1312 447 1371 et
461 1301 496 1370 in
516 1321 590 1370 eam
607 1299 772 1386 reliquias
797 1299 998 1388 imponeret,
1025 1300 1084 1368 lux
1108 1301 1210 1392 igneo
1232 1321 1308 1371 coe-

67 1385 131 1454 litus
144 1387 268 1458 radiaas
287 1388 436 1480 fulgore,
457 1391 584 1490 pariter
599 1389 740 1458 introire
757 1388 828 1458 visa
852 1401 913 1458 est.

98 1477 191 1562 tta.
215 1481 295 1547 Cum
321 1491 440 1548 autem
460 1499 494 1546 m
513 1477 676 1548 omnibus
691 1477 864 1547 Teutonici
880 1497 916 1546 re
943 1478 978 1545 ni
1002 1477 1220 1548 monasteriis
1236 1499 1308 1546 cer·

65 1575 142 1631 neret
160 1567 331 1654 antiquum
359 1566 458 1636 illum
484 1565 653 1657 regularis
682 1565 888 1655 disciplinae
917 1499 1082 1635 levorem
1116 1566 1306 1636 admodum
1372 1631 1374 1636 ,

68 1649 215 1732 refrixisse,
238 1666 270 1724 et
286 1655 481 1726 monachos
497 1678 515 1725 a
532 1656 597 1724 vita
615 1655 794 1726 communi
808 1653 852 1724 ad
874 1675 946 1724 rem
964 1653 1168 1724 familiarem
1187 1677 1307 1725 curam

67 1760 177 1836 omnem
196 1744 421 1831 studiumque
443 1745 669 1824 convertisse,
697 1745 793 1834 gravi
819 1742 929 1813 taedio
954 1743 1145 1834 angebatur
1168 1744 1309 1814 animus

69 1847 145 1916 rJuS,
165 1832 243 1918 quod
270 1834 477 1924 ingentibus
509 1833 667 1922 expensis
698 1830 785 1900 nibil
816 1837 882 1901 Deo
911 1831 1057 1920 dignum
1088 1831 1310 1903 confecturus

71 1929 222 2000 putaretur.
246 1926 386 1993 Interea
402 1921 556 2011 contigit,
575 1933 614 1991 ut
631 1941 692 2010 pro
710 1941 816 1990 causa
832 1919 1055 2010 Reipublicae
1070 1927 1214 1993 Romam
1232 1943 1310 2012 pro·

75 2003 262 2101 ticiscentem
289 2031 445 2098 eumque
470 2008 656 2080 nonnullas
672 2009 790 2079 ltaliae
814 2009 970 2110 regiones
990 2023 1198 2099 peragraret,
1215 2011 1310 2099 prin·

78 2113 150 2191 cipes
165 2098 222 2185 ejus
244 2099 360 2257 regni,
388 2121 431 2170 ne
447 2121 467 2168 a
485 2103 575 2188 Rege
593 2098 790 2179 delicerent,
817 2120 890 2168 suis
911 2098 1207 2168 exhortationibus
1227 2119 1310 2168 con-

80 2181 231 2268 tortatums,
257 2211 276 2258 a
334 2187 581 2257 monasterium
606 2185 795 2274 quoddam,
828 2186 884 2255 cui
910 2187 1112 2256 Fructuaria
1128 2186 1162 2220 *⁴*
1183 2209 1308 2257 nomen

78 2279 127 2347 cst,
140 2277 219 2344 causa
232 2277 404 2347 orationis
424 2276 571 2345 divertit.
601 2277 652 2346 lbi
673 2274 865 2346 admiratus
891 2275 1140 2345 monachorum
1160 2275 1311 2344 arctissi-

80 2377 161 2442 mam,
180 2377 205 2432 et
219 2365 416 2436 secundum
438 2364 588 2456 Regulae
612 2365 768 2433 instituta
792 2364 1099 2444 conversationem,
1126 2362 1310 2434 duodecim

76 2466 109 2514 er
126 2449 202 2520 eisin
217 2476 323 2546 opere
348 2454 405 2522 nei
433 2453 693 2542 probatissimos
717 2473 833 2522 secum
860 2452 996 2522 rediens
1016 2452 1170 2532 abduxit,
1198 2465 1230 2522 et
1253 2473 1312 2524 eos

74 2535 109 2602 ad
122 2539 302 2614 tradendum
328 2542 448 2612 Galliis
470 2541 625 2632 ejusdem
652 2540 856 2632 disciplinae
873 2540 1071 2621 formulam,
1095 2541 1130 2609 in
1149 2541 1312 2632 Sigeberg

69 2629 225 2720 constituit,
239 2631 421 2722 prioribus
441 2630 633 2712 monachis,
654 2651 740 2717 quos
756 2628 898 2699 aliunde
917 2631 1095 2706 asciverat,
1123 2629 1312 2700 honorilice

67 2733 93 2778 m
104 2713 200 2812 locum
210 2742 315 2790 suurn
329 2720 497 2791 remissis.
508 2718 603 2802 Quod
619 2718 695 2806 ejus
704 2719 832 2788 sactum
848 2717 970 2788 imitati
985 2718 1109 2788 caeteri
1121 2718 1311 2788 Galliarum

64 2803 209 2956 Episcopi,
231 2809 295 2878 alii
310 2830 350 2878 ex
371 2810 502 2890 Gorzia,
519 2808 578 2877 alii
599 2829 638 2878 er
656 2806 829 2888 cluniaco,
849 2806 908 2876 alii
930 2821 969 2876 ex
990 2807 1164 2966 Sigebarpl,
1187 2808 1247 2878 alii
1272 2829 1313 2877 ex

63 2909 127 2959 ans
149 2897 361 2967 monasteriis
386 2897 574 2966 monachos
598 2909 789 2978 evocantes,
813 2895 922 2964 divini
947 2897 1075 2968 servitii
1095 2918 1132 2966 sc
1158 2897 1249 2966 olam
1275 2898 1311 2965 in

64 2980 123 3078 suis
137 2984 257 3086 singuli
283 2987 502 3056 monasteriis
526 2986 769 3068 instituerunt;
796 2983 949 3072 adeoque
965 2985 1058 3054 brevi
1076 2986 1251 3056 convaluit
1268 2985 1285 3054 l
1300 3025 1314 3036 -

14 3077 15 3090 ³
62 3065 125 3137 licis
145 3069 242 3160 hujus
262 3074 343 3144 facti
368 3073 565 3156 aemulatio,
591 3086 630 3144 ut
647 3095 760 3232 pauca
785 3073 875 3143 intra
895 3073 1005 3142 Gallia
1034 3076 1239 3145 monasteria
1264 3075 1314 3143 vi-

61 3153 197 3242 deamus,
219 3185 309 3250 quae
333 3183 401 3232 non
423 3163 498 3251 jam
521 3184 627 3234 novae
672 3163 756 3251 ujus
776 3161 1004 3232 institutionis
1024 3162 1151 3252 jugum
1172 3165 1315 3232 subacta

60 3250 238 3337 receperint.
265 3256 344 3342 lpse
372 3273 451 3321 vero
480 3251 667 3321 monachos
688 3273 781 3332 suos,
805 3251 904 3338 juxta
931 3250 1023 3337 quod
1051 3251 1086 3319 in
1112 3253 1315 3322 Fructuaria

60 3352 275 3429 commorat,
302 3360 446 3410 cernens
471 3340 675 3412 arctissimis
703 3341 814 3410 vivere
838 3339 1045 3429 disciplinis,
1074 3351 1106 3408 et
1132 3359 1314 3408 conversa-

62 3425 151 3493 tionis
171 3448 286 3498 eorum
303 3428 467 3519 opinione
492 3428 592 3520 longe
616 3429 751 3517 lateque
776 3427 938 3520 vulgata,
972 3427 1099 3497 multos
1123 3427 1166 3497 ad
1193 3427 1316 3498 mundi

14 3567 15 3584 .
60 3525 274 3607 contemptum
301 3517 525 3600 inflammari,
552 3531 726 3590 eteorum
747 3517 945 3608 magisterio
962 3537 998 3588 se
1021 3518 1057 3586 in
1081 3515 1136 3585 via
1157 3516 1214 3585 [toi
1239 3537 1315 3586 eru·
1360 3554 1364 3563 ι

14 3587 16 3682 l
62 3596 189 3696 diendos
205 3606 346 3684 tradere,
375 3628 520 3696 magnas
545 3611 610 3678 lieo
630 3606 758 3698 gratias
779 3606 956 3686 referebat,
982 3604 1074 3692 quod
1101 3625 1169 3674 non
1193 3604 1315 3675 conlu-

14 3685 16 3770 ξ
61 3685 153 3785 disset
174 3713 250 3764 cum
274 3695 319 3764 ab
338 3696 590 3787 exspectatione
607 3717 681 3766 sua.
702 3699 845 3766 Omnem
867 3715 1004 3782 quoque
1020 3692 1235 3794 diligentiam
1254 3694 1317 3764 ad-

14 3795 15 3856 }
62 3773 204 3862 bibebat,
231 3805 397 3871 nequam
428 3805 546 3854 earum
577 3805 718 3865 rerum,
746 3784 876 3872 quibus
907 3783 1062 3874 corporis
1085 3783 1316 3854 imbecillitati
1347 3787 1352 3798 '

14 3859 16 3946 l
61 3868 293 3944 consulendum
308 3873 363 3954 sit,
386 3874 566 3963 penuriam
582 3873 801 3943 sustinerent.
822 3871 1020 3944 Honorabat
1032 3893 1071 3940 ac
1087 3872 1316 3942 venerabatur

64 3971 122 4034 eos,
145 3971 182 4028 ut
201 3959 357 4032 dominos
381 3981 482 4032 suos:
510 3982 572 4031 nec
597 3961 706 4032 solum
733 3961 865 4044 Abbati,
885 3961 942 4033 sed
960 3959 1101 4031 decanis
1120 3963 1224 4030 etiam
1244 3983 1316 4030 mo-

14 4051 15 4054 ’
66 4047 189 4116 iresterii
211 4049 254 4120 ita
277 4049 439 4121 subditus
463 4050 623 4138 dictoque
650 4051 890 4141 obtemperans
913 4061 1008 4130 erat,
1039 4062 1078 4119 ut
1097 4049 1139 4118 ad
1163 4050 1314 4140 primum

63 4147 167 4202 eorum
193 4136 386 4230 imperium,
416 4137 674 4229 quantumlibet
697 4138 860 4230 gravibus
888 4138 1047 4230 publicae
1077 4159 1140 4210 seu
1165 4139 1317 4230 privatae

91 4377 99 4398 '
112 4381 223 4432 Templum
230 4387 319 4429 scillcet
328 4387 436 4430 coenobii
447 4389 630 4438 sigebergensis.
637 4390 705 4438 Juxta
715 4390 802 4430 fiumen
813 4389 873 4441 Sieg.

90 4432 113 4458 ‘⁸
126 4435 150 4476 ln
159 4438 297 4484 &lassorum
306 4443 408 4493 regione.
416 4451 477 4492 quse
487 4439 566 4484 italice
576 4443 684 4482 concam
693 4441 788 4484 dicitur.
