2972 4826
289 311 354 376 220
541 329 580 374 oa
604 329 631 376 s.
658 327 816 376 nuanosto
840 330 890 374 aa.
917 329 1042 376 aaaron.
1069 329 1107 374 ar
1130 327 1218 376 noar.
1372 309 1443 372 nal.
1462 311 1473 372 i

246 413 325 485 aliis
344 412 508 483 omnibns
532 413 708 482 inaccessa
727 434 813 496 esse,
840 435 902 482 nec
926 413 1050 484 debere
1075 413 1180 501 tangi.
1206 411 1303 482 lubet
1331 412 1431 502 igitur,
1451 397 1484 490 ntl

247 515 352 584 exeat,
382 515 518 572 etcum
543 501 686 588 reliquis
712 501 808 573 laicis
832 503 1008 573 consistat.
1039 525 1056 568 a
1085 507 1169 572 Naro
1197 523 1355 591 purpura,
1380 500 1473 586 inquit,

248 597 486 679 Imperatores,
506 612 573 659 non
592 590 785 661 sacerdotes
805 590 919 660 elficit.
937 614 955 658 u
971 596 1080 674 Quam
1106 590 1368 660 admonitionem
1386 588 1484 657 itident

246 680 378 768 excepit
401 678 526 749 lubens
542 684 732 770 Imperator
748 679 986 761 fidelissimus,
1005 678 1250 770 responditque
1266 701 1301 748 se
1318 699 1379 747 non
1396 679 1475 746 anim

246 767 456 848 confidentia
480 767 685 850 inductum,
714 769 883 839 mansisse
907 769 998 839 intra
1014 767 1204 850 cancellos,
1232 767 1290 837 sed
1314 767 1394 836 hanc
1417 787 1475 834 con·

139 861 142 868 '
247 857 466 926 suetudinem
500 857 794 948 Constantinopoli
828 857 1048 928 didicisse«
1086 863 1197 941 Quare
1225 857 1351 934 habeo,
1384 855 1474 940 inquit,

247 947 349 1016 etiarn
376 967 438 1036 pro
461 945 526 1016 hac
550 946 722 1016 medicina
738 947 897 1037 gratiam.
918 947 1068 1018 »Tantis
1084 960 1117 1016 et
1140 957 1208 1015 tam
1233 945 1363 1016 eximiis
1377 942 1476 1012 virtutis

247 1036 461 1105 ornamentis
483 1034 627 1117 enituit,
659 1047 732 1105 tum
757 1035 972 1126 Episcopus,
1003 1048 1074 1105 tum
1101 1041 1300 1124 Imperator.
1329 1039 1475 1117 Utrumque

247 1123 338 1192 enirn
364 1123 537 1205 admiror,
564 1123 710 1194 alterum
744 1145 805 1213 pro
834 1139 882 1194 ter
906 1125 1092 1214 ingenuam
1121 1122 1285 1212 loquendi
1314 1123 1475 1192 libertatern.

248 1212 392 1282 alterum
414 1225 551 1302 propter
575 1211 710 1282 facilem
731 1147 974 1294 obedientiam,
996 1225 1028 1282 et
1045 1212 1144 1282 illurn
1167 1225 1305 1304 propter
1323 1211 1419 1280 divini
1437 1207 1476 1276 rel

247 1299 418 1381 ardorem,
437 1301 530 1370 hunc
554 1314 667 1372 autem
687 1323 749 1392 pro
776 1315 826 1372 ter
847 1304 1016 1373 sinceram
1042 1301 1158 1370 [idern.
1186 1307 1372 1388 Imperator
1396 1311 1475 1366 auten

249 1391 384 1480 pietatis
407 1405 598 1480 praecepta,
619 1413 707 1478 quae
728 1325 773 1462 al
795 1389 921 1462 illustri
948 1389 1006 1460 illo
1031 1391 1198 1480 Episcopo
1216 1390 1388 1469 didicerat,
1406 1386 1476 1455 etian

247 1501 326 1548 cunt
343 1480 533 1550 revertisset
546 1479 888 1570 Constantinopolim,
902 1480 1104 1550 observavit.
1116 1485 1200 1550 llam
1215 1501 1297 1548 cum
1312 1478 1417 1547 divino
1426 1495 1479 1560 quo·

247 1565 326 1636 darn
344 1567 427 1638 festo
441 1567 481 1636 ad
499 1568 664 1658 templum
681 1568 795 1638 denuo
808 1569 948 1650 veniret,
961 1569 1074 1638 statim
1091 1581 1128 1637 ut
1141 1567 1232 1638 dona
1249 1589 1363 1638 sacrae
1378 1583 1478 1635 mensa

247 1655 428 1737 obtulerat,
447 1657 560 1727 exivit.
579 1661 686 1744 Itque
701 1680 780 1726 curn
799 1661 987 1738 Nectarius,
1000 1657 1061 1744 qni
1076 1656 1109 1726 id
1125 1660 1290 1747 temporis
1307 1651 1478 1725 illiuseccle

249 1745 318 1814 siae
343 1745 484 1814 antistes
509 1745 584 1827 luit,
599 1759 733 1847 rogaret
755 1769 819 1815 cur
837 1768 903 1815 non
926 1757 1078 1815 manaret
1102 1747 1206 1827 intua,
1225 1767 1366 1836 gemens
1380 1739 1476 1836 inquit:

248 1856 266 1898 «
292 1838 396 1923 Aegre
422 1835 557 1904 tandem
586 1835 705 1916 didici,
724 1835 806 1922 quid
833 1835 921 1904 inter
945 1841 1188 1936 Imperatorem
1223 1834 1356 1905 intersit
1378 1845 1405 1900 et
1427 1835 1484 1916 Epi-¹

247 1945 305 1992 sco
331 1944 412 1991 um:
443 1945 543 2014 aegre
576 1924 711 1993 tandem
738 1926 847 2014 reperi
877 1924 1028 1994 veritatis
1052 1924 1272 2016 magistrum.
1300 1928 1378 1993 llam
1401 1918 1476 1990 solun

248 1945 463 2112 Amlrosiom
484 2013 562 2082 novi
586 2014 807 2102 Episcopum,
830 2012 976 2103 dignum
1002 2033 1040 2083 eo
1059 2013 1208 2082 nomine.
1228 2035 1248 2080 n
1265 2019 1402 2082 Tantum
1418 2026 1477 2076 aon·

249 2101 339 2168 modi
360 2101 591 2258 reprehensio,
612 2125 632 2170 a
657 2102 728 2170 viro
761 2102 883 2171 virtute
913 2101 1096 2191 praestanti
1117 2101 1287 2181 adhibita,
1314 2121 1420 2170 secum
1439 2113 1476 2182 ap·

249 2201 384 2277 portare
406 2211 442 2260 so
458 2203 501 2260 et.

293 2281 310 2362 ᾗ
332 2281 371 2348 ¹8.
399 2278 492 2348 Idem
518 2275 749 2348 Theodoretus
769 2278 827 2347 lib.
848 2301 891 2358 nr,
912 2301 987 2369 cap.
1006 2285 1026 2348 6
1042 2277 1209 2348 Historiae
1236 2275 1475 2348 Ecclesiastico:

249 2367 405 2435 «Paucis
425 2379 499 2455 post
514 2366 649 2448 dicbus,
669 2367 791 2453 inquit,
811 2389 889 2437 curn
913 2371 947 2436 I).
971 2368 1170 2437 Ambrosius
1188 2367 1290 2438 valde
1311 2353 1475 2450 libereaprl

249 2456 297 2520 Im
327 2467 493 2524 aratorem
510 2453 802 2544 (Valentinianum
821 2456 1005 2539 seniorem)
1023 2455 1123 2526 verba
1140 2455 1280 2536 laceret,
1302 2475 1413 2542 resque
1427 2465 1476 2518 non·

249 2475 364 2611 nullas
390 2556 564 2630 tamquam
587 2545 704 2615 minus
729 2557 853 2614 rectca
875 2544 1134 2636 magistratibus
1149 2545 1404 2616 administratas
1417 2555 1476 2608 coar·

249 2643 379 2786 fueret,
410 2631 585 2722 respondit
605 2638 817 2723 Imperator:
851 2634 933 2704 Ilovi
948 2634 1159 2725 jampridem
1184 2647 1282 2704 tuam
1301 2636 1336 2704 ln
1352 2622 1477 2721 loquenlt

264 2718 465 2790 ibertatem:
491 2743 561 2808 qna
584 2722 756 2812 explorate
783 2723 943 2813 cognita,
969 2745 1035 2792 non
1063 2722 1163 2792 modo
1188 2745 1260 2792 non
1287 2735 1362 2794 tuae
1384 2723 1413 2789 in
1434 2720 1477 2802 Ipt-

249 2829 392 2908 scopum
418 2809 628 2881 ordinationi
658 2812 776 2894 restiti,
796 2833 912 2880 rerum
934 2811 1036 2880 etiam
1062 2811 1276 2903 suffragatus
1300 2834 1385 2882 snm.
1405 2811 1477 2958 Qu}

250 2909 339 2966 stent
354 2896 470 2967 divina
487 2898 690 2989 praescribit
710 2899 773 2982 lex,
799 2913 991 2970 nostrorum
1018 2900 1214 2970 animorum
1236 2901 1359 2972 erratis
1381 2893 1451 2968 medi
1476 2898 1477 2902 ’

250 3007 329 3054 nam
355 2984 468 3056 lacito.
488 3011 505 3053 u
1469 2988 1484 3062 l

1469 3076 1484 3123 Ι,

1469 3154 1484 3228 t]

1466 3263 1484 3322 Ι,
