2946 4798
18 253 87 316 but.
108 253 148 318 27
299 271 340 316 nu
364 269 411 318 ss.
437 267 602 318 sennocae
626 271 663 316 ur
687 269 874 318 succentus
898 269 955 316 uu.
1159 253 1222 318 503

16 353 174 444 procidens
197 355 241 426 ad
267 355 376 442 hujus
399 354 489 426 beati
514 355 690 442 reliquias,
707 377 748 424 ex
764 376 804 424 eo
821 355 917 424 fieret
932 355 1062 446 gratiae
1079 356 1265 446 particeps.

16 451 79 512 t'um
102 465 180 535 ergo
204 443 248 514 ad
270 444 387 515 locum
407 445 553 516 venisset
577 445 612 514 in
638 457 791 534 tempore
813 465 985 526 excessus,
1013 467 1075 515 seu
1098 444 1141 514 ad
1159 450 1266 515 Deum

16 532 220 614 resolutionis,
249 545 283 602 et
306 531 428 603 suisset
447 555 540 604 unus
564 555 604 604 ex
628 532 845 614 canentibus,
872 533 1066 604 affirmabat
1084 548 1212 624 postea,
1232 554 1268 604 se

15 621 163 692 audivisse
174 621 365 710 quamdam
376 622 671 710 jucundissimam
684 636 715 692 et
730 621 970 693 admirabilem
984 645 1099 693 vocem
1118 645 1267 712 superne

14 710 227 797 psallentium.
248 717 298 780 An
316 711 397 799 quis
413 723 528 782 autem
553 733 628 781 eam
654 725 744 782 recte
763 712 963 802 cogitaverit
985 712 1194 803 Angelicam,
1221 733 1267 782 an

13 799 142 886 aliquam
166 799 286 882 aliam,
309 822 398 888 quae
418 800 478 870 fiat
501 813 590 872 nutu
614 801 684 882 Dei,
704 805 769 870 Deo
785 799 889 871 suerit
905 800 1140 883 manifestum,
1159 814 1192 870 et
1209 801 1264 884 iis,

12 908 82 976 quos
106 910 167 978 par
189 901 240 960 est
265 889 352 959 haec
378 890 583 980 perspicere.
609 893 717 977 Atque
746 890 959 978 sicquidem
992 887 1159 960 Theodori
1189 890 1269 960 reli-

10 977 100 1133 quta}
122 1001 200 1049 arca
229 978 475 1062 conservabat,
506 1001 596 1068 quae
619 979 759 1050 assidue
787 980 936 1070 copiosis
968 979 1183 1048 ornabantur
1207 978 1270 1048 mi-

10 1085 131 1134 meurs.

48 1158 154 1233 ste.
180 1160 264 1226 Cum
292 1160 382 1226 Deus
405 1167 518 1226 autem
554 1177 675 1226 rursus
707 1157 911 1246 respexisset
937 1157 972 1224 in
1002 1155 1213 1248 benignitate
1234 1169 1266 1227 et

10 1243 284 1327 miserationibus,
302 1260 336 1315 et
352 1244 455 1315 veluti
475 1245 586 1403 οᾶῐίἒο
610 1243 778 1316 dissoluta
800 1257 889 1316 esset
917 1245 1092 1334 impietas,
1119 1258 1151 1314 et
1174 1245 1263 1316 vires

10 1351 130 1402 rursum
153 1346 347 1404 assumeret
377 1346 507 1404 rectum
557 1355 677 1426 ogma,
704 1355 783 1404 cum
800 1334 873 1424 jam
899 1356 917 1404 e
943 1335 1026 1404 rivis
1050 1334 1262 1417 excessisset,

9 1423 66 1488 lleo
80 1422 203 1494 invisus
218 1423 444 1514 Theophilus,
463 1435 681 1494 revertuntur
694 1422 834 1511 quidem
847 1421 890 1492 ab
904 1421 1035 1505 exsilic,
1051 1424 1112 1511 qui
1128 1435 1265 1512 propter

11 1507 161 1580 Christum
177 1533 196 1582 e
214 1513 327 1602 patria
346 1524 433 1582 etex
456 1511 617 1584 Ecclesiis
636 1513 735 1602 ejecti
759 1511 906 1582 fuerant.
926 1517 1094 1583 Reversus
1118 1525 1169 1582 cst
1186 1534 1264 1583 vero

11 1617 139 1687 magnus
160 1622 301 1689 quoque
328 1601 576 1691 Theophanes,
602 1623 683 1671 curn
710 1615 798 1670 esset
823 1614 976 1690 martyr,
1005 1614 1038 1670 et
1061 1601 1267 1691 gloriaretur

11 1689 158 1776 susceptis
182 1711 247 1780 pro
264 1691 397 1760 Christo
422 1690 666 1781 stigmatibus,
695 1690 886 1760 mercedem
911 1689 1136 1780 confessionis
1160 1689 1265 1759 aliam

11 1775 129 1858 quidem
154 1801 173 1847 a
196 1783 266 1849 Deo
291 1801 465 1880 magnam,
496 1793 528 1850 et
555 1801 644 1867 quae
668 1778 794 1848 aulerci
821 1779 964 1848 minime
990 1790 1119 1870 potest,
1145 1799 1263 1866 exspe-

13 1875 106 1961 ctans3
130 1867 164 1935 in
189 1881 385 1957 praesentia
409 1881 522 1937 autem
551 1868 671 1938 Niceae
695 1869 872 1958 Bithyniae
895 1867 1010 1937 sedern
1036 1889 1055 1936 a
1080 1867 1148 1958 piis
1175 1867 1264 1937 acci-

13 1955 131 2038 piens*.
148 1961 306 2047 Longum
326 1969 443 2048 postea
465 1956 531 2027 suit
556 1969 710 2047 tempus,
737 1969 771 2028 et
800 1957 982 2028 thesaurus
1010 1967 1083 2026 erat
1110 1957 1261 2046 ignotus,

14 2060 128 2141 corpus,
155 2045 314 2132 inquam,
341 2045 432 2116 beati
456 2045 635 2126 Theodori,
654 2046 744 2132 quod
768 2045 877 2116 multa
892 2046 1081 2116 certamina
1096 2045 1260 2143 subierat.

16 2129 66 2227 llbr
82 2133 166 2202 enim
193 2135 352 2204 relictum
377 2134 488 2205 luerat
511 2159 532 2205 a
554 2135 678 2216 fratre,
706 2135 777 2205 illic
810 2135 924 2205 adhuc
948 2134 1099 2224 jacebat:
1129 2133 1188 2203 sed
1213 2154 1266 2200 vrr

15 2218 132 2300 qurdam
150 2223 232 2312 pius
256 2236 287 2293 et
311 2223 507 2314 religiosus,
525 2225 586 2313 qui
606 2225 681 2314 ipse
696 2246 835 2312 quoque
854 2223 987 2294 volebat
1002 2246 1077 2295 esse
1093 2223 1263 2314 particeps

16 2305 217 2381 confessionis
233 2333 313 2383 cum
331 2311 480 2394 athletis,
505 2313 665 2384 transfert
679 2313 745 2384 hcc
765 2314 903 2384 beatum
928 2335 1055 2404 corpus
1080 2310 1262 2382 Chalcedo-

16 2413 82 2461 nem
96 2419 128 2468 ex
142 2404 308 2490 Apamea:
330 2402 423 2489 quod
440 2402 580 2492 quidem
599 2403 775 2493 perpetuis
795 2402 936 2494 hymnis
953 2403 1260 2500 prosequebantur,

14 2493 39 2550 ct
60 2489 221 2570 nraoibus,
248 2505 286 2561 ut
310 2512 373 2580 par
388 2503 449 2571 est,
478 2491 660 2580 portabant
683 2491 876 2562 sacerdotes
891 2505 924 2560 et
941 2491 1114 2561 monachi.
1137 2495 1210 2572 Quo
1225 2509 1262 2556 m

13 2567 73 2640 loco
92 2598 167 2646 cum
189 2601 328 2649 sacrum
353 2579 568 2651 aedificasset
584 2581 845 2662 monasterium,
864 2578 936 2650 illic
959 2579 1100 2670 deponit
1125 2577 1263 2648 thesau-

13 2679 93 2729 rum:
115 2677 146 2734 et
169 2688 263 2739 nuuc
287 2669 451 2740 omnibus
473 2668 718 2741 accedentibus
742 2672 883 2760 praebet
901 2669 1097 2739 firmitatem
1127 2667 1264 2738 animae

13 2756 207 2840 etcorporis,
227 2771 259 2828 et
282 2780 303 2829 a
327 2758 456 2829 morbis
479 2759 729 2842 liberationem,
756 2758 797 2828 ad
824 2756 970 2850 gloriam
995 2756 1130 2828 Domini
1156 2753 1264 2826 nostri

13 2837 79 2907 lesu
94 2843 228 2927 Christi,
249 2868 327 2918 cum
346 2848 509 2940 principii
529 2861 664 2940 experte
687 2850 896 2940 ejusPatre,
925 2857 959 2917 et
976 2845 1205 2924 sanctissimo,
1232 2853 1266 2912 et

15 2921 154 3089 bunost
177 2933 311 3006 vivifico
336 2937 485 3027 Spiritu,
513 2960 606 3009 nunc
630 2951 662 3008 et
686 2959 844 3028 semper,
871 2937 961 3006 etin
987 2935 1105 3006 secula
1134 2932 1264 3004 seculo·

17 3033 90 3098 mm,
134 3042 223 3092 men.

37 3177 116 3240 'tuno
129 3185 181 3231 etl,
194 3187 305 3229 defuncto
325 3190 468 3240 Imperatore
485 3189 629 3242 Theopbllc.
644 3190 665 3232 Β.
682 3189 847 3239 Theophanes.
864 3197 878 3228 a
895 3187 1024 3233 Theodora,
1042 3187 1167 3236 unrocum
1183 3183 1270 3230 vidus.

16 3225 301 3290 estuaret-munnae·
311 3243 466 3285 centaurus.
904 3253 905 3258 ’
