2994 4832
449 63 462 105 Ι

62 275 163 340 DIC5
430 294 467 339 on
490 293 517 340 s.
543 294 623 340 sans
646 293 717 339 nas.
745 294 783 340 rr
808 293 899 342 conr.
929 299 931 302 ·
1159 256 1161 260 ’
1193 278 1256 344 tao

58 389 204 466 provectae
230 377 378 459 aetatiS,
399 389 430 447 et
455 377 581 464 alioqui
605 397 794 468 oppressus
819 378 938 448 morbo
962 379 1128 468 eorporis,
1151 401 1231 448 curn
1256 379 1300 448 ad

56 466 341 547 administrandam
375 466 618 556 rempublicam
654 487 720 536 non
751 464 902 555 amplius
931 465 1123 549 sufficeret,
1159 467 1300 557 deponit

53 556 222 654 inperium,
251 554 450 625 Jusitniano
474 554 626 645 patruele
649 576 711 623 suo
735 555 918 624 constituto
936 577 997 644 pro
1020 578 1056 625 se
1074 561 1295 646 Imperatore,

51 655 172 728 quierat
189 643 369 734 patritius,
391 644 510 714 consul
527 654 559 713 et
574 643 644 713 dux
657 643 837 724 exereitus,
857 645 962 731 etqui
975 646 1049 735 Jam
1064 644 1196 714 iortiter
1210 666 1311 713 rem·-

49 731 197 831 publioam
238 753 336 802 erere
352 745 423 802 erat
438 753 632 822 aggressus.
649 732 712 801 Sed
729 731 771 802 de
785 731 980 802 iustiniano
996 733 1014 768 *
1029 733 1168 821 quidem
1185 733 1300 802 dicere

47 823 159 890 nterim
177 819 213 889 di
242 842 407 890 eramus:
427 822 652 890 immoremur
668 831 782 890 autern
800 819 834 888 in
857 821 917 903 iis,
945 843 1032 908 quae
1048 821 1300 892 admirabiliter

45 922 179 979 asancto
210 911 301 980 Saba
319 908 411 992 ¹iacta
439 921 518 980 sunt
544 909 578 978 in
606 915 740 978 Petrum
761 930 999 988 successorem
1018 911 1183 981 Ioannis:
1211 931 1299 997 quae

43 999 161 1083 quidem
187 999 293 1068 selim
319 997 426 1066 nolim
443 997 485 1066 ad
502 1020 537 1066 se
555 996 694 1066 trahunt
710 997 912 1078 orationem,
941 1012 973 1068 et
997 1013 1078 1070 sunt
1092 999 1170 1068 aliis
1194 998 1298 1088 longe

39 1087 229 1172 jucundiora
246 1099 281 1156 et
300 1086 460 1177 gratiora.
482 1091 565 1155 Nam
582 1087 612 1156 is
625 1085 765 1172 quidem
788 1085 942 1156 veniebat
964 1087 1104 1158 assidue
1123 1088 1156 1156 in
1178 1086 1298 1156 solitu·

43 1174 139 1245 dinem
158 1175 202 1245 ad
226 1176 370 1244 beatum
401 1175 540 1254 Sabam,
569 1186 601 1242 et
628 1173 783 1243 eamdem
806 1174 841 1242 in
861 1197 939 1244 eum
962 1177 1115 1246 servabat
1144 1195 1298 1245 reveren·

44 1264 121 1344 tiam,
140 1286 243 1352 quarn
269 1265 402 1354 priores
419 1262 644 1332 Patriarchae.
669 1263 808 1332 Interim
829 1285 905 1334 vero
931 1286 1010 1334 oum
1036 1266 1177 1336 morbus
1202 1264 1296 1333 iuva-

42 1352 124 1420 sisset
143 1375 296 1424 sororem
311 1352 402 1441 (erat
420 1352 510 1420 enim
531 1352 562 1421 ei
579 1369 676 1421 soror
689 1352 830 1420 nomine
849 1351 1031 1442 Hesychia,
1050 1375 1117 1422 non
1144 1352 1297 1442 vulgaris

42 1441 181 1530 virtutis),
201 1453 335 1511 etcum
354 1439 466 1510 omnis
485 1462 541 1508 ars
566 1440 777 1518 medicorum
799 1440 979 1528 abjecisset
995 1463 1090 1532 spem
1108 1442 1182 1530 ejus
1199 1441 1298 1510 'cuia-

43 1529 138 1614 tionis,
157 1531 229 1619 ipse
251 1551 321 1599 non
350 1529 477 1610 minus,
496 1551 601 1616 quam
627 1528 697 1610 illa,
725 1529 833 1597 animi
863 1551 1015 1599 moerore
1039 1529 1237 1611 conlectuS‚
1264 1545 1296 1600 et

43 1618 158 1687 nullum
184 1619 368 1688 inveniens
394 1617 679 1686 medicamentum
705 1615 921 1698 calamitatis,
941 1618 982 1686 ad
1008 1618 1147 1692 beatum
1171 1616 1294 1687 Sabain

44 1708 143 1776 statuit
155 1707 355 1798 confugere,
379 1718 416 1775 ut
432 1705 557 1774 videret
572 1727 615 1774 an
636 1704 787 1792 aliquam
805 1717 1044 1792 assequeretur
1063 1706 1292 1776 clementiam.

45 1797 109 1880 ipse
122 1807 228 1864 autem
245 1817 329 1866 curn
349 1795 546 1864 accessisset
563 1794 605 1862 ad
631 1805 860 1883 aegrotantem
883 1794 1002 1864 morbo
1027 1795 1234 1875 incurabili,
1262 1808 1294 1864 et

47 1894 87 1950 ter
100 1905 192 1954 manu
207 1885 348 1954 iecisset
368 1885 505 1972 signum
524 1881 653 1962 Crucis,
670 1903 735 1950 non
749 1881 949 1964 diiierendo,
968 1883 1026 1952 sed
1045 1884 1207 1954 continuo
1221 1905 1295 1954 eam

51 1991 151 2038 sanam
166 1973 315 2042 reddidit
331 1969 438 2040 fratri.
458 1970 571 2040 Talem
592 1991 673 2061 ergo
693 1971 882 2060 Episcopus
907 1971 1036 2041 invenit
1053 1972 1297 2041 remuneratio-

54 2077 120 2126 nem
135 2061 179 2129 sui
192 2063 220 2130 in
239 2061 370 2132 Sabam
390 2059 540 2128 honoris.
989 2078 993 2087 ·

92 2149 198 2231 §Cib
220 2156 307 2220 Cum
329 2147 402 2236 jam
426 2162 539 2218 autern
565 2147 749 2237 imperium
783 2150 1027 2238 assumpsisset
1050 2148 1292 2227 Iustinianus,

55 2245 82 2300 et
102 2256 195 2304 rerum
219 2238 436 2326 suscepisset
465 2236 824 2316 administrationem,
860 2238 982 2327 agebat
1010 2236 1150 2323 quidem
1178 2237 1296 2305 beatus

56 2322 143 2393 Sabas
154 2325 416 2418 nonagesimum
434 2337 466 2398 et
481 2346 590 2395 unum
608 2346 762 2393 annum:
790 2325 894 2394 finem
920 2347 997 2396 vero
1017 2326 1103 2395 vitae
1119 2337 1295 2414 acceperat

51 2408 146 2482 beatus
158 2415 370 2485 Theodosius
386 2435 392 2480 :
419 2412 478 2500 qui
503 2414 537 2482 in
556 2412 745 2484 Palaestina
761 2413 900 2500 quidem
925 2427 997 2484 erat
1015 2413 1162 2504 populns
1181 2418 1294 2484 Sama·

48 2500 222 2598 planorum,
246 2525 329 2574 eum
347 2500 525 2572 Iulianum
551 2501 736 2588 quendam,
756 2503 816 2589 qui
841 2502 913 2592 ipse
929 2524 1065 2590 quoque
1086 2514 1156 2572 erat
1178 2507 1296 2571 Sama-

44 2601 165 2675 ritanus,
183 2593 252 2662 sibi
282 2613 317 2660 re
343 2611 397 2659 em
422 2602 605 2670 creassent,
633 2590 759 2660 multas
784 2591 929 2681 injurias
949 2591 1118 2660 laedebant
1135 2589 1296 2660 Christia-

41 2678 94 2759 nis,
117 2681 283 2752 ecclesias
316 2613 564 2769 depopulantes
587 2690 620 2748 et
643 2689 844 2760 exurentes,
874 2680 1083 2750 Christianos
1107 2678 1296 2748 afficientes

39 2769 201 2857 suppliciis
223 2767 556 2848 innumerabilibus,
572 2778 603 2837 et
618 2767 742 2836 deinde
758 2769 859 2838 etiam
874 2767 1085 2838 occidentes:
1107 2781 1139 2837 et
1155 2769 1188 2837 in
1205 2768 1296 2838 vicos

37 2853 186 2931 finitimos
206 2857 375 2928 iacientes
399 2856 626 2937 incursiones,
654 2868 686 2926 et
709 2877 830 2946 capsas
856 2861 1058 2927 Sanctorum
1084 2867 1293 2948 rumpentes,

35 2957 60 3011 et
76 2946 140 3035 igni
163 2947 386 3016 mandantes.
413 2950 506 3028 Quae
521 2944 660 3032 quidem
689 2945 835 3014 inarime
852 2943 1004 3016 lecerunt
1028 2946 1062 3015 in
1085 2945 1179 3024 locis,
1207 2967 1295 3034 quae

34 3047 118 3104 erant
138 3037 232 3106 circa
257 3034 459 3124 Neapolim:
485 3045 524 3104 ut
547 3033 605 3120 qui
628 3032 834 3122 Episcopum
885 3035 997 3104 uidem
1029 3033 1143 3124 gladio
1172 3035 1296 3106 intere-

35 3124 156 3206 merint;
174 3123 348 3212 quosdam
366 3135 478 3192 autem
484 3121 709 3278 presbyteros
728 3055 1071 3211 compreltenderint;
1090 3135 1122 3190 et
1141 3123 1294 3212 primum

33 3211 157 3295 quidem
180 3211 404 3281 membratim
429 3223 460 3280 et
500 3211 654 3280 rustatim
680 3232 737 3282 eos
762 3211 1005 3292 dissecuerint,
1035 3221 1066 3278 et
1091 3209 1215 3278 deinde
1238 3230 1296 3278 eos

33 3320 101 3368 enm
126 3307 319 3392 iiartyrum
343 3299 498 3387 reliquiis
518 3297 671 3368 frixerint
689 3299 722 3368 in
741 3301 925 3390 sartagine,
947 3311 980 3368 et
1004 3297 1091 3367 nulli
1118 3298 1241 3388 probro
1263 3309 1296 3366 et

32 3390 252 3460 contumeliae
271 3389 440 3479 parserint
464 3388 498 3456 in
525 3387 745 3458 Christianos.
772 3392 861 3457 Haec
883 3401 1062 3477 postquam
1090 3387 1295 3456 renunciata

33 3474 160 3550 luerunt
184 3477 403 3569 Imperatori,
429 3475 593 3548 adversus
612 3475 689 3545 illos
719 3497 862 3567 magnas
889 3476 1011 3546 emittit
1038 3476 1174 3565 copias:
1202 3495 1295 3560 qnae

32 3585 99 3635 eum
117 3568 166 3637 eis
184 3589 315 3636 manns
339 3564 571 3666 confligentes,
598 3575 630 3634 et
647 3563 773 3634 multos
789 3564 875 3634 alios
895 3565 1107 3644 interimunt,
1130 3576 1162 3632 et
1178 3564 1294 3653 ipsum

33 3655 122 3724 etiam
138 3655 339 3726 Iulianum.
364 3655 528 3740 dqurbns
553 3651 722 3742 Sylvanus
737 3675 874 3742 quoque
892 3668 972 3723 tunc
992 3651 1186 3741 scythopoli
1202 3672 1294 3721 com·

35 3744 226 3828 prehensus,
257 3744 292 3812 in
321 3741 620 3831 ignem-injicitur,
648 3753 679 3810 et
708 3741 752 3810 ita
780 3743 941 3811 acerbum
966 3741 1092 3830 accipit
1114 3741 1200 3810 vitae
1223 3740 1295 3809 eri-

35 3843 107 3914 tum‚
133 3833 186 3903 vir
202 3832 265 3920 qui
289 3829 407 3899 multis
431 3829 565 3920 probris
588 3844 620 3900 et
647 3828 866 3899 contumeliis
890 3827 1047 3898 aiieeerat
1071 3828 1292 3911 Christianos,

35 3933 58 3986 et
80 3922 164 4003 ideo,
185 3933 226 3992 ut
249 3919 409 4000 arbitror,
436 3919 556 4009 pulcre
572 3919 613 3988 ad
631 3919 695 3988 boc
712 3939 732 3988 a
752 3917 866 3988 divina
893 3931 1085 3988 reservatus
1100 3929 1171 3988 erat
1189 3918 1295 4007 justi-

38 4007 82 4089 tia,
107 4025 145 4081 ut
169 4011 221 4082 sie
240 4009 354 4079 lueret
376 4007 584 4099 supplicium
604 4007 789 4089 sufficiens,
808 4017 840 4078 et
865 4006 966 4076 finem
987 4007 1175 4098 acciperet:
1202 4005 1294 4093 quod

54 4187 65 4210 '
77 4189 105 4234 is,
121 4199 197 4240 quum
212 4195 308 4229 annum
326 4190 432 4234 quartum
449 4191 472 4230 et
486 4189 693 4238 quadragesimum
703 4191 789 4238 egeret,
799 4189 915 4237 imperare
924 4187 1008 4236 coepit.
1018 4185 1124 4228 veterem
1133 4186 1244 4226 Romsnii
1255 4185 1295 4227 im·

39 4241 82 4284 terit
91 4243 189 4292 gloriam
199 4242 292 4284 mirum
303 4241 332 4280 in
340 4242 429 4284 modurn
438 4245 550 4288 tertianis
561 4241 735 4292 emplisvitquo,
744 4244 836 4288 Persas,
846 4242 941 4288 Gothos,
951 4241 1067 4282 Vandalus
1075 4236 1209 4282 debellavit.
1219 4241 1295 4289 Leges

40 4299 92 4334 *ates
107 4295 247 4338 innumerus
265 4296 292 4334 in
309 4295 323 4333 i
342 4294 484 4342 Digestorum
498 4297 571 4338 libros
581 4297 703 4337 contrarii.
713 4295 893 4336 Institutionum
903 4297 977 4336 libros
987 4295 1088 4343 quatuor
1097 4291 1177 4335 edidii.
1188 4294 1295 4335 codicem

40 4347 145 4396 uniaris.
154 4351 275 4400 Eiusdem
284 4345 389 4388 striatas
396 4349 547 4400 deturparem
557 4347 661 4398 eruitis,
672 4353 696 4391 et
705 4351 773 4392 teror
784 4359 839 4399 erga
848 4349 1012 4398 Eutychianos.
1023 4349 1100 4389 Vitam
1111 4357 1178 4389 snam
1188 4347 1292 4395 explerit

42 4405 86 4440 nnn
96 4405 138 4443 iti.
