2954 4816
269 307 334 373 tau
643 261 683 369 na
714 323 741 369 s.
769 322 1075 372 unbauranamma
1326 303 1394 372 uto.
1410 303 1438 364 25

225 409 274 478 dii
298 408 388 498 capti
406 419 520 477 essent
536 427 651 476 amore
668 408 852 496 Eugeniae.
872 427 946 476 cam
974 408 1008 476 in
1025 408 1158 478 coelum
1179 419 1357 498 rapuerunt.
1371 405 1438 487 duod

225 498 364 588 quidem
385 496 483 586 patri,
502 506 540 564 ut
556 497 657 595 cujus
673 517 774 564 auras
798 496 925 566 talibus
951 499 1193 578 assuevissent,
1214 510 1335 588 gratum
1352 505 1404 562 erat
1417 507 1437 560 ct

224 600 417 676 acceptum,
443 597 475 654 et
499 583 605 652 filiam
633 585 830 676 insignibus
851 584 1020 655 alliciebat
1040 587 1240 656 bonoribus.
1261 583 1436 668 Quamobrem

223 696 364 744 auream
385 675 415 742 ei
436 674 541 742 erexit
557 683 717 753 statuam,
743 687 776 744 et
803 687 978 760 tamquam
1005 695 1111 744 novae
1134 674 1217 744 deae
1235 675 1336 762 coepit
1350 670 1437 740 sacrif·

225 785 316 834 care.
343 767 446 830 Mater
462 774 575 830 autem
589 773 621 829 et
635 761 756 831 fratres
775 763 889 832 Abitas
903 776 935 831 et
951 763 1091 854 Sergius
1107 785 1173 833 non
1192 765 1236 833 ita
1254 785 1286 834 se
1302 761 1435 831 habebam

223 852 282 921 sed
299 853 341 920 iis
357 873 445 938 quae
460 851 675 930 dicebantur,
692 851 891 920 dubitantes
908 852 1057 934 credere,
1079 852 1176 922 valde
1194 853 1354 942 lugebant.
1370 855 1436 933 lton·
1462 852 1467 935 ξ

226 941 397 1032 Eugeniae
421 939 560 1029 quidem
587 937 680 1028 fuga,
707 953 741 1010 et
764 940 1058 1026 quemadmodum
1092 961 1158 1010 non
1184 941 1292 1012 solum
1317 951 1435 1029 parentes.
1462 1001 1466 1057 ]

225 1029 284 1098 sed
301 1051 359 1098 eos
374 1029 475 1098 etiam
500 1027 561 1115 qui
578 1029 608 1097 ei
625 1029 710 1097 bcne
727 1029 896 1108 volebant,
919 1031 1080 1103 affecerit.
1101 1031 1144 1100 ita
1167 1031 1278 1099 habet.
1459 1070 1465 1113 ς

269 1121 382 1205 §mt
408 1117 561 1204 Eugenia
584 1131 697 1187 autem
725 1118 758 1185 in
784 1118 911 1187 divinis
937 1119 1122 1207 scripturis
1148 1118 1337 1188 versabatur
1356 1129 1381 1184 et
1399 1124 1465 1195 nr}

225 1205 401 1275 ditabatur
419 1206 569 1284 assidue,
596 1217 629 1274 et
655 1206 826 1296 parandae
852 1208 985 1276 uirtutis
1011 1229 1174 1296 magnam
1198 1229 1311 1278 curam
1334 1203 1464 1294 gerebat..

225 1300 299 1378 Quo
319 1295 446 1364 factum
468 1307 530 1374 est,
557 1307 594 1362 ut
615 1317 696 1364 cum
724 1317 790 1366 non
816 1295 1000 1385 plusquam
1026 1295 1114 1366 duos
1138 1318 1248 1367 annos
1275 1293 1463 1385 transegisse¹

228 1384 261 1452 in
286 1383 503 1464 monasteria,
525 1404 645 1452 omnes
663 1385 831 1453 vinceret:
853 1383 987 1464 mulier,
1009 1386 1164 1472 inquam,
1184 1387 1285 1454 viros.
1303 1389 1393 1466 Quare
1411 1399 1439 1445 ra
1459 1394 1463 1461 3

225 1472 423 1542 communis
437 1485 487 1540 est
504 1472 623 1552 virtus,
642 1485 674 1541 et
689 1495 790 1542 sexus
814 1471 949 1543 nullum
968 1473 1065 1544 affert
1083 1474 1357 1564 impedimentum
1372 1470 1393 1538 ei
1405 1489 1438 1552 qur
1458 1468 1463 1523 l

227 1581 264 1630 se
280 1573 368 1630 recte
392 1560 471 1630 velit
494 1581 622 1650 gerere.
650 1562 801 1652 Eugenia
817 1582 899 1652 crgo
925 1564 1054 1651 primas
1095 1577 1184 1632 artes
1210 1563 1341 1653 gerebat
1358 1559 1383 1627 in
1402 1526 1464 1657 ria}

227 1660 319 1719 tute:
338 1649 416 1738 ejus
440 1665 552 1718 autem
584 1651 730 1718 maxime
755 1664 826 1721 erat
844 1653 981 1740 propria
1000 1673 1056 1722 mo
1082 1653 1165 1720 estia
1182 1664 1216 1722 et
1241 1648 1408 1744 moderatio,
1424 1660 1464 1771 a}

226 1737 414 1826 quodcum
433 1739 646 1828 primaesset
671 1739 703 1806 in
732 1740 833 1810 rebus
853 1739 1017 1821 honestis,
1038 1740 1262 1811 nihilosecius
1280 1750 1360 1810 esset
1378 1749 1437 1804 etur
1460 1776 1464 1787 ·

229 1827 341 1916 prima
365 1828 400 1896 in
425 1849 475 1907 ec,
494 1827 583 1912 quod
613 1839 725 1898 assent
752 1831 828 1918 ejus
854 1829 1017 1898 moderati
1043 1829 1198 1918 spiritus.
1226 1823 1438 1920 Eugeniaelrau

227 1936 364 2003 quoque
379 1928 476 1985 erant
491 1917 588 2004 signa
605 1917 733 2002 quibus
757 1917 1039 2006 cognoscebatur,
1066 1918 1157 2005 quod
1182 1939 1263 1987 cum
1290 1916 1385 2008 prima
1401 1932 1439 1979 on·

229 2005 325 2074 nium
345 2006 472 2072 veniret
489 2003 531 2072 ad
550 2025 706 2092 synaxes,
726 2027 847 2074 rursus
872 2004 992 2075 ultima
1012 2007 1167 2076 omniurn
1189 2007 1371 2076 recederet:
1386 2019 1433 2090 pra*

227 2106 317 2163 terea
345 2115 422 2161 varo
448 2093 666 2162 misereretur
691 2095 793 2163 etiam
819 2093 1025 2182 cujuslibet,
1050 2097 1112 2184 qui
1140 2095 1256 2183 aliqua
1285 2092 1440 2164 afficiebar

229 2181 403 2252 molestia:
430 2203 506 2250 vere
530 2197 642 2250 autem
669 2195 700 2250 et
725 2183 857 2250 sincere
880 2184 1044 2273 gauderet
1063 2205 1141 2254 cum
1168 2186 1224 2265 iis,
1251 2184 1368 2271 quibus
1386 2189 1440 2247 erat!

227 2293 280 2340 res
298 2269 479 2348 secundae,
497 2269 587 2360 quod
606 2271 746 2356 quidem
771 2283 822 2340 est
837 2269 929 2340 factu
945 2272 1123 2343 difficilius
1145 2284 1283 2363 propter
1300 2267 1440 2360 malignior
1470 2335 1471 2358 ,

227 2371 292 2428 tem
320 2381 408 2446 quae
431 2359 542 2427 oritur
557 2381 594 2428 ex
612 2359 762 2429 invidia:
789 2359 878 2446 qarod
899 2360 1038 2430 baberet
1052 2383 1260 2443 sermonem,
1280 2361 1319 2432 ad
1339 2358 1441 2444 cujum<

227 2449 404 2517 irascentis
421 2469 480 2514 cor
496 2447 701 2529 sedandum,
724 2449 825 2538 longe
848 2447 1148 2532 efficacissimum
1177 2451 1265 2522 adeo
1284 2448 1385 2537 utqui
1404 2461 1436 2511 ul·

225 2559 324 2607 secus
340 2559 379 2605 oc
396 2535 486 2604 feroc
503 2535 718 2618 efferebatur,
737 2538 812 2626 ejus
829 2539 880 2605 ovi
908 2539 1055 2608 similem
1082 2539 1238 2610 redderet
1261 2529 1443 2628 mansuetudo·

227 2648 317 2694 nem.
337 2629 550 2694 Postremum
569 2625 730 2706 hocerat,
753 2637 786 2695 et
806 2627 971 2714 primum,
989 2628 1191 2697 alumniam
1210 2651 1324 2699 revera
1340 2641 1436 2712 caparis
1458 2656 1464 2703 ς

226 2715 368 2793 simum,
389 2735 454 2782 non
475 2713 552 2783 ficta
570 2714 603 2782 in
620 2735 741 2783 omnes
760 2715 920 2796 charitas,
939 2730 970 2785 et
983 2737 1072 2804 quae
1088 2738 1155 2787 noo
1172 2739 1323 2788 amorem
1336 2715 1372 2784 ad
1386 2709 1443 2781 fobu
1460 2712 1464 2758 ἓ

226 2823 335 2888 risque
360 2803 510 2884 sistebat,
534 2801 590 2872 sed
610 2804 710 2872 etiam
730 2824 749 2872 a
767 2803 877 2872 media
896 2805 1012 2874 anima
1032 2806 1225 2876 emanabat.
1458 2800 1463 2873 i

271 2893 289 2978 ξ
313 2895 383 2962 15.
412 2897 481 2960 llon
499 2891 646 2960 multum
667 2893 857 2961 intercessit
873 2895 1090 2982 temporis‚et
1102 2894 1145 2963 ad
1162 2917 1238 2964 eam
1257 2892 1386 2964 accessit
1398 2900 1463 2976 gret

228 2980 273 3048 tia
288 2979 504 3049 curationum
522 3001 600 3048 cum
622 2981 770 3049 maxima
787 2981 896 3071 copia.
928 2987 965 3052 Et
993 2983 1069 3052 ideo
1085 2983 1127 3052 ad
1144 3003 1373 3071 quoscumque
1385 2993 1446 3045 auu

227 3068 330 3138 debat
355 3069 465 3136 morbi
491 3068 619 3138 visendi
642 3069 763 3160 gratia,
795 3091 862 3138 non
884 3069 996 3140 solum
1021 3092 1078 3142 eos
1105 3073 1217 3143 verbis
1240 3067 1445 3142 consolabatur

225 3155 400 3226 sedetiam
419 3157 615 3228 liberabata
635 3160 753 3228 morbo
770 3160 829 3245 qui
847 3179 903 3229 eos
918 3160 1106 3231 cruciabat.
1124 3165 1205 3231 Eam
1223 3175 1334 3232 autem
1351 3155 1444 3226 imitat·
1462 3215 1463 3230 ,

226 3259 281 3315 tur
310 3267 371 3336 pro
401 3247 532 3316 viribus
561 3253 680 3317 Protus
699 3259 731 3316 et
748 3247 974 3336 Hyacinthus,
996 3249 1038 3318 de
1065 3250 1193 3336 quibus
1210 3245 1439 3321 anteadirtms
1462 3256 1464 3322 ξ

225 3341 307 3405 Cum
334 3335 383 3404 sic
408 3335 532 3404 viveret
552 3336 715 3424 Eugania,
747 3336 939 3407 Praefectus
966 3339 1163 3408 monasterii
1184 3340 1282 3410 tertio
1304 3349 1370 3428 post
1389 3347 1464 3400 ann-¹2

223 3423 355 3494 excedit
371 3445 388 3492 e
405 3425 508 3493 vivis:
528 3426 638 3512 ipsam
656 3445 733 3494 vero
754 3425 895 3494 vocabat
910 3425 953 3494 ad
973 3425 1221 3498 Praefecturam
1240 3427 1373 3498 fratrum
1387 3435 1446 3510 root·

226 3535 329 3582 mnne
347 3513 563 3602 suffragium.
595 3517 675 3581 llam
703 3515 794 3582 enim
819 3534 879 3603 pro
894 3516 968 3584 viro
983 3515 1166 3594 habebant,
1184 3527 1218 3586 et
1233 3517 1380 3586 virtutem
1399 3525 1446 3592 qut·

225 3601 302 3670 dem
322 3602 481 3670 videbant
495 3619 584 3687 quae
601 3602 731 3671 ineratr
760 3603 965 3691 ignorabant
985 3617 1106 3675 'autern
1132 3606 1171 3674 id·
1194 3606 1285 3692 quod
1303 3599 1383 3693 apud
1399 3611 1445 3664 ean

226 3689 361 3760 latebat.
380 3689 475 3759 lllam
492 3690 605 3776 itaque
621 3703 731 3760 metus
744 3691 1105 3764 invaditetdubitatio.
1119 3695 1446 3781 mequaaniroaequm

225 3779 396 3860 censebat,
419 3791 564 3866 atquae
592 3791 681 3849 esset
699 3778 860 3860 foemina,
885 3781 967 3850 viris
997 3796 1184 3871 praeesset:
1207 3797 1239 3852 ct
1265 3783 1447 3852 cummanum
1466 3771 1469 3838 ,f

224 3880 399 3938 vocantem
426 3868 602 3958 despicere
618 3867 875 3950 fraternitatem,
890 3869 1071 3958 judicabat
1086 3893 1161 3941 esse
1182 3869 1359 3961 pervicacis
1373 3877 1396 3932 et
1409 3857 1446 3928 oh·

225 3957 340 4028 stinati
358 3957 479 4025 animi.
501 3958 618 4025 Visum
635 3969 685 4028 est
697 3978 778 4048 ergo
794 3979 833 4027 ex
847 3959 1030 4050 Evangelio
1047 3959 1189 4043 discere,
1205 3960 1286 4049 qnid
1301 3952 1444 4048 agendum

225 4051 290 4117 [leo
309 4045 523 4134 permittente
540 4045 572 4114 id
589 4045 680 4132 quod
697 4060 769 4116 erat
784 4045 952 4117 incertum
971 4060 1003 4117 et
1019 4050 1218 4119 obscurum.
1231 4055 1395 4133 Postquam
1409 4053 1447 4132 au·

224 4148 290 4204 tem
309 4133 374 4204 fuit
390 4133 609 4222 explicatum,
627 4133 878 4205 admirabiliter
894 4135 978 4206 baec
996 4158 1055 4207 ror
1073 4139 1206 4208 Domini
1233 4137 1409 4224 resanabat:¹
1423 4135 1444 4186 b

224 4227 300 4311 quob
318 4226 392 4292 vult
419 4225 505 4290 inter
531 4245 588 4291 vos
614 4245 682 4292 cosa
704 4227 846 4314 primus,
874 4228 919 4294 sit
941 4229 1089 4296 omnium
1112 4229 1262 4308 ultimus,
1286 4235 1315 4296 et
1336 4232 1444 4310 omnttlt

224 4311 518 4409 mz'oo'stcrfllottb.
536 4312 601 4400 xx).
621 4317 690 4381 Hoc
705 4313 809 4394 dicto,
831 4313 1078 4384 Praefecturam
1097 4316 1234 4403 quidem
1252 4311 1337 4384 subit
1359 4305 1398 4372 rel
1414 4319 1444 4366 m·

225 4409 311 4464 vita:
339 4419 374 4466 se
402 4412 515 4468 autem
541 4401 590 4469 sic
614 4401 715 4470 etiam
741 4403 799 4472 dat
819 4416 923 4474 totam
944 4403 987 4474 ad
1014 4403 1290 4484 ministrandum,
1308 4393 1380 4488 quid
1398 4405 1443 4458 narn
