2972 4826
242 299 307 364 206
492 317 532 364 nr
556 318 584 365 s.
612 315 769 364 iaanosio
794 317 842 363 ar.
870 316 996 364 uanior.
1023 317 1061 363 ar
1085 316 1174 364 oocr.
1328 297 1438 362 litent

199 401 334 470 inimici
354 401 402 472 tui
422 401 559 482 tradidi;
574 424 637 492 ego
655 402 715 472 tibi
732 402 861 491 copias,
880 421 966 488 quas
984 400 1041 472 ille
1055 401 1237 470 adversum
1258 413 1287 470 te
1303 401 1440 470 exercitui
1484 453 1485 458 ι

200 511 264 560 suo
283 501 555 581 praeparaverat,
582 490 659 560 dedi
674 515 682 572 ;
700 511 763 581 ego
780 489 960 560 inimicum
978 503 1076 560 tuum
1104 491 1138 558 in
1162 502 1349 579 potestatem
1365 502 1440 557 tuam
1484 523 1485 526 ¹

199 579 336 668 redegi;
366 600 428 671 ego
456 579 650 651 desemine
676 591 734 649 tuo
752 601 856 670 supra
881 578 1007 648 solium
1029 580 1126 681 regni
1146 579 1327 659 constitui;
1347 599 1399 734 ιὲο
1418 590 1442 646 ιι
1484 597 1485 600 ’

200 668 416 758 triumphare
441 667 514 740 sine
540 668 655 738 labore
678 667 765 737 leci:
792 680 825 738 et
858 667 961 738 tude
993 689 1051 740 me.
1074 667 1226 738 ratmtcts
1252 668 1331 737 meis
1375 687 1442 735 onas

199 757 454 846 triumphoslii
481 758 542 826 Cui
570 756 791 827 descendenti
810 756 983 837 exedram,
1015 762 1204 847 Imperator
1223 757 1287 826 ait:
1313 760 1444 825 «Contra

199 865 262 914 nos
288 846 495 936 proposuisti
513 845 626 927 hodic,
646 848 838 936 Episcopet
858 852 929 914 »ht
950 844 1007 915 ille
1024 845 1250 936 respondens,
1271 845 1332 914 ait:
1354 868 1370 910 ι
1389 849 1442 914 Iton

198 955 235 1003 se
258 947 376 1004 contra
394 935 521 1023 ipsum,
549 935 605 1004 sed
627 957 687 1024 pro
703 935 779 1026 ipso
794 934 901 1004 luisse
917 935 1119 1004 locutum.»
1144 940 1237 1004 Tunc
1263 939 1442 1024 Imperator:

199 1026 369 1102 «Revera,
386 1024 508 1111 inquit,
527 1023 615 1094 dura
633 1045 870 1115 praeceperam
887 1036 1007 1094 contre
1019 1024 1226 1114 Episcopum
1240 1022 1284 1093 de
1296 1043 1445 1122 synagoga

198 1112 401 1201 reparanda.
429 1117 466 1182 In
487 1113 674 1182 monachos
695 1135 772 1182 vero
794 1113 1040 1182 vindicandum
1058 1133 1145 1194 esse,
1165 1134 1186 1180 a
1205 1111 1384 1182 comitibus
1400 1133 1444 1196 qui

200 1200 233 1268 iii
254 1213 404 1292 ternpore
420 1201 573 1283 aderant,
593 1201 784 1272 dicebatur.
801 1223 819 1268 a
835 1203 967 1283 Quibus
983 1203 1193 1291 Episcopus:
1214 1223 1231 1268 ιι
1250 1201 1316 1292 Ego
1329 1199 1443 1288 quiden

199 1311 277 1358 cum
298 1294 507 1380 Imperatore
528 1313 619 1360 nunc
648 1311 724 1382 ago,
752 1289 928 1360 vobiscum
956 1312 1033 1359 iero
1063 1289 1147 1360 mihi
1177 1289 1278 1360 aliter
1299 1287 1444 1380 agendum

202 1389 264 1448 est.
284 1400 300 1445 >i
322 1382 431 1466 ¹Itque
447 1378 494 1448 ita
513 1380 674 1461 obtinuit,
699 1392 736 1448 ut
754 1378 824 1460 illa,
845 1399 934 1466 quae
959 1391 1085 1450 statuta
1105 1379 1251 1459 lucrant,
1276 1397 1447 1448 revocaren-

200 1478 266 1536 tur.
293 1472 358 1538 Nec
383 1467 478 1558 prius
503 1467 546 1538 ad
573 1468 680 1539 altare
707 1467 868 1538 accedere
886 1467 1003 1549 voluit,
1032 1468 1099 1538 nisi
1117 1467 1183 1536 nde
1203 1491 1269 1538 sua
1285 1471 1447 1556 Imperator
1476 1525 1477 1530 ,

199 1553 298 1625 illum
318 1578 335 1625 a
362 1578 417 1626 ere
433 1556 556 1627 debere
575 1568 763 1628 testaretur.
782 1557 842 1626 Cui
859 1558 1069 1647 EpIscopus:
1088 1561 1205 1646 «Ergo
1217 1579 1285 1658 ago
1300 1556 1363 1626 ilde
1376 1570 1447 1624 tuat
1484 1625 1485 1629 ,

200 1579 388 1733 Respondit
414 1650 625 1736 Imperator:
653 1667 670 1712 ιι
694 1649 760 1734 hge
791 1645 858 1714 lide
883 1667 968 1714 mea.
992 1669 1009 1712 ii
1035 1650 1107 1728 Qua
1131 1667 1318 1734 sponsione
1341 1646 1446 1720 iterata,
1484 1681 1485 1694 ι

200 1733 268 1802 ἰιιιιι
287 1755 431 1804 securus
451 1735 581 1826 peregit
598 1735 762 1804 Sacerdos
776 1734 892 1802 dlviua
911 1735 1083 1825 mysteria.
1107 1739 1196 1804 llaec
1210 1747 1326 1804 autem
1347 1733 1449 1821 scripta
1475 1776 1478 1804 ι

199 1817 279 1891 suiit
294 1821 327 1890 in
345 1823 501 1912 epistola,
520 1845 623 1910 quarn
645 1823 686 1892 ad
725 1845 902 1892 ermanam
920 1845 1018 1892 suam
1037 1823 1125 1902 fecit,
1146 1823 1180 1892 in
1201 1845 1272 1910 qua
1295 1835 1448 1893 tractatum
1484 1893 1485 1896 Ἴ

198 1909 355 1993 Inseruit,
378 1935 480 2000 quein
498 1911 616 1983 eodem
634 1845 828 1982 dtehabuit
846 1911 888 1982 de
904 1911 1027 1982 baculo
1052 1933 1171 1994 nuceo,
1190 1913 1252 2002 qui
1273 1935 1291 1982 a
1310 1913 1449 2002 Propheta
1484 1957 1485 1986 ι

198 2001 347 2070 Ieremia
365 2001 459 2072 visus
477 2023 550 2072 esse
575 2000 790 2071 describitur.
1484 2071 1485 2078 ,

245 2090 350 2176 §12
378 2090 545 2160 Paridem
568 2102 705 2180 tempus
723 2111 828 2159 causa
844 2089 861 2124 '⁵
885 2089 1199 2161 Thessalonicensis
1217 2089 1376 2168 civitatis,
1401 2105 1449 2155 non

201 2176 349 2248 minima
373 2181 538 2250 successit
563 2178 738 2249 tributario
763 2177 947 2260 Sacerdoti,
974 2201 1054 2249 cuin
1077 2201 1162 2270 pene
1185 2181 1405 2270 comperisset
1417 2175 1451 2244 ci·

201 2267 335 2342 vitatem
357 2267 516 2338 deletam.
544 2268 749 2339 Promiserat
772 2268 863 2337 enlm
891 2267 940 2337 illi
969 2273 1159 2356 Imperator
1184 2289 1220 2336 se
1254 2269 1384 2338 veniam
1409 2263 1451 2332 da·

200 2367 316 2424 turum
335 2356 469 2426 cicibus
493 2355 711 2445 supradictae
739 2355 897 2434 civitatis,
929 2357 987 2427 sed
1012 2357 1194 2448 agentibus
1212 2357 1451 2427 Comitibusoo·

200 2443 292 2513 culte
322 2466 401 2514 cum
434 2450 667 2533 Imperatore,
694 2446 702 2514 i
732 2458 873 2515 noranta
902 2445 1107 2526 Sacerdote,
1141 2467 1251 2536 usque
1286 2447 1321 2515 iii
1354 2445 1448 2513 horarii

201 2532 334 2602 tertiam
361 2531 475 2621 gladio
495 2533 614 2604 civitas
634 2547 684 2604 est
700 2467 836 2614 donata,
865 2547 966 2622 atque
992 2535 1135 2624 plurimi
1160 2535 1358 2624 interempti
1380 2535 1452 2626 inno

199 2632 325 2691 centes.
349 2622 444 2705 Quod
463 2621 589 2692 iactum
611 2623 670 2693 ubi
684 2624 906 2714 comperisset
924 2622 1099 2703 Sacerdos,
1118 2624 1253 2714 copiam
1273 2629 1451 2717 Imperatori
1484 2703 1485 2707 Ἰ

200 2709 416 2800 ingrediendi
447 2711 626 2781 ecclesiam
660 2711 864 2802 denegavit:
901 2735 962 2781 nec
998 2713 1095 2802 prius
1128 2713 1275 2804 dignum
1307 2710 1452 2803 judicant

200 2800 311 2868 coetui
329 2798 491 2870 ecclesiae
511 2800 561 2869 vel
579 2814 872 2870 sacramentorum
896 2802 1145 2882 communioni,
1170 2821 1275 2888 quam
1301 2799 1452 2890 publicam

199 2899 313 2976 ageret
338 2889 593 2976 poenitentiam.
622 2889 683 2959 Cui
703 2894 893 2978 Imperator
908 2902 1026 2960 contra
1046 2891 1229 2968 asserebat,
1255 2889 1360 2960 David
1376 2883 1453 2980 adul

200 2975 323 3044 terium
342 2990 374 3046 et
391 2976 616 3048 homicidium
637 2991 866 3068 perpetrasse:
885 2978 945 3049 sed
961 3000 1162 3070 responsum
1180 2977 1275 3049 illico
1290 2992 1359 3050 est:
1377 2979 1453 3056 «Qu

199 3075 339 3164 secutus
357 3086 394 3136 es
410 3077 593 3148 errantem,
610 3088 751 3155 sequere
771 3067 1009 3169 corrigentem.
1030 3067 1161 3150 »Quod
1182 3067 1240 3137 ubi
1258 3067 1390 3139 audivit
1404 3062 1455 3133 cle·

199 3153 436 3226 mantissimas
453 3159 652 3245 Imperator,
673 3157 721 3225 ita
736 3169 887 3246 suscepit
902 3157 1030 3237 animo,
1049 3169 1086 3226 ιιι
1104 3155 1280 3247 publicam
1300 3155 1455 3246 poeniten·¹

200 3241 280 3314 tiam
300 3264 377 3344 non·
393 3244 601 3316 abhorreret.
631 3245 736 3334 Cujus
764 3245 986 3316 correctionis
1010 3246 1182 3336 profectus
1206 3245 1395 3315 secundam
1418 3235 1455 3308 Illi
1484 3303 1485 3326 ἶ

200 3333 536 3422 paravitiictoriam.
875 3333 879 3346 '
1005 3353 1007 3361 ⁴
1450 3411 1454 3423 ¹

243 3422 261 3509 ἕ
286 3425 358 3493 18.
385 3425 448 3492 Per
471 3422 561 3492 idam
586 3433 722 3513 tempus
746 3420 816 3492 duo
839 3422 1067 3514 potentissimi
1084 3435 1117 3492 et
1137 3420 1385 3513 sapientissimi
1407 3417 1454 3484 vin

197 3513 379 3580 Persarum
412 3510 455 3580 ad
483 3511 610 3580 lamam
637 3509 824 3582 sacerdotis
849 3531 970 3582 venere
1000 3511 1257 3595 hlediolanum,
1286 3509 1456 3606 deferentes

198 3619 315 3670 secum
343 3600 511 3690 plurimas
527 3601 755 3687 quaestiones,
776 3613 814 3670 ut
830 3621 869 3671 ei
886 3601 955 3672 ints
973 3601 1156 3691 probarent
1170 3600 1375 3690 sapientiam
1391 3614 1454 3691 virt·

198 3691 287 3788 Cum⁴
307 3709 375 3776 quo
394 3689 438 3760 ab
463 3688 547 3758 liora
563 3688 633 3759 diei
657 3689 770 3779 prima
793 3711 905 3847 usgue
921 3689 964 3758 ad
987 3690 1104 3760 horam
1127 3689 1195 3759 lere
1211 3690 1346 3759 tertiam
1366 3696 1457 3755 noctis

198 3796 259 3864 per
279 3789 497 3866 interpretem
517 3777 793 3869 disputaverunt,
814 3800 831 3848 a
862 3779 1092 3866 mirantesque
1109 3778 1345 3848 discesserunt
1360 3777 1400 3843 ab
1414 3789 1455 3838 eo.

196 3867 236 3932 itt
255 3878 293 3934 ut
316 3887 352 3936 se
382 3867 564 3956 probarent
588 3888 656 3938 non
687 3867 730 3937 ob
758 3866 861 3937 aliam
887 3889 1027 3938 causam
1050 3869 1199 3947 venisse,
1233 3867 1302 3935 nisi
1324 3879 1359 3935 ut
1381 3871 1457 3930 certo

196 3951 324 4052 certius
343 3969 480 4026 nossent
504 3956 630 4037 virum,
649 3977 752 4113 prtem
770 3955 862 4025 lama
885 3977 960 4027 com
989 3969 1134 4038 ererant,
1162 3956 1230 4025 alla
1254 3955 1324 4036 die,
1351 3946 1457 4020 valcla-

196 4054 325 4112 cientes
346 4045 559 4136 Imperatori,
589 4066 650 4135 pro
665 4045 730 4114 ecti
755 4045 897 4114 suntad
920 3979 1040 4117 urbem
1058 4051 1214 4125 Romam,
1235 4043 1307 4113 illic
1324 4041 1456 4134 volantes

197 4149 402 4221 cognoscere
427 4135 612 4224 potentiam
632 4133 776 4204 illustris
801 4134 862 4203 viri
880 4135 1004 4205 Probi:
1022 4157 1091 4292 Ἱιιι
1105 4134 1252 4225 cognita,
1274 4131 1318 4202 ad
1336 4144 1457 4221 proprio¹

198 4232 421 4292 reverterunt.
449 4221 511 4292 Sed
537 4243 674 4311 egresso
695 4222 884 4293 Theodosio
913 4223 955 4293 de
980 4228 1028 4294 Ita
1046 4225 1089 4305 ia,
1117 4236 1149 4293 et
1179 4209 1457 4304 Constantimpoh

197 4311 401 4390 constituto,
434 4309 671 4391 Valentiniano
709 4316 861 4402 Augusto
897 4313 986 4384 intra
1021 4313 1148 4384 Gallias
1179 4311 1310 4403 posito,
1344 4306 1456 4376 directa

223 4433 238 4461 ⁸
251 4437 318 4476 Anno
327 4437 366 4476 890
374 4435 453 4478 clades
463 4435 684 4480 Thessalonicensis
694 4440 830 4489 perpetrata
840 4442 884 4481 eat.
