2932 4812
7 298 66 361 thu.
93 295 129 360 at
355 315 394 360 nn
419 313 445 362 s.
472 313 670 361 ninanrmno
695 309 893 362 consessore
1150 297 1213 360 64¹9

9 422 62 468 nae
87 398 300 469 miraculum
330 397 372 468 de
388 399 520 470 lumine
543 399 651 469 fecit?
676 402 803 490 Regina
828 399 920 469 enim
941 397 1036 468 Galla
1062 397 1255 480 Placidia*‚

7 503 23 556 vt
44 488 206 569 audistis,
234 487 436 578 suppliciter
458 491 535 580 ejus
558 488 735 580 flagitabat
758 488 926 560 auxilium
953 509 1015 578 pro
1029 487 1179 576 quadam
1196 507 1260 556 sua

7 577 182 667 edisequa,
211 597 300 664 quae
324 576 601 649 intolerabilibus
624 578 844 649 cruciabatur
867 575 1046 648 doloribus
1059 575 1257 647 oculorum:

12 667 39 734 oi
65 687 143 735 mox
169 665 278 756 pallio
302 687 365 735 suo
388 667 465 756 ejus
480 665 598 736 oculos
622 667 716 757 tangi
743 665 927 756 praecepit,
949 667 1046 736 etsie
1061 667 1105 736 ab
1124 686 1164 735 ea
1179 686 1258 754 pro-

7 757 74 824 inus
88 776 232 825 omnem
253 753 433 844 pestiferae
450 755 678 914 aegritudinis
695 755 886 828 molestiam
905 754 1079 844 effugavit.

29 846 44 929 ξ
67 848 103 911 1.
131 847 351 944 Quapropter
374 865 453 914 cum
513 845 690 935 ignitateur
719 856 836 926 tuam,
864 842 1064 914 felicissima
1083 843 1168 912 urbs
1192 848 1259 912 Ra·

9 953 102 1013 enna,
121 931 247 1002 subtili
267 931 489 1004 meditatione
511 932 703 1013 considero,
722 933 930 1024 largissimis
947 945 978 1002 te
1002 931 1259 1004 misericordiae

7 1021 117 1090 livinae
143 1019 326 1092 beneficiis
350 1019 493 1092 ditatam
518 1043 592 1091 csse
623 1043 683 1112 per
708 1021 809 1091 endo.
836 1021 939 1091 Video
970 1022 1086 1103 enim,
1112 1020 1195 1108 quia
1218 1041 1260 1090 ex

7 1131 58 1196 pso
86 1109 253 1200 originali
283 1108 375 1180 fonte
408 1111 620 1181 Christianae
650 1043 853 1200 reiigionis,
885 1123 1069 1200 perpetuae
1103 1109 1260 1180 meruisti
1340 1196 1343 1204 ,

7 1197 143 1267 loculum
159 1199 305 1270 haurire
329 1199 462 1271 salutis.
489 1205 527 1270 In
552 1199 729 1270 Antiochia
754 1222 914 1287 namque,
942 1200 1032 1270 sicut
1061 1200 1095 1268 in
1121 1197 1261 1268 lctibus

7 1287 219 1372 tpostolnrum
248 1287 385 1378 legitur,
414 1289 567 1380 primum
582 1287 764 1358 Christiani
784 1287 948 1378 discipuli
968 1300 1050 1358 suot
1068 1288 1190 1357 vocati.
1213 1291 1261 1356 Ex

12 1395 63 1461 pso
84 1377 189 1466 igitur
213 1389 354 1446 sanctae
378 1377 548 1448 Ecclesiae
578 1376 802 1448 fundamento
825 1377 1011 1465 quadratos
1040 1375 1172 1468 lapides
1202 1397 1261 1445 su-

7 1465 132 1552 scepisti,
159 1487 269 1556 super
295 1487 383 1553 quos
408 1467 500 1536 velut
519 1465 739 1536 firmissimas
758 1466 858 1536 bases
883 1477 1006 1546 erecta,
1029 1464 1198 1534 immobili
1223 1485 1260 1536 es

7 1551 56 1618 ide
74 1565 103 1622 et
122 1555 317 1624 sanctitatis
333 1555 503 1626 soliditate
520 1553 675 1624 fundata.
694 1554 778 1624 Inde
794 1555 887 1624 enim
906 1554 1012 1625 habes
1028 1553 1260 1643 Apollinarem

7 1640 214 1740 lpostolicum
246 1654 445 1733 martyrem,
476 1641 556 1712 inde
579 1644 680 1712 etiam
707 1644 949 1714 barbatianum
971 1643 1148 1734 egregium
1174 1647 1261 1712 Con-

7 1749 165 1813 essorem‚
185 1731 249 1818 qui
271 1731 363 1802 velut
387 1732 475 1802 duae
495 1731 801 1802 excellentissimae
829 1731 922 1802 cedri
954 1731 1128 1821 paradisi,
1156 1733 1206 1800 sic
1230 1743 1262 1800 te

7 1819 92 1887 ramis
107 1841 188 1890 suae
204 1822 428 1910 protectionis
442 1821 663 1902 obumbrant,
681 1832 719 1891 ut
735 1821 763 1890 si
781 1821 846 1891 sub
863 1821 912 1891 eis
929 1819 1106 1890 humiliter
1120 1840 1261 1888 manere

7 1904 143 1988 volneris,
163 1929 304 1978 omnem
324 1931 343 1978 a
364 1923 394 1978 te
411 1909 583 1979 turbinem
609 1909 824 1980 adversariae
839 1909 1050 1999 tempestatis
1074 1907 1258 1998 expellant.

7 1995 35 2088 Et
49 2007 79 2062 ot
93 1997 139 2066 eis
154 1996 275 2068 deesse
295 1998 381 2066 nihil
400 1999 519 2079 valeat,
542 1997 633 2086 quod
651 1997 694 2067 ad
710 1998 890 2069 cumulum
917 2010 995 2069 tuae
1018 1995 1190 2066 felicitatis
1210 2007 1262 2065 at-

7 2091 103 2164 tineat,
120 2107 197 2156 mox
211 2100 251 2158 ut
266 2085 308 2156 de
327 2087 546 2158 antiochenis
562 2085 693 2156 linibus
703 2101 839 2168 exeunt,
863 2093 1001 2168 Romae,
1024 2107 1112 2172 quae
1130 2085 1262 2172 absque

7 2166 95 2240 dnbio
116 2189 219 2266 caput
234 2187 287 2270 est
303 2188 335 2245 et
352 2175 555 2276 principalis
570 2175 669 2246 sedes
685 2176 787 2246 totius
803 2189 940 2246 sanctae
965 2173 1146 2254 Ecclesiae,
1167 2195 1262 2243 com·

10 2275 186 2345 morantur;
216 2264 384 2334 nimirum
411 2278 449 2334 ut
469 2287 502 2333 m
529 2264 646 2334 schola
662 2265 749 2334 Petri
768 2265 930 2356 primitus
947 2265 1092 2343 discant,
1120 2262 1211 2351 quod
1232 2275 1262 2331 ta

14 2351 206 2428 postmodum
227 2353 271 2421 de
287 2353 442 2422 doctrina
461 2354 611 2423 veritatis
627 2353 811 2424 erudiant:
837 2365 869 2422 et
892 2353 935 2422 de
960 2354 1146 2443 purissimo
1171 2351 1262 2422 fonte

14 2432 204 2511 abundanter
228 2441 362 2522 bibant,
379 2442 470 2528 quod
489 2443 524 2510 in
547 2455 576 2511 te
593 2441 753 2512 salutaris
769 2442 944 2512 doetrinae
960 2442 1155 2532 magisterio
1172 2439 1264 2510 velut

13 2529 173 2599 eructando
200 2529 457 2601 transfundant.
487 2536 674 2618 Tamquam
701 2531 792 2600 enim
822 2533 945 2601 iterum
968 2531 1108 2608 Paulus,
1137 2531 1260 2599 iterum

10 2611 221 2705 Apollonios
239 2619 348 2688 illein
367 2619 434 2688 fide
459 2620 635 2708 plantavit,
656 2620 719 2688 iste
736 2618 931 2711 largissimo
958 2619 1205 2689 miraculorum
1230 2628 1264 2687 et

11 2701 253 2802 praedicationis
270 2707 380 2777 imbre
407 2709 541 2798 rigavit.
569 2708 630 2778 Sed
654 2709 735 2794 quia
756 2730 867 2796 neque
883 2709 944 2794 qui
962 2708 1103 2797 plantat,
1123 2729 1162 2776 ex
1188 2708 1264 2865 ipso

11 2799 49 2882 est
64 2789 195 2878 ahquid,
211 2801 324 2884 neque
338 2796 400 2882 qui
416 2798 514 2888 rigat,
540 2819 600 2866 nos
620 2798 721 2866 etiam
738 2797 930 2886 apostolica
946 2807 1125 2885 sequentes
1148 2816 1204 2864 ver
1230 2816 1261 2876 a,

11 2870 165 2951 dieamus:
192 2891 279 2954 Deus
298 2895 411 2954 atatem
435 2888 675 2956 incrementum
701 2886 801 2956 dedit.

46 2965 60 3048 f
81 2969 116 3036 8.
141 2975 206 3072 llos
227 2974 334 3075 igitur
352 2986 418 3044 tam
446 2975 651 3063 praeclaros
679 2974 835 3046 coelestis
859 2975 977 3045 curiae
995 2985 1180 3054 senatores,
1201 2971 1263 3041 fra·

13 3057 65 3118 tres
90 3063 279 3142 carissimi,
317 3062 462 3149 perfecto
493 3063 607 3136 cordis
641 3085 757 3134 amore
790 3063 949 3154 diligite,
985 3063 1109 3132 horum
1134 3061 1264 3131 imitari

14 3145 143 3231 exempla
174 3163 241 3221 tota
270 3152 377 3220 animi
411 3151 588 3222 devotione
617 3163 745 3222 curate.
772 3158 854 3222 Nam
881 3153 911 3222 si
935 3151 1039 3222 vultis
1072 3148 1262 3238 essequod

15 3241 88 3308 sunt,
110 3253 306 3310 necesseest
330 3241 431 3310 etiam
458 3263 516 3310 vos
541 3240 661 3321 facere,
688 3241 778 3327 quod
806 3241 971 3311 fecerunt.
997 3245 1061 3309 Per
1079 3261 1121 3308 an
1150 3251 1262 3309 ustam

16 3329 79 3402 ergo
98 3333 128 3419 et
150 3347 303 3417 asperam
331 3328 459 3399 laboris
487 3330 592 3411 viam,
622 3328 860 3410 dilectissimi,
888 3330 923 3398 in
951 3328 1014 3398 hoc
1033 3263 1157 3402 sconii)
1181 3347 1260 3397 cum

17 3419 121 3498 sanctis
144 3414 299 3499 incedite,
327 3429 364 3487 ut
389 3418 608 3518 postmodum
627 3417 766 3488 valeatis
791 3417 833 3487 ad
859 3440 978 3489 eorum
1004 3416 1124 3509 gaudii
1148 3415 1263 3487 latitu-

19 3483 110 3581 dinem
149 3507 311 3591 ervenire.
338 3510 403 3588 Qui
426 3506 519 3576 enim
536 3505 619 3575 dicit
633 3529 668 3577 se
685 3507 719 3574 in
738 3506 870 3578 Christo
889 3528 1038 3588 manere,
1059 3506 1158 3577 debet
1175 3506 1264 3576 sicut

20 3523 266 3685 lllttsstttltiulavit,
293 3605 324 3664 et
345 3594 420 3684 ipse
441 3594 632 3666 ambulare.
661 3596 782 3666 Procul
806 3596 914 3667 dubio
930 3607 1042 3666 autem
1067 3618 1084 3665 a
1111 3595 1263 3686 vestigiis

21 3661 119 3740 thnsn
133 3683 304 3765 exorbitat,
331 3684 392 3770 qui
412 3695 596 3774 angustam
623 3682 776 3774 fugiens,
804 3683 998 3755 latitudinis
1025 3684 1115 3754 viam
1141 3684 1260 3755 calcat.

22 3749 71 3820 lste
92 3781 229 3856 namque
252 3772 474 3842 beatissimus
494 3772 569 3854 vir,
595 3771 697 3862 cujus
722 3771 888 3844 hodierna
913 3773 1081 3844 solemnia
1104 3773 1263 3861 frequen·

23 3845 76 3910 tan
96 3857 289 3942 gaudemus
312 3883 379 3931 non
397 3875 551 3930 terrenos
575 3861 722 3932 hohores
739 3859 858 3943 voluit,
885 3883 953 3932 non
973 3861 1112 3933 fallaces
1128 3861 1264 3931 divitias

26 3943 221 4034 cligagavit,
246 3971 312 4018 noo
341 3950 463 4018 mundi
484 3949 629 4040 gloriam
658 3950 765 4040 petiit,
797 3971 866 4020 non
891 3951 1106 4022 transitoriae
1133 3969 1265 4040 posses-

28 4029 109 4093 sams
124 4037 256 4116 praedia
276 4037 452 4120 dilatavit,
484 4039 697 4129 propinquos
725 4041 871 4140 sprevit,
898 4041 1043 4135 patriam
1069 4037 1261 4124 dereliquit,

30 4114 212 4273 sttnetipsum
236 4149 374 4218 quoque
397 4149 460 4216 pro
474 4147 601 4197 amore
626 4127 749 4198 Christi
766 4127 925 4200 funditus
945 4129 1137 4217 abnegavit.
1160 4130 1264 4194 Nemo

31 4203 89 4277 “80
136 4207 216 4298 icat,
251 4215 344 4304 quod
379 4215 429 4286 illi
467 4215 684 4287 solummodo
720 4217 925 4288 coelestibus
964 4217 1059 4307 digni
1102 4213 1265 4306 praemiis

33 4345 195 4459 Githfaiiismmm
209 4377 342 4438 theodosii,
354 4382 429 4420 mutar
443 4387 499 4419 vero
515 4378 672 4440 mperetorta
684 4377 841 4418 valentiniani
852 4380 892 4419 111.
904 4381 966 4419 Uxor
980 4379 1083 4428 primum
1093 4379 1139 4420 tuit
1148 4379 1257 4429 Attulphi

140 4433 205 4476 reptat
215 4433 297 4481 nupsit
306 4431 388 4474 delude
398 4432 543 4476 Constantio,
552 4431 606 4472 duat
616 4433 756 4473 clarissimo.
768 4431 832 4472 Obttt
841 4441 904 4474 anuo
913 4435 958 4473 tto.
