2932 4812
13 299 82 364 tlt-:C
108 301 143 364 at
317 322 355 366 nn
379 321 406 368 s.
434 317 608 368 sumsero
633 321 712 366 roro
737 321 774 368 ur
798 319 938 368 conrnss
1167 303 1230 366 613

10 417 33 470 et
49 403 132 473 stetit
148 425 168 474 a
185 403 285 474 nullo
305 405 463 476 detentus
479 429 486 486 ;
505 417 537 476 et
556 405 597 474 ad
616 427 694 476 eum
712 404 879 476 accedens
897 403 1066 473 mirificus
1086 402 1143 472 ille
1189 419 1271 486 ater,

7 513 70 590 rum
95 493 138 562 ab
161 493 340 650 impositis
356 515 434 563 eum
453 493 609 564 solvisset
634 493 803 564 vinculis:
831 493 940 574 «Abi,
963 492 1086 578 inquit,
1108 425 1199 561 uncle
1222 515 1274 562 ve-

6 581 84 662 nisti,
110 594 205 652 osten
235 603 300 653 ens
323 582 487 673 deinceps
511 605 648 652 omnem
675 581 989 661 mansuetudinem,
1010 582 1182 651 neminem
1206 582 1275 651 lao-

4 667 85 749 dens,
113 692 225 758 neque
251 682 370 742 contra
387 671 497 741 ullum
516 673 719 762 insurgens:
749 672 831 742 haec
857 671 918 742 tibi
935 671 1034 760 jubet
1057 677 1159 740 lesus
1177 670 1272 739 Chri·

2 771 86 838 stus,
116 760 280 830 omnium
307 766 404 830 Deus.
430 784 447 827 ι)
473 759 533 828 Ille
558 775 671 829 autem
697 762 811 830 statim
838 760 966 830 sensim
992 757 1076 828 abiit
1100 773 1131 826 et
1156 759 1273 846 quieto

1 847 87 934 pede,
106 849 166 938 qui
193 848 295 938 prius
314 861 387 918 erat
403 848 548 918 immitis
563 861 596 918 et
613 850 878 920 immansuetus.
901 853 990 917 Haec
1015 869 1072 916 eos
1098 849 1158 934 qui
1180 847 1271 917 vide-

2 937 98 1016 bant,
125 936 460 1028 obstupefecerunt,
495 951 551 1019 et,
577 943 659 1007 Vere
691 951 938 1028 magnus-est,
964 937 1069 1024 quia
1102 936 1273 1025 sylvestro

2 1025 223 1112 praedicatur,
244 1030 345 1107 Deus,
358 1025 566 1097 clamabant.
579 1025 702 1096 ludaei
720 1040 834 1097 autem
851 1025 894 1096 ad
909 1031 1072 1096 Sanctum
1091 1045 1275 1094 accurren-

2 1123 56 1194 tes,
73 1113 167 1184 illius
193 1114 302 1204 pedes
319 1115 584 1204 prehensurunt,
605 1129 637 1185 et
655 1127 819 1205 rogarunt
843 1129 881 1185 ut
896 1127 1008 1184 oraret
1032 1136 1094 1204 pro
1118 1114 1215 1204 ipsis,
1242 1125 1275 1184 et

4 1201 48 1271 eis
60 1207 160 1274 lleum
179 1203 346 1294 placaret.
362 1208 400 1273 Et
417 1203 547 1294 inclyta
563 1205 763 1295 Imperatrix
779 1202 918 1286 Helena,
936 1202 1019 1272 velis
1033 1202 1167 1284 ablatis,
1184 1203 1274 1273 intra

7 1311 82 1446 puae
106 1291 260 1374 sedebat,
288 1292 434 1363 audiens
458 1313 497 1362 ea
527 1314 615 1381 quae
642 1292 857 1374 dicebantur,
884 1306 916 1362 et
939 1304 1098 1381 spectans
1122 1307 1165 1360 ea·
1185 1312 1275 1379 quae

29 1381 135 1462 ebant,
162 1401 306 1472 egressa
330 1393 382 1452 est
404 1394 438 1452 et
461 1381 609 1471 precidit
633 1382 676 1452 ad
702 1383 817 1452 Sancti
843 1382 961 1471 pedes,
989 1381 1095 1450 Credo
1119 1381 1273 1462 Christo,

7 1466 121 1550 dicens,
136 1481 170 1540 el
182 1491 314 1560 rogans
325 1483 362 1540 ut
376 1469 534 1542 divinum
550 1471 761 1560 baptismum
783 1481 1060 1559 consequeretur.
1081 1469 1138 1538 vir
1160 1481 1275 1539 autem

8 1555 296 1647 illelpostolicuS,
323 1559 485 1629 omnibus
509 1560 544 1628 in
571 1560 756 1630 Dominum
778 1571 934 1629 nostrum
953 1563 1072 1628 lesum
1098 1557 1273 1629 Christum

6 1645 213 1743 credentibus
239 1669 320 1720 eum
347 1649 536 1737 propitium
563 1648 718 1719 laturum
747 1647 934 1750 pollicitus,
961 1647 1115 1727 eumilo,
1140 1649 1201 1735 qui
1224 1646 1275 1716 di·

8 1755 114 1832 vinum
134 1736 298 1807 volebant
314 1739 452 1824 assequi
465 1737 693 1827 baptismum,
708 1737 885 1825 J'eJuoium
904 1735 1134 1826 praecepisset
1149 1747 1182 1806 et
1197 1758 1276 1806 san-

8 1823 265 1918 ctificationem,
299 1824 456 1896 dissolvit
486 1837 704 1896 conventum.
739 1825 867 1896 Deinde
900 1847 979 1896 cum
1014 1845 1071 1894 eos
1104 1825 1274 1894 catechesi

9 1911 186 1996 imbuisset,
214 1914 276 2002 qui
301 1926 400 1985 erant
422 1914 667 1995 illuminandi,
691 1927 723 1984 et
747 1914 855 1995 iniis,
877 1935 965 2002 quae
982 1913 1024 1982 de
1046 1933 1140 1982 more
1164 1911 1274 1992 fiunt,

12 2002 95 2084 prius
109 2025 166 2074 eos
182 2003 367 2085 initiasset,
395 2003 544 2092 baptizat
568 2007 720 2093 primum
737 2003 878 2090 quidem
896 2001 1150 2092 Imperatricem
1168 2023 1175 2065 ε
1199 2013 1277 2089 post

10 2107 74 2158 eam
96 2104 209 2163 autem
238 2095 473 2163 Romanorum
497 2113 635 2180 quoque
663 2091 944 2172 multitudinem,
967 2112 1056 2177 quae
1083 2110 1151 2159 uon
1176 2087 1277 2159 facilc

11 2183 172 2332 pudmerari
191 2191 335 2272 poterat,
355 2194 387 2251 et
403 2201 461 2250 eos
477 2183 537 2269 qui
556 2180 627 2251 illic
643 2181 786 2251 aderant
801 2180 963 2260 ludaeos,
983 2180 1045 2268 qui
1064 2199 1185 2248 omnes
1202 2199 1277 2247 ere-

36 2282 171 2341 temnt.

54 2355 70 2439 ἓ
90 2359 155 2430 82.
184 2363 276 2429 Haec
300 2370 414 2428 autem
433 2379 512 2430 cum
559 2359 591 2428 ie
605 2358 893 2437 administrasset,
915 2371 947 2427 at
964 2356 1068 2426 tidem
1084 2355 1275 2437 dilatasset,

15 2439 232 2536 fiduciamque
256 2459 289 2518 et
313 2447 504 2519 libertatem
529 2381 680 2518 dedisset
705 2445 965 2536 praedicationi,
993 2459 1026 2515 et
1053 2443 1180 2514 deinde
1204 2465 1276 2514 una

14 2550 81 2600 cum
112 2537 333 2626 Imperatrice
360 2535 532 2626 profectus
555 2549 643 2608 esset
666 2535 884 2616 Jerusalem,
910 2534 1009 2604 etad
1042 2531 1275 2622 quaerendam

13 2617 181 2719 salutarem
209 2626 334 2697 Christi
352 2629 493 2696 Crucem
509 2626 540 2695 ei
556 2625 812 2706 collaborasset,
838 2636 871 2694 et
888 2634 1025 2715 propter
1044 2622 1277 2692 inventionem

13 2727 79 2792 eius
100 2727 186 2784 esset
209 2714 423 2796 collaetatus,
450 2725 482 2785 et
510 2714 636 2786 multos
661 2712 731 2784 illic
756 2735 892 2802 quoque
911 2711 1058 2783 ludaeos
1083 2711 1125 2781 ad
1152 2709 1277 2780 Christi

13 2793 105 2868 fidem
129 2803 337 2884 adduxisset,
358 2816 390 2874 et
405 2825 464 2873 eos
480 2801 597 2874 divino
613 2803 787 2894 baptismo
802 2802 970 2873 initiasset
986 2802 1020 2869 in
1040 2799 1180 2870 nomine
1197 2820 1278 2869 san-

14 2896 76 2956 ctae
93 2891 275 2974 Trinitatis,
295 2905 327 2964 et
346 2892 509 2963 evasisset
532 2891 656 2982 plenus
680 2893 803 2963 diebus
820 2892 975 2982 spiritus,
996 2901 1120 2960 terram
1161 2887 1277 2958 uidem

15 2983 111 3046 terrae
133 2980 293 3062 reddidit,
321 3005 338 3051 s
366 2981 482 3052 iritum
500 2992 614 3052 autem
634 2981 794 3070 deposuit
811 2981 844 3048 in
869 2981 1030 3050 manibus
1055 2910 1275 3068 lngtllorum,

14 3061 243 3140 abducendum
260 3069 302 3140 ad
321 3003 507 3152 Christum,
525 3069 585 3156 qui
610 3070 720 3140 luerat
745 3071 788 3139 ah
813 3090 852 3138 eo
874 3067 1103 3159 praedicatus,
1130 3080 1163 3137 et
1188 3065 1278 3136 mul·

15 3159 114 3224 torum
133 3156 303 3238 lahornm,
325 3180 412 3246 quos
428 3171 566 3248 propter
582 3158 679 3228 illum
698 3171 905 3248 susceperat,
920 3167 1142 3247 accepturum
1162 3175 1277 3225 remu·

18 3243 215 3328 iterationes,
246 3247 386 3334 quando
418 3247 528 3318 veniet
556 3247 746 3333 unicuique
775 3246 973 3317 redditurus
998 3244 1189 3314 secundum
1216 3263 1279 3342 sua

18 3346 129 3413 opera:
155 3355 255 3422 quem
281 3337 378 3406 decet
401 3337 516 3405 omnis
540 3335 650 3406 honor
665 3354 697 3406 et
712 3336 877 3416 adoratio,
895 3357 975 3405 oum
994 3339 1090 3404 Patre
1116 3331 1279 3424 prinoipn

18 3431 150 3516 experte,
177 3437 208 3494 et
229 3425 378 3495 increato
393 3438 425 3494 ct
441 3423 571 3494 honore
587 3425 617 3493 ei
634 3424 766 3512 aequali
790 3425 931 3515 Spiritu,
961 3434 1105 3492 nuncet
1129 3440 1277 3510 semper,

19 3514 45 3569 et
60 3527 89 3574 m
110 3512 222 3582 secula
239 3510 450 3595 seculorum,
470 3519 573 3583 lmen
591 3513 619 3577 *.

43 3683 52 3700 ¹
66 3683 83 3722 S.
98 3687 212 3736 sylvester
226 3703 268 3742 per
282 3692 372 3742 legatos
385 3690 490 3742 praemit
503 3693 636 3732 Arelatenst
647 3693 758 3738 conetlto,
767 3694 836 3742 qnod,
846 3695 928 3733 contra
938 3690 1080 3735 Donatistae.
1091 3699 1151 3730 enno
1162 3691 1210 3732 stt.
1218 3688 1279 3728 celc-

22 3731 101 3779 hrstum
113 3745 159 3786 est:
172 3749 241 3794 utque
255 3747 435 3786 Ooustsnttnum
449 3748 619 3794 Imperatorem
629 3747 747 3792 onoltovtt,
757 3749 783 3785 ut
795 3747 923 3786 tttcaenum
933 3747 1080 3794 convocaret,
1091 3743 1153 3793 quod
1164 3748 1188 3782 et
1197 3741 1280 3781 coufir-

23 3795 89 3830 norn.
101 3794 152 3842 tpso
165 3801 255 3847 primus
270 3799 410 3840 Ponttttcnm
424 3798 518 3845 (licitur,
532 3801 574 3848 qut
588 3799 683 3848 pileum.
701 3799 832 3840 diademate
847 3801 963 3846 ornatum,
973 3799 1003 3838 sd
1012 3794 1190 3846 stauiflcsndmu
1201 3795 1279 3844 renale

24 3845 169 3895 suardottum,
182 3853 317 3903 sunrpsertt.
332 3853 393 3892 Huic
407 3852 534 3892 dtudemett
549 3852 648 3892 sltersm
663 3863 780 3896 coronam.
790 3855 816 3892 ut
826 3853 890 3891 tusce
903 3853 993 3892 duobus
1005 3851 1098 3890 coronts
1108 3850 1281 3896 exprimeretur

24 3891 126 3941 Poutrttrts
139 3908 241 3952 poterin
257 3903 283 3944 in
296 3915 394 3954 reguum
409 3905 530 3956 corporato
547 3909 571 3945 ct
588 3903 612 3944 ln
631 3916 730 3956 regnum
746 3901 878 3954 spirituale,
895 3903 1080 3952 Bcuttaoiuer.
1094 3903 1146 3942 t'111
1157 3900 1278 3950 tmposutt.

23 3943 105 3990 D²m¹¹m
120 3954 222 3998 Urbium
237 3957 256 3998 V
271 3955 359 4008 trlpltoi
375 3957 459 4000 corono
477 3969 502 3999 so
517 3958 601 4004 clnxtt,
615 3961 707 4000 nnmerl
718 3961 810 4009 mysttct
822 3957 922 4000 torrilau
932 3957 1010 3998 esunt.
1023 3957 1146 3996 Caeterum
1157 3954 1185 3993 de
1196 3953 1218 3992 S.
1231 3951 1281 4000 ayt-

25 4003 86 4041 vestrt
95 4007 162 4048 rebus
171 4012 243 4060 grette
253 4021 337 4060 porum
347 4013 414 4050 uobts
428 4015 464 4054 est
474 4014 628 4062 compertum.
