2932 4812
209 247 272 312 582
600 263 639 309 us
664 263 691 312 s.
718 263 834 310 Aiti'sii
858 263 1003 310 unarum
1276 241 1345 305 Diti..
1367 241 1398 302 'tt

165 349 312 418 invicem
338 369 397 418 vos
420 345 462 415 ad
488 347 618 416 honum
645 345 883 429 cohortamini,
918 346 1071 436 hospites
1095 358 1128 416 et
1151 344 1336 436 peregrinos
1359 343 1399 411 be

165 437 271 528 nigno
295 437 412 506 animo
435 435 581 523 excipite
601 449 740 524 propter
754 457 847 517 eum,
867 435 927 526 qui
948 435 1106 506 dicturus
1129 447 1195 506 est:
1222 439 1333 523 Hospes
1353 433 1396 517 sni.

165 539 195 596 et
219 527 401 616 collept'stis
425 547 477 594 nte
499 523 633 614 (Marti.
656 525 781 614 xxm.»
1384 607 1387 614 Δ

209 617 292 704 58.
320 618 472 700 Cumque
506 613 802 714 appropinquaret
837 613 1055 772 miffirationis
1086 613 1167 712 ejus·
1198 623 1345 710 tempus,
1365 606 1401 706 du

165 701 422 792 quintodecimo
450 713 529 772 ante
554 701 678 772 Christi
703 701 864 784 natalem,
916 723 976 772 ora
1000 701 1069 772 diei
1093 714 1204 782 teriia,
1226 720 1334 770 amma
1352 717 1403 794 epus

165 794 310 864 excessit
334 813 352 858 a
375 811 519 880 corpore
537 789 566 858 ⁴.
586 791 771 862 Orantibus
800 803 913 862 autem
943 789 1108 861 fratribus
1133 812 1196 880 pro
1224 787 1331 858 anima
1354 805 1404 881 epis

166 904 246 952 cum
273 879 448 968 lacrymis,
478 878 582 968 paulo
610 893 686 970 post
710 880 842 962 revixit,
869 879 960 968 quod
988 878 1129 968 quidem
1159 878 1220 948 illo
1242 877 1296 946 die
1316 887 1358 944 ter
1376 887 1403 940 na

164 969 301 1042 accidit.
324 967 451 1038 Deinde
474 969 599 1040 diebus
622 969 811 1039 octodecim
837 969 1072 1059 supervivens,
1090 967 1125 1038 iu
1148 961 1404 1060 pauperesmulta

164 1057 321 1138 contulit,
341 1058 492 1145 itemque
520 1057 554 1126 in
582 1057 801 1140 monasteria,
822 1079 884 1146 pro
911 1057 1084 1146 cujusque
1107 1058 1241 1128 ratione
1263 1065 1294 1124 et
1318 1049 1405 1152 condr-

166 1149 268 1218 tione.
289 1151 392 1216 Porro
415 1157 537 1233 quarto
562 1146 729 1218 Calendas
751 1146 919 1227 ianuarii,
948 1167 1040 1215 anno
1068 1145 1276 1215 duodecimo
1303 1139 1405 1212 iiiiii-

165 1237 252 1306 berti
277 1235 390 1324 Regis,
410 1233 575 1305 iratribus
589 1235 795 1316 valedicens,
811 1234 917 1306 alacri
933 1248 966 1306 at
984 1235 1140 1325 angelico
1158 1233 1267 1314 vultu,
1286 1228 1406 1302 lbralm

165 1325 245 1393 sinu
270 1335 438 1412 receptus,
460 1324 620 1414 migravit
643 1324 685 1392 ad
706 1323 904 1407 Dominum,
923 1323 1152 1411 conditusque
1177 1320 1356 1392 honorifice
1373 1329 1404 1383 esi

164 1412 200 1482 in
216 1413 361 1484 ecclesia
385 1413 474 1482 beati
499 1413 586 1483 Petri
611 1417 633 1484 il
661 1413 850 1484 ostolorum
873 1412 1053 1502 principis,
1073 1433 1178 1500 quam
1196 1411 1272 1502 ipse
1286 1421 1397 1502 extruxe

164 1513 228 1571 rai.
248 1501 395 1592 Contigit
410 1514 484 1571 tum
506 1435 713 1572 miraculum
740 1503 884 1571 minime
909 1500 1137 1572 reticendum.
1167 1503 1332 1598 Diaconos
1353 1517 1406 1582 qu·

164 1589 257 1672 dnm,
273 1591 333 1678 qui
348 1591 421 1660 viro
433 1602 662 1661 sanctocarus
676 1589 787 1660 luerat
799 1592 842 1661 ob
859 1591 945 1662 vitoe
957 1589 1225 1660 sanctimoniam
1239 1602 1271 1658 et
1284 1597 1405 1680 virtutes,

164 1701 243 1748 cum
271 1678 390 1749 multis
414 1680 575 1768 lacrymis
593 1679 696 1751 dixit:
713 1703 731 1746 a
750 1685 816 1751 Cur
836 1701 902 1758 me,
922 1692 1028 1769 pater,
1049 1678 1257 1750 deseruisti?
1273 1682 1334 1746 Cur
1348 1669 1405 1741 mili

164 1789 232 1837 non
255 1767 353 1838 licuit
377 1770 474 1858 prius
495 1767 645 1857 sepeliri,
663 1789 767 1856 quarn
787 1781 825 1838 tu
844 1769 987 1838 exiresa
1006 1771 1166 1858 corporet
1184 1791 1202 1834 o
1219 1765 1337 1837 Eadem
1354 1781 1406 1858 reio

164 1869 274 1940 nocte,
294 1879 372 1927 cum
399 1870 487 1927 esset
512 1857 676 1945 postridie
701 1856 920 1946 sepeliendus
940 1858 1061 1928 beatus
1081 1855 1294 1947 Ebrulplrus,
1308 1861 1406 1923 meritis

164 1945 260 2018 illius
284 1947 429 2016 Domino
454 1947 614 2036 spiritum
632 1945 689 2016 ille
708 1945 858 2026 tradidit,
878 1960 909 2016 et
933 1959 1015 2017 sunt
1039 1945 1142 2015 ambo
1168 1947 1297 2036 pariter
1318 1939 1353 2010 ad
1374 1955 1407 2006 se

164 2034 325 2124 pulcrum
347 2035 526 2136 deportati.
547 2041 668 2125 Magna
693 2035 818 2104 deinde
843 2058 904 2124 per
928 2056 1063 2106 servum
1091 2055 1194 2106 suum
1223 2027 1406 2128 Ebrulphuu

164 2125 331 2195 Dominus
356 2123 523 2194 miracula
546 2124 656 2194 eilecit
673 2125 706 2192 in
726 2124 864 2194 laudem
886 2137 918 2194 et
942 2123 1088 2214 gloriam
1116 2124 1271 2193 nominis
1293 2141 1351 2192 sur:
1367 2133 1406 2200 qu

164 2213 244 2283 vivit
268 2227 300 2283 et
324 2225 442 2303 regnat
463 2235 523 2301 per
543 2213 680 2283 infinita
704 2213 832 2284 secula.
852 2219 970 2284 lmen.

386 2578 698 2681 iiiiiilitiiiii
733 2578 961 2680 Statili
996 2578 1217 2680 edistii

523 2817 629 2897 Qiilie
655 2819 728 2884 EST
753 2817 1081 2885 riiissiioititlii

240 3045 384 3096 AUCTORE
409 3049 544 3098 sitiuoitii
569 3049 814 3096 Dxiaiiiititsut:
843 3049 882 3096 iix
906 3042 1050 3096 HABETUD
1076 3051 1095 3092 V
1119 3051 1201 3098 Touo
1226 3047 1350 3097 AioiSii.

604 3245 710 3302 Passa
731 3245 784 3300 eet
805 3257 895 3301 anno
917 3245 993 3303 80³.

206 3456 286 3540 §1-
313 3459 477 3611 Tempore
508 3453 658 3541 Tyranni
694 3452 915 3531 Maximiani,
951 3452 1065 3542 puella
1095 3453 1266 3539 quaedam
1299 3443 1405 3518 nomini

162 3543 299 3630 Anysia,
316 3543 395 3612 nobi
413 3543 422 3610 i
440 3542 514 3610 loco
532 3554 611 3611 nata
627 3541 889 3611 Thessalonicae
908 3541 955 3621 *ἱ
975 3540 1133 3612 alebatur
1157 3541 1249 3630 apud
1271 3538 1374 3608 divites
1386 3537 1405 3593 et

161 3631 282 3700 fideles
299 3643 467 3720 parentes,
489 3629 623 3700 erudita
640 3631 675 3699 in
692 3631 814 3700 timore
834 3629 983 3711 Domini,
1004 3631 1116 3719 magis
1132 3629 1405 3712 virtutibusque

162 3732 270 3791 aetate
283 3720 477 3810 proficiens.
493 3724 531 3789 Et
546 3719 696 3808 primum
715 3719 855 3806 quidem
875 3731 1034 3808 parentes
1050 3741 1127 3788 eam
1145 3719 1258 3809 magis
1274 3717 1406 3804 dogmati·

161 3811 228 3882 bus
242 3810 376 3898 pietatis
387 3809 570 3890 nutrivere,
589 3829 693 3896 quam
710 3808 806 3878 laete.
821 3813 1005 3895 Postquam
1017 3820 1132 3878 autem
1150 3821 1291 3876 aetatem
1306 3804 1406 3873 transui

161 3899 376 3988 puellarem,
408 3898 648 3985 videreturque
674 3895 807 3984 puellae
863 3897 987 3966 raritas
1007 3907 1040 3966 et
1069 3896 1176 3966 decus
1201 3897 1311 3984 majus
1330 3899 1404 3976 quan

161 4001 368 4076 sperassent,
387 4009 461 4057 eam
484 3985 707 4057 solidioribus
725 3919 922 4076 disciplinis
943 3984 1160 4055 erudiebant.
1181 3984 1234 4054 llli
1254 4002 1324 4052 vero
1338 3989 1405 4046 cuii·

189 4111 416 4210 :⁸⁸3330522'i011iki,
430 4163 622 4206 urbs'cicercnis
637 4167 721 4206 exsilic
732 4163 840 4215 insignis,
851 4167 893 4206 seri
905 4166 927 4206 S.
937 4165 1005 4206 Pauli
1015 4166 1197 4215 praedicatione,
1206 4166 1248 4215 qui
1257 4166 1288 4206 ibi
1296 4171 1336 4204 ucri
1344 4155 1405 4205 elliol

161 4211 226 4252 viros
240 4218 264 4254 st
278 4217 392 4258 foeminas
408 4219 437 4258 no
452 4218 572 4258 christum
586 4219 711 4264 convertit,
725 4219 794 4268 louge
812 4215 936 4259 illustrior.
948 4221 1005 4258 Eam
1014 4219 1104 4259 marcae
1115 4219 1244 4267 possident,
1253 4219 1365 4260 iicdcmiil‘
1375 4211 1400 4260 'll

161 4265 254 4308 portum
268 4271 306 4307 cst
320 4271 344 4309 in
358 4274 458 4320 Europe.
471 4271 525 4320 post
541 4271 776 4321 constantinopolim,
792 4269 926 4312 maximum.
943 4271 1041 4322 Aliquot
1055 4273 1186 4322 scriptores
1204 4273 1341 4321 praestantes
1353 4257 1403 4302 circi

160 4313 333 4408 Ξιῐὶἒὲἓέἱεέιέἶοι,
349 4321 410 4364 iuter
425 4332 484 4372 quos
498 4323 650 4372 Etutcihiuc,
669 4325 710 4373 qui
729 4325 754 4365 iu
773 4325 901 4366 Homerum
921 4325 1102 4376 commentarios
1124 4323 1277 4376 conscripsit,
1296 4319 1326 4362 hic
1342 4317 1403 4355 meno
