2932 4812
12 274 82 344 ΒΗΚ.
108 281 143 344 3l
319 295 357 345 nr
381 299 408 345 s.
436 298 611 346 srrnxsrno
636 297 715 343 rara
739 299 776 344 nr
800 295 946 346 cournss.
1163 283 1226 346 605

12 382 154 450 dixerunt
168 381 314 462 Judaei,
331 403 394 451 nos
413 403 550 472 qnoque
565 381 784 453 assentimur.
800 388 851 451 Tu
864 394 976 452 autern
996 383 1178 452 nobiscum
1197 385 1271 473 agis

11 470 192 558 sophistice,
210 483 244 539 et
259 493 323 540 nos
339 471 475 540 conaris
492 470 660 559 decipere,
679 483 712 539 et
725 470 832 540 dubia
845 472 895 539 vis
912 471 1056 560 probare
1074 493 1133 560 per
1149 472 1268 554 dubia,

10 573 106 647 uper
124 560 243 660 ignota
262 560 381 649 ignota
396 559 586 655 ostendere,
613 571 645 627 et
664 581 739 628 eam
765 559 910 630 adducis
929 559 1268 643 demonstrationem,

8 669 98 733 quarn
118 648 328 718 Dialecticus
348 649 576 718 nominaverit
589 663 738 729 aratinus,
765 648 882 730 idest,
905 661 1076 732 mutuam,
1106 663 1193 719 etse
1218 652 1273 718 in-

10 737 100 806 ricem
122 736 341 826 probantem.
369 742 453 807 llam
477 759 557 806 curn
580 736 754 827 pollicitus
770 758 862 808 esses
883 751 914 807 te
937 751 1156 808 ostensurum
1183 738 1269 808 illud

8 825 42 892 de
63 831 141 896 Jesu
156 826 294 896 dictum
314 847 423 896 essea
443 826 611 1003 Propheta
628 826 774 907 Baruch,
793 831 834 896 In
848 838 940 896 ter-ro
955 829 1047 897 ocius
1067 839 1125 908 cat,
1150 839 1179 896 et
1198 851 1272 896 cum

10 915 181 985 horninibus
197 926 416 985 conversatus
433 927 480 984 cst
519 915 759 1004 Borech.111);
785 916 920 985 etiamsi
944 917 1051 986 oratio
1072 916 1271 986 relationem

10 1001 111 1071 lecerit
132 1005 167 1072 in
184 1003 360 1085 laturum,
387 1003 493 1074 dubia
510 1003 685 1073 adduxisti
701 1005 908 1084 testimonia,
928 1017 960 1073 et
976 1027 1064 1092 qnae
1080 1019 1209 1075 certum
1229 1007 1273 1075 sit

12 1112 70 1160 non
92 1091 178 1162 dicta
202 1114 282 1162 esse
306 1093 349 1161 de
371 1097 466 1163 lesu.
494 1092 556 1161 Sed
584 1113 645 1162 nos
671 1113 737 1162 non
763 1092 925 1183 decipies,
952 1095 1166 1184 oEpiscope.
1189 1099 1272 1163 llam

14 1201 109 1265 neque
122 1203 184 1251 nos
201 1203 331 1252 sumus
346 1185 492 1251 Graecae
507 1181 620 1270 ignari
646 1181 846 1271 sapientiae,
870 1203 980 1269 neque
1004 1183 1271 1272 sophisticorum

16 1269 144 1356 inperiti
168 1283 471 1360 argumentorum.
491 1291 599 1336 s-u
618 1275 688 1340 Non
714 1291 792 1340 sum
814 1289 876 1364 ego
901 1272 1066 1360 sophista,
1096 1272 1143 1342 ait
1162 1295 1181 1341 a
1207 1277 1273 1341 Deo

17 1356 186 1444 inspiratus
203 1359 389 1448 sylvester,
409 1379 470 1429 nec
487 1370 645 1429 accurate
662 1364 823 1429 Graecam
843 1373 938 1428 teneo
952 1360 1194 1437 eruditionem,
1213 1361 1271 1430 sed

15 1465 153 1516 sermone
169 1447 369 1538 imperitus,
396 1449 451 1516 [lei
476 1461 589 1517 antem
615 1447 769 1518 conlisus
785 1447 965 1537 sapientia,
985 1450 1087 1520 verbo
1106 1449 1198 1536 quod
1223 1461 1274 1519 est

17 1537 90 1602 [tens
104 1548 134 1604 et
157 1537 276 1619 homo,
297 1549 330 1606 et
355 1536 486 1606 vivifico
510 1537 647 1627 spiritu,
675 1558 742 1606 non
768 1549 880 1606 autem
910 1537 1175 1628 sophisticorum
1202 1559 1274 1608 ver·

15 1621 121 1692 horum
141 1625 381 1712 persuasione,
408 1625 500 1695 subii
520 1625 698 1695 vobiscum
723 1625 914 1695 disserendi
938 1638 1123 1708 certamen,
1146 1639 1178 1696 et
1202 1627 1274 1696 dixi

17 1711 97 1780 robis
119 1735 206 1795 vera,
234 1715 407 1802 firmaque
424 1737 463 1784 ac
480 1714 627 1784 stabilia.
648 1717 816 1796 Quoniam
835 1726 949 1784 autern
964 1737 1053 1802 quae
1068 1715 1159 1785 dicta
1179 1729 1271 1796 sunt,

17 1819 72 1866 non
87 1803 278 1890 reprimunt
299 1815 443 1873 vestram
462 1803 707 1884 curiositatem,
727 1803 869 1873 aliunde
887 1825 1024 1891 quoque
1039 1803 1215 1884 ostendam
1238 1804 1273 1872 in

19 1899 111 1958 vestra
126 1893 303 1982 Scriptura
325 1891 414 1961 hanc
430 1913 505 1962 esse
522 1891 819 1974 consuetudinem,
839 1905 876 1962 ut
891 1892 1111 1982 praeteritum
1139 1905 1275 1980 tempus

19 1978 188 2064 accipiatur
200 2003 265 2070 pro
280 1980 408 2051 futuro.
427 1980 609 2050 Sufficiunt
623 1994 735 2050 autern
750 1981 792 2050 ad
807 1981 1133 2051 demonstrationem
1149 1981 1274 2070 psalmi

21 2065 184 2149 graduum.
212 2075 251 2140 ln
278 2069 334 2138 his
350 2073 441 2140 enirn
468 2091 556 2150 eam,
582 2091 670 2157 qnae
686 2091 725 2140 ex
743 2069 915 2158 Babylone
930 2081 1082 2160 ternpore
1098 2070 1173 2171 Gyri
1188 2069 1275 2138 lacta

22 2165 72 2229 est,
95 2154 328 2228 liberationem
350 2160 563 2249 captivorum
581 2159 826 2240 Hebraeorum,
853 2173 886 2228 et
901 2159 1093 2229 secundum
1120 2181 1154 2226 rn
1175 2163 1275 2227 leru-

26 2239 113 2335 aulem
135 2268 344 2328 ascensum,
371 2263 404 2317 et
427 2247 545 2338 templi
578 2247 887 2316 reaedificationem
911 2250 1007 2337 prius
1031 2247 1205 2336 significat
1224 2246 1276 2314 di·

26 2348 209 2430 unnspater
236 2335 355 2405 David.
383 2341 465 2406 llam
491 2349 530 2406 ut
553 2336 732 2426 Propheta,
760 2347 791 2404 et
816 2336 919 2406 homo
943 2359 962 2406 a
986 2337 1052 2406 lieo
1072 2337 1273 2426 inspiratae,

26 2416 123 2489 innius
144 2437 222 2494 ante
246 2423 374 2494 seculis
399 2424 484 2494 vidit
508 2427 632 2496 mentis
654 2425 765 2494 oculis
789 2445 840 2506 ea,
868 2445 957 2512 qnae
980 2425 1097 2494 sutura
1116 2437 1224 2500 erant,
1244 2435 1276 2492 et

25 2505 175 2601 [adquam
195 2515 271 2603 jarn
298 2513 399 2594 sacta,
427 2515 524 2603 prius
547 2513 686 2603 scripsit
708 2535 760 2593 ea,
786 2535 875 2600 qnae
898 2525 1174 2583 eventuraerant
1192 2513 1276 2669 plu·

23 2611 95 2663 nmo
117 2614 187 2687 post
211 2617 377 2692 ternpore.
405 2607 443 2670 ln
463 2604 574 2691 primo
589 2616 703 2672 autem
721 2601 855 2691 psalmo
870 2602 1042 2691 graduum
1060 2603 1173 2672 statim
1219 2601 1276 2670 icit

23 2701 54 2748 er
68 2704 200 2770 persona
218 2691 339 2780 populi
364 2691 511 2781 captivi:
533 2693 585 2760 Ad
601 2694 789 2771 ,bornicum
810 2715 886 2760 cum
902 2693 1096 2772 tribularer,
1115 2693 1273 2769 clamavi,

23 2779 47 2835 et
60 2779 225 2848 emoudioit
241 2801 296 2848 mc
318 2779 387 2868 (Ps.
417 2784 507 2865 tte).
528 2785 566 2849 Et
606 2793 659 2849 ost
675 2779 912 2867 aliquantum:
935 2782 1002 2848 Hei
1014 2781 1102 2849 mihi
1119 2781 1207 2870 qnod
1223 2780 1276 2846 in-

25 2861 134 2932 colatus
147 2889 249 2950 meus,
277 2880 310 2938 et
333 2867 497 2958 deinceps
520 2803 646 2958 psainri
670 2869 842 2959 graduum
859 2879 1001 2938 evocant
1025 2868 1215 2939 auditorem
1234 2867 1276 2936 ad

25 2957 141 3046 leupus
157 2956 392 3044 praeteritum.
410 2961 449 3027 Et
461 2957 510 3026 sic
525 2979 591 3026 non
610 2959 644 3026 in
664 2957 718 3026 his
731 2957 856 3037 solum,
875 2957 1049 3034 sedetiam
1068 2959 1104 3026 in
1118 2956 1278 3046 pluribus

25 3033 233 3115 alnsinrenta
254 3056 305 3115 est
329 3047 436 3116 oratio
466 3046 613 3136 figuratis
637 3069 655 3116 a
680 3045 815 3115 havide.
845 3046 1053 3115 Videnturne
1074 3046 1157 3115 haec
1183 3041 1278 3115 vobis

26 3123 162 3200 sufficere
177 3134 218 3204 ad
236 3133 469 3223 probandum,
492 3157 534 3204 an
555 3135 671 3205 adhuc
697 3135 782 3204 mihi
802 3156 891 3236 opus
905 3135 969 3204 erit
985 3135 1117 3204 aliis‘l»

61 3214 76 3296 i
97 3221 173 3291 26.
194 3245 211 3289 «
229 3223 264 3294 Si
282 3225 327 3292 ita
344 3223 520 3305 haberent,
540 3223 701 3294 dixerunt
716 3223 851 3304 ludaei,
870 3236 908 3293 ut
924 3235 961 3293 tu
975 3224 1075 3306 dicis,
1096 3225 1274 3313 Episcope,

28 3300 211 3401 Sufficerent.
239 3317 336 3382 Nunc
360 3324 473 3382 autem
496 3312 584 3382 etde
609 3312 752 3402 psalmis
776 3312 902 3382 salsum
928 3312 1028 3394 dicis,
1049 3324 1082 3382 et
1100 3312 1144 3381 de
1159 3333 1278 3381 eorum

29 3403 172 3479 scriptore
195 3400 332 3470 barride.
358 3405 429 3470 Non
454 3401 547 3470 enim
574 3401 766 3489 loquuntur
788 3402 831 3471 de
847 3401 970 3484 reditu,
988 3402 1048 3489 qni
1073 3401 1137 3470 fuit
1155 3423 1193 3470 ex
1219 3405 1279 3469 Ba·

30 3471 134 3575 bylone
157 3501 230 3576 post
262 3489 517 3580 captivitatem,
545 3489 602 3560 sed
633 3489 675 3558 de
706 3489 908 3560 liberatione
930 3511 969 3561 ex
993 3495 1163 3581 Aegypto,
1190 3510 1279 3578 quae

31 3558 246 3668 fult-empore
270 3579 394 3660 llosis;
421 3591 455 3648 et
479 3579 600 3648 merito
617 3578 652 3648 in
676 3579 897 3668 praeteritum
920 3592 1058 3670 tempus
1086 3590 1167 3650 sunt
1186 3599 1280 3648 corn·

35 3668 128 3734 losrtt.
146 3685 214 3728 »-
228 3666 366 3737 «Facile
381 3667 520 3755 quidem
535 3680 597 3749 est,
611 3669 657 3737 ait
668 3667 719 3736 vir
731 3667 882 3750 divinus,
895 3689 935 3738 ex
947 3668 1002 3750 iis,
1017 3668 1078 3754 qui
1092 3667 1173 3737 dicti
1185 3677 1278 3748 sunt,

35 3743 154 3831 psalmis
176 3756 373 3838 ostendere,
401 3777 459 3826 vos
484 3768 593 3826 vestra
618 3769 738 3842 sponte
762 3779 836 3827 esse
859 3758 978 3826 malos.
1006 3762 1076 3827 Non
1103 3758 1195 3826 enim
1221 3777 1280 3824 vos

36 3843 169 3912 tgnorarc
190 3842 345 3926 dixerim,
365 3844 456 3932 quod
483 3844 524 3914 de
540 3845 652 3914 reditu
667 3867 707 3914 ex
724 3846 895 3935 Babylone
916 3845 978 3914 hos
1004 3845 1155 3935 psalmos
1176 3842 1279 3912 David
1349 3887 1353 3896 -

38 3922 206 4074 llpphetice
229 3935 469 4024 composuerit,
497 3934 554 4004 sed
580 3935 614 4003 in
642 3935 706 4003 hoc
730 3956 797 4004 non
825 3933 1046 4016 immorabor,
1075 3932 1132 4003 sed
1153 3955 1191 4001 ex
1212 3930 1280 4000 alio

39 4017 78 4070 tu
99 4027 200 4087 entius
218 4022 393 4092 ostendam
423 4022 456 4091 id
486 4022 576 4110 quod
598 4022 788 4111 quaeritur.
816 4023 897 4091 Mihi
924 4037 1036 4092 autern
1064 4021 1198 4112 roganti
1227 4041 1280 4089 re-

42 4099 200 4176 slondere:
226 4110 368 4192 Quando
393 4111 569 4181 dominata
598 4124 649 4182 est
673 4133 758 4200 gens
780 4122 890 4182 vestra
906 4110 1142 4201 ierosolymis,
1167 4131 1281 4178 nonne

44 4192 190 4272 postquam
214 4219 348 4290 egressa
372 4212 423 4272 est
438 4204 616 4291 aegyptot
634 4224 652 4266 »
667 4239 711 4250 -
732 4229 743 4264 i
762 4205 831 4270 Hoc
853 4221 969 4270 rerum
995 4199 1123 4276 dixisti,
1145 4222 1162 4265 n
1187 4198 1280 4267 dixe-

45 4279 106 4340 root
123 4281 243 4355 ludaei.
274 4311 292 4354 «
319 4293 388 4358 Non
415 4289 520 4359 iebus
550 4289 699 4378 primum
733 4289 910 4358 nominata
933 4303 1005 4370 est,
1040 4301 1072 4357 et
1103 4287 1280 4358 Saleml»

44 4367 156 4438 *atto
179 4372 241 4446 hoc
261 4376 402 4465 quidem
425 4389 476 4448 est
495 4377 633 4448 salsum.
665 4403 683 4445 o
714 4417 747 4428 -
776 4401 794 4444 «
822 4383 914 4459 Non,
948 4378 1007 4465 qui
1034 4377 1135 4448 vestri
1160 4376 1281 4446 habuit
