2946 4798
261 259 324 323 518
558 223 624 322 ¹nn
649 275 694 325 ss.
722 276 806 334 rnna,
836 275 943 324 nonna
965 274 1033 324 rac.
1060 276 1117 322 aa.
1306 253 1384 318 bttt.
1407 253 1441 314 '28

215 366 286 431 Non
311 373 428 449 aperte
444 371 558 432 autem
575 360 820 430 ostendebatur
838 360 904 430 hoc
917 374 1089 431 certamen
1108 355 1283 448 comparari
1299 355 1440 424 adversus

216 449 448 522 Christianos:
474 448 532 518 sed
557 449 714 531 obscure,
734 449 850 519 dolose
867 461 899 519 et
917 448 1086 520 malitiose
1103 447 1327 518 instruebatur.
1351 445 1441 512 Sinu-

216 538 309 609 lacra
333 539 438 618 enim,
464 559 552 625 quae
576 559 662 608 auro
685 537 825 626 quidem
851 539 1111 610 honorabantur
1135 537 1178 607 ab
1200 534 1312 624 impiis,
1336 531 1438 600 fossam

214 649 294 699 vero
311 627 469 697 interitus
484 628 534 696 eis
550 627 701 698 vicissim
729 627 984 719 largiebantur:
1008 627 1104 709 baec,
1132 627 1275 714 inquam,
1296 643 1397 697 aurea,
1417 631 1441 686 et

195 739 303 807 ¹quae
323 737 445 786 rursus
469 715 557 786 sacta
580 715 717 786 fuerant
739 739 778 786 er
803 729 956 820 argento,
982 716 1176 806 producens
1199 714 1326 802 impius,
1352 707 1441 798 posuit

214 805 249 875 in
276 804 355 875 sede
373 803 491 896 regali,
517 817 550 874 et
569 805 705 876 coronis
727 805 896 875 redimirt:
923 820 956 875 et
980 805 1118 875 tandem
1142 805 1192 874 eis
1214 815 1317 872 tauros
1338 795 1441 867 sacrib-

212 916 308 975 cans,
319 893 425 984 jussit
441 892 641 962 execrandis
653 893 889 964 sacerdotibus
904 893 1111 985 adspargere
1129 891 1296 982 poputum,
1308 885 1442 973 temporis

212 1005 351 1070 quoque
374 1003 414 1052 ea
439 983 472 1050 in
498 1003 534 1051 re
558 995 659 1052 utens
683 983 823 1053 auriiio.
843 989 938 1052 Tunc
953 985 1046 1052 enim
1062 1003 1122 1052 ore
1138 981 1244 1051 hianti
1262 976 1441 1048 attendebant

210 1071 369 1158 jucunda
394 1070 515 1140 theatri
540 1084 746 1141 acroamata.
778 1071 995 1160 Quicumque
1021 1093 1103 1162 ergo
1128 1071 1162 1139 in
1197 1070 1306 1160 pietate
1332 1064 1440 1152 quiden

212 1172 310 1228 erant
333 1160 426 1228 firmi
450 1172 483 1228 et
507 1159 657 1242 stabiles,
680 1173 713 1230 et
728 1182 877 1248 quorum
903 1161 1038 1230 animos
1062 1159 1183 1248 reiigio
1206 1156 1378 1228 christiana
1397 1173 1441 1220 non

212 1247 325 1319 solum
352 1247 530 1336 usquead
554 1251 707 1330 nomina,
734 1247 793 1318 sed
818 1249 919 1318 etiam
946 1249 989 1318 ad
1013 1270 1072 1319 cor
1096 1269 1206 1337 usque
1231 1255 1439 1338 penetrarent:

213 1338 249 1418 ii,
269 1359 349 1407 cum
368 1337 415 1418 id,
433 1336 524 1425 quod
546 1337 659 1420 fiebat,
679 1337 998 1427 deprehendissent,
1021 1350 1054 1408 et
1072 1359 1133 1406 nec
1154 1339 1229 1427 ejus
1246 1332 1374 1422 quidem
1389 1349 1441 1398 con-

213 1438 369 1515 spectum
394 1425 481 1495 terre
500 1427 702 1516 potuissent,
725 1449 745 1496 a
763 1427 893 1496 theatro
912 1439 1138 1506 recesserunt,
1156 1447 1258 1496 suum
1274 1422 1441 1513 potiussan·

213 1515 354 1603 guinem
367 1514 701 1604 profunderequam
721 1515 780 1585 tali
798 1517 967 1606 sanguine
983 1515 1102 1604 pollui,
1120 1513 1291 1604 praeclare
1302 1510 1440 1600 eligentes

213 1603 347 1703 Quibus
362 1618 476 1673 autem
495 1604 607 1694 pluris
623 1603 726 1674 fiebat
745 1603 903 1694 voluptas
927 1615 959 1674 et
978 1604 1154 1685 recreatio,
1182 1603 1225 1672 iis
1245 1600 1442 1692 polluebantur

202 1712 349 1766 ammae
373 1707 405 1762 et
429 1713 488 1761 cor
514 1715 584 1774 ora,
603 1714 641 1762 er
663 1692 809 1774 modica,
831 1691 1047 1783 prohdolor,
1069 1691 1293 1762 delectatione
1312 1687 1375 1760 sibi
1394 1707 1442 1774 gn·

213 1781 356 1850 vissima
372 1801 471 1850 recon
499 1795 594 1852 entes
614 1781 799 1871 supplicia.

257 1871 275 1957 ἐ
300 1873 377 1942 li).
406 1870 468 1940 Sed
491 1870 582 1940 enim
601 1871 842 1952 Maximianus,
861 1871 922 1958 qui
946 1882 1014 1940 toto
1035 1869 1144 1940 animi
1162 1869 1293 1959 impetu
1312 1864 1440 1936 serebatur

212 1957 254 2026 ad
277 1958 501 2047 impietatem,
522 1980 589 2027 non
615 1957 767 2048 amplius
783 1959 939 2040 latenter,
959 1958 1017 2028 sed
1043 1969 1160 2048 aperte
1179 1956 1295 2027 volens
1316 1977 1350 2025 se
1371 1955 1439 2043 impr

212 2067 342 2136 gerere,
370 2047 431 2116 bos
456 2047 578 2117 babuit
600 2069 775 2118 sermones
791 2047 885 2137 apud
902 2068 971 2128 eos,
991 2048 1166 2134 quierant
1190 2043 1388 2148 congregati,
1407 2061 1441 2126 pt·

212 2135 353 2236 quidem
368 2136 607 2226 gravissimam
628 2134 827 2206 redolebant
845 2137 1076 2226 impietatem:
1096 2159 1114 2202 «
1133 2139 1207 2218 Quo
1224 2135 1334 2214 abitis,
1349 2131 1439 2200 dicens.

211 2247 231 2293 o
257 2225 425 2324 hommes,
453 2224 522 2295 luci
549 2226 706 2295 tenebras
732 2224 972 2315 praeferentes,
990 2238 1023 2296 et
1041 2247 1109 2295 non
1125 2223 1208 2294 deos
1224 2245 1298 2294 esse
1312 2231 1440 2312 putante.

211 2335 232 2382 a
256 2312 385 2400 qulbus
404 2313 573 2404 dependet
598 2315 662 2383 boc
686 2315 913 2384 universum?
937 2319 1009 2383 Non
1033 2313 1156 2383 videtis
1181 2313 1337 2382 victorias
1358 2322 1384 2378 et
1403 2320 1442 2374 tn

212 2401 345 2492 phaea'?
374 2407 443 2472 Non
469 2402 592 2473 videtis
616 2404 706 2474 bona
731 2403 904 2494 plurima,
962 2425 1025 2472 uae
1059 2402 1160 2472 bonis
1192 2401 1406 2492 adjiciuntur:
1424 2405 1443 2490 ξ’.

211 2490 506 2578 quemadmodum
531 2503 736 2579 quaesunt,
769 2505 857 2561 recte
880 2425 1021 2580 quidem
1049 2512 1085 2561 se
1111 2489 1258 2570 babent,
1287 2503 1320 2559 et
1343 2499 1444 2580 sumtu

210 2591 303 2648 tuto:
330 2580 397 2649 alia
421 2601 499 2648 vero
515 2579 685 2650 accedunt
703 2579 876 2668 quotidie:
902 2591 934 2650 et
958 2601 1106 2667 quorum
1133 2600 1201 2649 non
1227 2600 1359 2648 eramus
1378 2589 1444 2664 prus

211 2668 356 2749 domini,
379 2669 413 2737 in
443 2691 482 2738 ea
508 2689 600 2737 nunc
625 2669 841 2739 dominatum
866 2669 1088 2739 obtinemus?
1119 2672 1189 2738 Non
1215 2667 1366 2758 gloriam,
1387 2677 1445 2748 qnae

209 2757 380 2848 augetur?
406 2779 472 2826 non
494 2757 692 2847 imperium,
712 2758 805 2848 quod
822 2757 1012 2827 dilatatur?
1026 2761 1098 2828 Non
1119 2755 1285 2838 civitates,
1303 2775 1380 2844 quae
1396 2769 1445 2845 pat·

211 2846 272 2945 tim
289 2845 429 2931 quidem
447 2861 527 2917 sunt
546 2847 758 2929 tributariae,
778 2847 901 2936 partim
915 2859 1031 2916 autem
1048 2858 1130 2916 sunt
1145 2845 1299 2915 futurae:
1315 2856 1346 2913 et
1357 2853 1445 2933 partin

208 2932 350 3020 quidem
378 2934 449 3020 jam
471 2948 590 3024 captae
614 2949 713 3014 sunt,
743 2935 865 3026 partim
895 2956 973 3004 vero
998 2947 1080 3005 sunt
1098 2933 1247 3024 jamjam
1279 2928 1447 3023 capiendae!

210 3027 282 3091 Non
306 3023 461 3123 gentium
482 3029 602 3114 Reges,
617 3025 677 3111 qui
694 3037 775 3094 sunt
792 3024 938 3113 reputati
956 3044 1016 3112 pro
1038 3023 1249 3112 mancipiis?
1267 3027 1337 3092 Non
1351 3037 1444 3114 onnia.

208 3131 299 3198 quae
322 3125 485 3181 eveniunt
508 3113 608 3182 nobis
635 3135 674 3182 ex
700 3113 892 3183 sententiat
916 3113 1101 3201 Cujusnam
1131 3134 1212 3202 ergo
1245 3112 1329 3181 haec
1350 3119 1446 3178 contn-

210 3213 296 3290 gunt
321 3200 563 3290 providentia?
588 3201 690 3270 Vobis
721 3201 951 3292 persuadeant
983 3213 1177 3289 temporum
1208 3199 1444 3289 temperationes.

211 3288 407 3358 moderatae
433 3289 579 3378 pluviae,
607 3289 783 3361 fructuum
808 3289 1020 3360 sertiiitates:
1047 3289 1154 3358 immo
1179 3310 1258 3358 vero
1285 3291 1446 3358 universnm

212 3390 349 3468 tempus
369 3377 501 3448 fructus
525 3377 732 3536 producens,
750 3391 782 3448 et
796 3380 986 3469 spectantia
1003 3378 1120 3448 omnia
1137 3376 1179 3446 ad
1197 3376 1447 3448 abundantiam»

256 3469 274 3554 ἐ
298 3473 364 3541 ΙΙ.
391 3471 475 3536 Cum
500 3467 558 3536 ile
582 3469 721 3624 copiosa
747 3469 867 3558 lingua
891 3469 941 3536 sic
962 3466 1171 3554 loqueretur,
1190 3479 1224 3536 et
1248 3466 1303 3547 iis,
1331 3467 1381 3554 qui
1402 3478 1445 3526 non

211 3568 304 3636 sunt,
331 3577 475 3643 eaquae
499 3567 590 3636 sunt,
636 3556 708 3627 also
740 3556 974 3636 adscriberet,
999 3568 1031 3625 et
1050 3555 1118 3625 alia
1142 3555 1257 3624 adhuc
1283 3555 1375 3623 veliet
1393 3567 1446 3618 con·

212 3657 333 3725 terere,
362 3666 429 3714 non
448 3646 604 3736 permisit
622 3667 662 3716 er
682 3645 750 3716 aito
768 3647 808 3726 is,
825 3646 926 3735 cujus
943 3657 1026 3714 sunt
1035 3643 1171 3734 judicia
1191 3665 1269 3713 vera
1284 3641 1444 3744 justificata.

214 3732 432 3833 mendacium
450 3733 602 3825 amplius
616 3733 757 3824 gloriari
782 3733 946 3804 adversus
969 3735 1163 3802 veritatem:
1182 3753 1225 3804 ne
1245 3731 1325 3803 ahis
1340 3743 1444 3821 quoquo

210 3843 271 3908 qur
297 3836 396 3892 erant
419 3823 460 3892 ad
499 3823 760 3913 pervertendum
795 3821 934 3902 faciles,
961 3843 1067 3891 causa
1101 3833 1191 3892 esset
1224 3822 1390 3891 interitus:
1409 3828 1444 3881 stt

212 3911 350 3981 interim
375 3911 459 3981 dum
481 3911 689 4001 loqueretur,
712 3934 791 3982 cum
810 3925 898 3982 esset
915 3910 989 3980 dies
1009 3931 1164 3991 serenus,
1174 3923 1217 3980 ·et
1242 3909 1293 3980 soi
1313 3909 1442 3999 regionem

210 4013 326 4070 ureret
356 4000 595 4082 meridianam,
623 4012 762 4091 repente
784 3999 897 4090 erupit
921 4021 1029 4070 sonus
1063 3997 1254 4069 multorum
1279 4000 1442 4069 tonitrum

209 4101 243 4158 et
266 4089 374 4159 elisus
393 4088 459 4160 fuit
483 4091 574 4180 ignis
590 4112 630 4159 ex
656 4090 821 4172 nubibus,
848 4101 881 4159 et
904 4087 1096 4178 profundae
1128 4087 1234 4158 simul
1259 4087 1408 4158 tenebrae.
1425 4087 1443 4142 tt

211 4175 320 4248 densa
337 4178 469 4270 grando
498 4200 577 4248 cum
602 4179 711 4248 ventis
737 4177 1012 4247 vehementibus:
1041 4188 1073 4246 et
1093 4175 1223 4246 malum
1255 4176 1322 4246 boc
1345 4177 1443 4244 horrcn-

210 4262 309 4362 dum,
341 4288 456 4336 vocem
484 4267 733 4368 propemodum
759 4265 945 4346 emittebat,
972 4287 1047 4335 esse
1075 4287 1212 4356 gravem
1244 4266 1303 4334 Dei
1327 4267 1443 4350 commoti

212 4359 414 4425 crembam
447 4355 504 4425 ahi
530 4355 670 4444 quidem
697 4355 769 4426 soio
794 4355 923 4424 tonitru
947 4353 1092 4424 auribus
1120 4366 1152 4422 et
1177 4352 1294 4423 animo
1319 4345 1441 4444 perculsi.
