2972 4826
242 334 306 399 490
542 349 581 395 ar
605 348 838 396 rnansmrrorvrr
863 349 889 396 s.
917 347 1044 398 meonsr
1067 348 1117 395 rr.
1327 327 1404 392 ΗΕΒ.
1429 329 1446 391 6

196 435 238 506 de
262 435 390 506 sanctis
413 432 567 520 reliquiis
589 433 751 502 minimas
775 433 961 522 particulas
988 431 1191 513 auferentes,
1217 431 1444 500 occuluerunt:

197 524 255 595 sed
273 524 410 594 frustra.
431 526 471 591 Ut
493 542 568 590 vero
583 521 783 592 confitentes
799 523 860 592 hoc
885 521 1012 592 factum
1031 545 1133 593 suurn
1153 522 1296 591 caeteris
1319 519 1448 589 artubus

197 613 273 683 illas
299 611 518 690 restituerint,
545 631 607 679 suo
624 609 698 680 loco
724 623 840 700 postea
864 611 1097 680 ostendemus.

239 705 314 789 §9-
340 700 400 769 His
427 700 473 768 ita
496 700 757 780 consummatis
785 699 920 769 loculus
935 698 1003 770 illis
1023 698 1148 780 deerat,
1168 698 1203 766 in
1220 719 1323 785 quem
1345 708 1448 766 sancta

195 790 256 860 illa
279 788 524 878 omnipotentis
549 788 604 855 Dei
630 786 793 856 inferrent
819 810 973 857 munera.
1000 793 1152 874 Namque
1173 787 1349 877 inopinato
1370 799 1399 854 et
1415 808 1448 853 er

195 879 380 968 improviso
405 875 495 948 istud
523 876 572 945 eis
599 889 768 957 evenerat,
802 888 833 946 at
865 876 993 947 idcirco
1018 876 1104 946 nihil
1131 875 1197 946 tale
1222 887 1447 965 praeparatum

195 988 312 1039 secum
341 965 536 1045 attulerant,
565 985 633 1051 quo
659 965 815 1056 excipere
839 964 897 1034 illa
927 965 1135 1055 honesteque
1158 985 1363 1054 componere
1385 985 1449 1052 pos-

196 1068 282 1126 sent.
306 1053 369 1124 Sed
396 1067 507 1122 tamen
533 1053 673 1122 alterius
693 1077 733 1124 ex
757 1054 811 1136 iis,
837 1075 925 1141 quos
943 1054 1108 1135 diximus
1131 1053 1340 1144 presbyteris
1362 1065 1448 1121 eruta

194 1166 298 1232 quarn
326 1142 483 1212 induerat
500 1141 628 1219 tunica,
654 1165 742 1230 quae
761 1142 847 1212 alias
873 1142 1155 1231 paludamentum
1182 1155 1334 1222 vocatur,
1363 1151 1449 1231 prout

196 1244 351 1323 poterant
382 1253 421 1300 ea
451 1229 683 1301 involverunt:
711 1231 894 1320 statimque
918 1232 1088 1302 subeunte
1117 1235 1213 1320 Lupo
1240 1233 1446 1321 presbytero,

195 1343 256 1412 per
272 1322 435 1390 humeros
458 1320 534 1406 ejus
549 1320 692 1408 guttulis
716 1319 894 1390 odoriferis
920 1319 1194 1400 decurrentibus,
1215 1341 1307 1390 onus
1332 1317 1449 1388 levissi-

197 1432 318 1490 mum,
353 1408 448 1477 nulla
475 1409 597 1477 terreni
623 1408 785 1497 ponderis
809 1407 971 1500 gravitate
1001 1409 1200 1489 molestum,
1236 1431 1316 1478 cum
1345 1427 1449 1476 omnes

195 1509 308 1568 essent
328 1497 434 1566 armis
458 1496 603 1566 accincti
626 1495 849 1586 fulgentibus,
871 1509 1102 1586 asportarunt,
1128 1495 1295 1598 praedam
1321 1496 1449 1566 sanctis·

195 1586 318 1656 simam
345 1607 411 1656 non
435 1607 475 1655 er
494 1585 649 1656 hostibus
673 1585 828 1667 ferentes,
855 1586 914 1655 sed
939 1607 979 1655 ex
1004 1586 1177 1655 bominrco
1202 1609 1288 1675 gazo
1316 1585 1445 1674 hylario,

195 1673 310 1744 divina
336 1673 500 1775 largiente
519 1675 640 1762 gratia,
661 1686 846 1756 sumentes,
879 1675 1147 1761 thesaurumque
1163 1607 1393 1744 venerabilem
1415 1672 1448 1740 de

194 1784 273 1833 arca
294 1765 511 1833 sanctissima
534 1761 625 1859 fprto
656 1762 822 1832 laudabili
847 1762 1013 1844 tollentes,
1038 1785 1104 1833 non
1130 1763 1204 1832 sine
1228 1764 1398 1854 Angelico,
1420 1771 1448 1828 ut

194 1863 369 1941 putamus,
396 1851 571 1932 comitatu,
598 1851 829 1922 exultantibus
845 1852 971 1921 animis
994 1875 1074 1921 curn
1106 1851 1271 1924 laudibus
1296 1850 1445 1926 altisonis,

194 1953 365 2099 guantum
382 1940 520 2030 quidem
540 1939 618 2010 laici
638 1941 802 2022 sciebant,
824 1941 866 2010 ad
885 1941 983 2010 litora
1004 1961 1146 2031 propere
1171 1942 1381 2011 remeabant.
1396 1944 1448 2008 llec

218 2041 334 2099 ecrant
352 2029 522 2109 nonnulli,
537 2029 597 2115 qui
621 2028 663 2097 de
686 2043 803 2099 sancto
827 2051 945 2110 urnae,
965 2051 1068 2117 quam
1096 2042 1273 2118 ruperant,
1297 2047 1447 2099 marmore

192 2117 302 2190 frusta
317 2139 405 2204 quae
424 2129 578 2208 poterant
592 2139 708 2187 secum
727 2117 917 2187 auferrent:
939 2118 1099 2205 equibus
1115 2118 1148 2185 in
1166 2118 1322 2190 minutas
1345 2115 1447 2186 divisis

193 2207 381 2298 particulas
405 2229 424 2276 a
460 2206 577 2275 multis
602 2206 824 2295 pontificibus
853 2228 912 2295 per
943 2207 1076 2276 ltaliam
1104 2206 1210 2275 multa
1237 2205 1321 2277 sunt
1344 2203 1446 2276 altaria

192 2296 396 2381 tabulaeque
420 2294 614 2364 itinerariae
632 2309 860 2364 consecratae.
883 2295 976 2364 Idem
1002 2295 1200 2364 factumest
1224 2307 1258 2366 et
1283 2296 1326 2366 de
1350 2299 1446 2384 panno
1479 2327 1480 2393 q

193 2384 252 2454 illo
269 2384 415 2452 nimium
435 2382 633 2464 madefacta,
648 2405 717 2474 quo
737 2395 831 2454 artus
854 2384 1065 2453 venerandos
1085 2383 1311 2455 involverant.
1328 2384 1444 2470 Quippe

192 2486 378 2561 utrumque
402 2471 652 2540 sanctificatum
669 2483 730 2552 est,
757 2485 789 2542 et
811 2473 855 2541 ob
874 2472 938 2540 hoc
964 2472 1061 2542 valde
1085 2473 1336 2556 venerandum,
1360 2483 1444 2558 atque

193 2560 228 2630 in
253 2560 453 2649 hujusmodi
473 2559 555 2630 locis
581 2560 767 2630 honorilice
792 2561 1060 2630 recondendum.
1478 2595 1479 2687 p

236 2651 324 2736 59.
354 2653 393 2718 Ut
409 2659 523 2719 autem
548 2648 590 2717 ad
617 2649 711 2738 ponti
737 2649 904 2720 advenere
930 2649 1092 2730 confinia,
1121 2661 1329 2738 sanctasque
1358 2649 1445 2738 depo·

193 2759 291 2808 suere
316 2736 489 2824 reliquias,
508 2749 582 2808 orta
599 2749 649 2806 est
666 2739 754 2807 inter
778 2737 854 2808 illos
874 2739 1056 2819 contentio,
1075 2739 1220 2826 quinam
1245 2761 1287 2808 er
1304 2739 1382 2818 illis,
1400 2744 1445 2804 aut

191 2825 295 2913 cnjus
314 2827 409 2895 navis
428 2825 527 2895 ferret
551 2847 639 2898 onus
664 2826 748 2896 illud
781 2825 1019 2897 desiderabile.
1046 2827 1190 2916 Optabat
1213 2828 1309 2896 enim
1333 2845 1445 2895 unum·

191 2913 352 3000 quodque
376 2913 572 2985 sodalitium
591 2915 626 2983 in
644 2937 706 2986 suo
731 2914 816 2985 illud
843 2928 976 3006 portare
1001 2917 1146 3008 navigio.
1175 2917 1260 2998 Quis
1280 2917 1444 2986 enimtan-

192 3013 265 3074 turn
291 3001 395 3072 nollet
419 3023 552 3072 servare
575 3016 608 3072 et
630 3004 802 3074 custodire
828 3018 1023 3091 patronum,
1050 3028 1069 3074 a
1096 3027 1165 3092 quo
1185 3027 1222 3074 se
1245 3005 1322 3106 ipse
1348 3002 1442 3094 potins

191 3089 399 3161 servandum
423 3105 455 3161 et
474 3091 751 3173 custodiendum,
779 3104 880 3180 atque
895 3115 935 3163 er
959 3094 1122 3164 omnibus
1139 3093 1294 3164 adversis
1313 3091 1444 3182 eripien-

191 3179 274 3250 dum
306 3201 373 3280 qpn
398 3180 616 3268 desperaret?
646 3181 776 3250 Placuit
800 3181 937 3251 tandem
967 3183 1148 3264 omnibuS,
1175 3195 1212 3252 ut
1242 3184 1372 3252 omissa
1394 3180 1443 3247 hac

189 3279 430 3351 contentione,
457 3268 551 3339 illius
578 3269 672 3338 navis
697 3269 859 3340 sodalitas
887 3292 1004 3341 secum
1033 3271 1176 3353 veheret,
1200 3271 1235 3339 in
1262 3293 1331 3358 qua
1356 3278 1442 3338 nauta

192 3370 264 3427 erat
288 3357 394 3445 hujus
416 3359 528 3448 operis
552 3359 805 3429 audacissimus
820 3359 974 3428 effector:
998 3381 1037 3428 ea
1057 3371 1169 3429 tamen
1194 3360 1442 3436 conditionem

192 3447 289 3537 prius
308 3446 555 3537 jusjurandum
588 3447 720 3529 darent,
743 3469 779 3517 se
804 3448 877 3518 sine
900 3449 1040 3518 caeteris
1066 3447 1150 3516 nihil
1176 3447 1218 3517 de
1242 3461 1360 3518 sancto
1381 3463 1441 3513 cor·

190 3553 273 3626 pore
296 3550 432 3606 acturos
456 3535 506 3604 vel
526 3537 744 3616 constituros;
771 3536 861 3623 quod
886 3535 1026 3623 quidem
1054 3537 1100 3607 ita
1120 3536 1248 3606 factum
1277 3550 1339 3606 est.
1371 3539 1441 3602 Con·

190 3624 307 3694 cordia
330 3647 411 3715 ergo
435 3623 523 3694 inter
545 3624 622 3694 illos
643 3625 706 3694 hoc
724 3625 825 3694 modo
848 3625 1048 3715 composita,
1074 3637 1179 3695 ratem
1204 3625 1399 3700 ascendunt,
1416 3627 1441 3686 et

189 3712 257 3781 alio
282 3713 368 3782 illud
399 3713 606 3782 involventes
632 3734 746 3803 panno
770 3713 916 3783 candido
944 3725 975 3782 et
1000 3736 1102 3796 novo,
1133 3714 1246 3804 priore
1270 3714 1389 3788 ablato,
1411 3708 1438 3775 in
1474 3725 1475 3758 t

189 3799 343 3890 ligneum
370 3801 552 3891 imponunt
570 3801 758 3882 vasculum,
777 3803 810 3870 in
825 3825 893 3892 quo
919 3801 1052 3871 laticem
1071 3801 1121 3870 vel
1144 3815 1305 3872 temetum
1334 3809 1438 3892 nautae

189 3911 323 3960 servare
338 3890 458 3960 solent.
481 3896 612 3960 Interea
628 3889 719 3960 fama
737 3892 934 3980 pernicibus
952 3890 1016 3960 alis
1034 3889 1189 3972 volitans,
1208 3889 1330 3960 incolis
1349 3893 1437 3982 llyrer

188 3978 315 4061 castri,
341 3978 431 4066 quod
473 4001 540 4050 non
574 3979 712 4071 longius
737 3978 897 4048 milliario
933 4001 1002 4049 uno
1039 3982 1081 4050 ab
1105 3980 1224 4048 eadem
1252 3977 1435 4048 ecclesiam
1473 4049 1474 4054 η

189 4067 378 4136 monticulo
401 4068 550 4154 quodam
569 4069 672 4138 situm
694 4078 755 4148 est,
782 4091 882 4137 aures
908 4068 1093 4138 multorum
1122 4069 1208 4137 tristi
1232 4089 1310 4138 voce
1335 4081 1436 4163 percu·
1473 4063 1474 4154 l

187 4155 286 4237 tiens,
309 4155 341 4225 id
367 4156 456 4242 quod
483 4168 615 4246 gestum
633 4169 705 4225 erat
729 4157 909 4243 nuntiavit.
936 4161 1182 4228 Concurrentes
1198 4178 1277 4246 ergo
1298 4154 1434 4246 undique

185 4267 292 4314 cursu
316 4244 547 4326 velocissimo,
568 4246 644 4314 irati
670 4246 814 4315 nimium
834 4267 873 4314 ac
899 4245 1105 4328 tristissimi,
1134 4245 1316 4315 tendebant
1338 4239 1375 4310 ad
1400 4235 1434 4302 lr-

186 4345 271 4412 tora,
297 4335 340 4404 ob
366 4347 569 4421 raptumque
586 4347 754 4422 pastorem
781 4347 812 4404 et
835 4334 1015 4404 dominum
1042 4335 1197 4424 lugentes
1221 4329 1429 4404 amarissime,
1472 4393 1473 4400 ,

187 4422 299 4490 crines
334 4433 366 4491 et
396 4421 518 4491 barbas
541 4421 683 4492 evellere
712 4423 905 4494 diutissime
933 4445 1000 4494 non
1024 4435 1225 4507 cessarunt,
1255 4435 1286 4493 et
1309 4415 1430 4490 vocibus
1472 4409 1473 4447 l
