2994 4832
121 283 193 348 lllb
439 301 483 347 na
509 301 539 347 s.
569 299 726 347 natuarro
750 301 801 346 av.
827 299 865 345 vv
888 299 985 345 uana.
1255 280 1317 344 lla

191 391 255 457 Seu
273 384 452 456 Rhodani
480 398 617 476 tegens
637 383 837 454 halantibus
857 384 992 452 invocat
1009 383 1077 452 aris

191 477 327 554 Accola,
355 496 475 560 quam
495 473 672 560 quorvdam
692 474 726 541 in
746 473 907 552 tenebris,
927 485 959 540 et
976 485 1074 540 nocte
1090 471 1259 558 jacentem

193 565 320 646 Erexti,
341 583 551 650 verumque
569 561 694 632 dedisti
714 583 853 631 cernere
874 560 1005 640 lumen,

193 659 344 726 Omnem
367 652 458 722 luce
483 673 584 732 nova,
605 651 780 738 radiisque
798 650 993 720 recentibus
1013 670 1107 718 oram

158 745 163 752 ’
194 742 440 822 Perfundens,
459 741 632 826 dictisque
648 740 829 810 bominum
848 739 919 808 sera
937 751 1071 827 pectora
1090 736 1252 814 lustrans,

197 839 266 903 Seu
285 832 466 921 Ligurum
486 829 648 898 extremis
666 841 757 898 tenet
773 828 900 918 inclyta
918 827 1049 896 finibus
1067 825 1161 897 alba.

198 917 504 1006 Quandoquidem
523 917 612 987 baud
633 916 752 1007 procul
772 916 851 985 inde
874 917 989 985 lerunt
1013 928 1044 984 te
1062 916 1150 985 lucis
1167 915 1272 984 inisse

205 1010 356 1087 Limina,
386 1020 422 1076 et
440 1008 476 1075 iu
495 1007 617 1076 'lauari
643 1008 717 1097 ripa
734 1006 867 1107 vagisse
884 1006 1049 1076 sonantis.

207 1105 423 1168 lloxcaram
451 1095 603 1186 implesti
626 1096 756 1165 meritis
777 1095 975 1185 ingentibus
996 1094 1116 1163 urbem

209 1188 303 1258 Celsa
320 1186 459 1255 docens
477 1197 586 1254 rectas
602 1184 643 1254 ad
662 1184 772 1253 sidem
793 1183 909 1254 tollere
930 1183 1092 1253 menteis:

209 1283 274 1347 Nec
291 1277 416 1366 potius
433 1287 466 1343 te
483 1274 590 1342 Ticini
610 1272 866 1359 liquidissimus
883 1273 997 1342 amuis

214 1367 382 1445 Detineat,
408 1362 549 1432 sedesve
563 1363 660 1449 juvet
674 1361 891 1462 cognominis
910 1361 1020 1440 urbis,

213 1461 322 1538 Quam
345 1463 446 1542 pater
462 1452 618 1541 imperiis
635 1473 743 1520 sacris
762 1450 1019 1539 placidissimus
1035 1448 1116 1518 olim

214 1542 339 1614 Rexisti
358 1541 477 1631 gentis
491 1551 618 1620 custos,
638 1538 826 1628 templique
841 1539 1013 1609 sacerdos.

217 1631 300 1710 lllic,
319 1629 430 1698 credo
446 1628 618 1716 equidem,
645 1628 781 1698 sumant
798 1629 988 1718 majoribus
1004 1628 1074 1696 aris

220 1719 357 1810 Templa
375 1718 454 1798 tibi,
474 1739 562 1804 quae
581 1718 756 1804 quondam
777 1720 865 1786 atavi
890 1717 1037 1787 eduxere
1054 1715 1119 1786 sub
1138 1727 1229 1785 astra

219 1808 409 1900 Indigenae
426 1820 483 1876 tua
507 1807 620 1876 mirati
639 1805 845 1876 immortalia
863 1806 962 1876 lacta.

220 1895 270 1966 llli
282 1898 363 1985 jure
379 1894 522 1984 quidem
540 1895 625 1964 baec
644 1917 822 1974 memores,
843 1896 986 1982 visuque
1001 1894 1121 1963 coacti.

222 1991 281 2056 b'os
298 2005 394 2065 ver0,
414 2005 502 2071 quos
519 1983 620 2074 longe
639 1984 705 2052 alia
725 1985 861 2075 regione
883 1996 1029 2053 remotos

222 2076 276 2144 lix
294 2087 475 2144 tantorum
500 2094 642 2162 operum
663 2075 774 2142 tenuis
790 2074 900 2142 lamae
915 2072 1026 2162 attigit
1041 2093 1136 2152 aura,

228 2164 412 2234 adnomen
437 2162 498 2230 tibi
518 2163 723 2252 praecipuos
745 2161 912 2252 largimur
933 2162 1091 2230 honores.

230 2255 344 2340 Sponte
362 2262 480 2320 autem
498 2274 506 2316 ι
533 2273 601 2319 non
619 2250 713 2320 divas
729 2272 847 2339 opum,
868 2273 933 2320 nou
950 2251 1040 2319 aeris
1057 2249 1239 2320 abundans

230 2345 288 2411 Stat
303 2362 431 2432 pagus,
452 2338 509 2407 sed
530 2341 623 2407 enim
643 2339 764 2429 pietate
783 2341 816 2407 in
836 2339 1101 2425 aequandaque

226 2429 316 2499 llulla
338 2426 527 2497 lasellilero
551 2429 731 2498 certaverit
746 2449 804 2498 ora
825 2428 991 2508 Paderuo,

222 2518 317 2587 Nulla
335 2532 417 2587 tuas
437 2516 554 2586 tandm
570 2517 695 2586 melius
710 2539 794 2605 gens
810 2517 924 2586 dicere
941 2517 1071 2587 laudes.

221 2611 301 2676 llam
321 2603 432 2676 simul
450 2627 489 2674 ac
508 2605 635 2675 laetum
653 2605 688 2676 in
706 2619 840 2676 coetum
857 2605 1083 2676 convenimus
1097 2627 1228 2687 omnes,

221 2696 398 2776 Foemina‚
422 2693 541 2782 virque
555 2695 679 2765 choros
695 2696 845 2786 agimus,
869 2711 996 2782 tuaque
1014 2695 1144 2784 inclyta
1160 2693 1248 2766 lacta

221 2790 419 2870 aequamus
437 2783 543 2853 coelo.
563 2789 782 2872 Responsaut
800 2785 907 2856 densa
929 2783 1047 2853 salicta

222 2873 394 2960 Undique,
414 2884 447 2940 et
465 2875 564 2942 aerea
580 2874 701 2942 recinit
716 2873 758 2942 de
777 2885 870 2943 turre
891 2877 1054 2943 Cremona

222 2963 454 3052 armipotens,
473 2960 667 3051 gaudetque
688 2961 806 3050 procul
831 2963 953 3052 pietate
970 2983 1126 3032 suorum.

221 3049 360 3119 Primus
377 3071 441 3139 ego
461 3063 539 3119 ante
555 3071 632 3121 aras
655 3064 760 3131 vates,
788 3051 922 3137 vicique
942 3051 1101 3122 sacerdos

222 3140 386 3208 Carmina
404 3137 499 3208 mille
522 3159 620 3220 cano,
642 3139 780 3209 totidem
800 3139 899 3229 plebs
914 3148 1075 3210 consona
1090 3139 1213 3209 reddit.

224 3227 341 3296 Primo
358 3227 471 3326 ipsam
487 3239 526 3296 ut
551 3228 680 3296 meritis
700 3249 861 3320 praesens
885 3227 1078 3298 devinxeris
1097 3227 1230 3310 albam,

223 3321 270 3385 Ex
296 3315 475 3403 ulerrsque
489 3315 603 3405 adytis
620 3319 779 3387 mentitos
797 3317 938 3386 nuntius
960 3316 1057 3386 divos

223 3337 302 3473 Inrll
349 3416 410 3485 tes,
429 3425 617 3491 verumque
633 3410 737 3476 Deum
763 3405 929 3477 detexeris
948 3406 1026 3475 urbi

225 3498 303 3582 Imp
319 3505 433 3563 entem
453 3493 573 3578 maria,
593 3515 633 3564 ac
649 3507 767 3574 terras,
787 3494 920 3564 coelum
941 3494 1150 3583 profundum

224 3583 472 3652 ‹bucinimus:
492 3596 564 3652 tum
589 3597 626 3652 ut
644 3595 709 3652 tota
726 3584 795 3653 tuis
815 3583 974 3670 ultroque
994 3585 1147 3670 eitroque

224 3671 336 3740 Gallia
354 3671 551 3760 praebuerit
570 3671 687 3740 faciles
704 3672 896 3743 hortatibus
913 3693 1014 3742 aures

225 3759 403 3828 admirata
423 3759 598 3830 bominem
624 3781 731 3850 supra
751 3774 782 3832 te
803 3760 953 3852 plurima
973 3761 1102 3848 ubique

225 3853 331 3918 Posse
352 3853 418 3918 Deo
436 3847 591 3938 plenum,
611 3870 785 3936 vanasque
802 3849 978 3938 reliquerit
997 3870 1085 3931 arua,

222 3941 264 4006 Et
288 3937 489 4017 simulacra,
510 3939 617 4007 belim
638 3937 743 4008 falsos
760 3938 935 4008 reddentia
953 3939 1080 4018 vultus,

224 4024 402 4115 sparseris
418 4040 457 4095 ut
471 4027 542 4096 veri
558 4025 696 4096 divinos
713 4029 867 4098 numinis
883 4029 1030 4098 haustus

224 4119 289 4184 Per
306 4113 453 4204 populos
470 4116 505 4183 in
527 4115 644 4194 corda,
664 4115 865 4204 animosque.
885 4118 920 4185 iu
943 4117 1034 4186 nabe
1047 4113 1194 4205 jacentis

224 4201 382 4274 Obscura
399 4202 579 4274 illustrans
599 4203 744 4273 monitis
768 4205 915 4278 erexeris
933 4206 1047 4274 aureis

221 4290 273 4362 ad
295 4303 453 4363 sanctum
468 4292 586 4382 jubar,
607 4291 839 4382 immensique
859 4294 900 4364 ad
927 4292 1070 4362 luminis
1093 4293 1203 4382 ignes,

224 4380 352 4452 Omnia
373 4401 432 4470 per
451 4393 559 4453 terras
578 4399 676 4468 quae
692 4376 755 4448 late
770 4382 861 4453 lama
880 4383 1034 4452 canebat.
