2994 4832
41 273 98 336 ΗΒΕ.
120 273 137 337 l
364 291 405 338 nn
430 291 457 336 s.
483 291 609 340 aunone
633 291 783 340 necuter.
811 291 924 341 conon.
1180 273 1191 337 l
1207 274 1236 337 tt

40 375 132 444 lirino.
157 379 236 444 llam
261 375 353 444 etsi
379 395 421 444 ea
442 374 541 463 jussu
563 374 659 448 illius
676 375 834 447 conlecta
855 389 952 456 erat,
981 395 1048 446 non
1081 388 1192 446 tamen
1220 375 1286 444 nisi

39 463 281 553 leodisponente
293 485 336 534 ea
355 463 441 534 bora
455 463 606 536 exhibite
620 477 682 535 est.
702 465 831 536 Eodem
845 465 939 536 enim
958 475 1131 538 momento
1150 465 1284 555 praesul

37 557 103 624 intro
117 564 292 634 revertens,
313 552 433 624 locum
450 553 600 711 sepulcri
618 555 674 626 sui
692 554 817 626 baculo
832 553 1025 645 designavit
1048 575 1088 623 eo
1114 552 1198 634 loco,
1226 553 1285 624 ubi

36 664 107 710 nuuc
123 653 181 722 est,
198 653 231 711 et
248 641 450 712 catenulam
471 642 481 710 i
499 642 567 714 lam
588 643 694 733 jussit
743 665 781 714 er
806 645 958 714 tabulata
982 642 1139 714 submitti
1164 641 1207 712 ad
1234 641 1287 712 lu-

31 752 146 800 cernam
157 729 431 800 subvehendam.
449 735 551 801 Porro
568 732 704 802 Svitbar
729 755 749 801 o
766 732 874 802 milite
890 753 958 802 non
971 732 1046 800 sine
1056 730 1285 801 admiratione

30 819 198 889 sciscitante
213 841 252 889 ex
261 841 314 900 eo,
329 817 416 908 quid
433 831 501 890 tam
514 835 673 891 accursu
689 821 904 892 dimensione
918 821 1068 907 sepulcri
1082 820 1149 890 sibi
1169 819 1279 899 vellet,

30 907 181 998 respondit
199 931 236 978 se
263 930 364 980 suam
391 907 462 978 illic
478 908 660 1000 designare
679 909 906 1000 sepulturam.
933 909 997 979 lllo
1017 932 1142 980 rursus
1164 909 1281 996 inqui-

28 1009 115 1076 rente,
131 1017 299 1084 quaenam
318 997 475 1097 corporis
491 999 675 1070 necessitas
688 1020 780 1081 eum,
802 999 835 1070 id
853 1011 892 1070 ut
906 996 1042 1080 laceret,
1061 1001 1285 1100 perurgeret?

27 1091 108 1165 «Ea,
131 1086 176 1156 ait
197 1086 318 1157 beutus
340 1108 403 1166 vir,
425 1108 511 1173 quae
534 1087 653 1175 utique
676 1109 815 1158 summa
830 1099 894 1170 eet,
915 1109 1038 1177 nempe
1059 1109 1152 1157 mors
1171 1087 1276 1157 inevi-

26 1174 144 1244 tabilis:
169 1175 355 1246 nonenim
389 1175 529 1264 posthac
556 1177 670 1246 vivum
702 1197 755 1246 me
783 1176 881 1248 locus
901 1177 956 1246 hic
985 1177 1137 1267 recipiet.
1157 1199 1175 1244 »
1194 1182 1279 1245 turn

24 1285 91 1334 mor
104 1264 263 1353 expalluit
281 1262 394 1346 miles,
416 1265 603 1352 crebroque
619 1287 655 1336 se
675 1269 781 1336 Cruce
797 1266 965 1356 signavit:
994 1266 1190 1352 iterumque
1207 1286 1283 1355 per·

23 1353 136 1421 contari
154 1375 193 1422 ea
211 1351 383 1454 Episcopo
407 1353 528 1442 coepit,
555 1376 617 1424 cur
645 1375 711 1424 uon
740 1354 775 1424 in
803 1355 931 1436 choro,
957 1354 1134 1424 sacratiori
1161 1352 1280 1443 templi

23 1439 95 1520 loco,
114 1441 248 1512 burnan
267 1442 383 1531 potius
399 1441 508 1512 vellet.
528 1443 716 1533 Respondit
730 1443 941 1534 Episcopus:
958 1442 1024 1512 «ld
1039 1465 1103 1533 ego
1119 1464 1158 1512 ea
1174 1463 1280 1512 causa

23 1530 99 1612 nolo,
118 1543 221 1609 netu,
239 1530 359 1617 tuique
374 1530 507 1602 similes
523 1531 565 1600 ad
583 1532 782 1623 sepulcrum
803 1553 917 1603 meum
934 1529 1055 1602 orandi
1072 1553 1178 1602 causa
1200 1552 1277 1600 ren·

23 1620 93 1700 turi,
111 1620 280 1690 Fratribus
298 1619 420 1690 divina
437 1619 550 1690 officia
568 1621 841 1708 persolventibus
865 1620 1057 1692 molestiam
1077 1619 1279 1690 exhibeatis.

22 1711 98 1776 lum
114 1707 221 1790 etiam,
243 1722 281 1780 ut
298 1721 411 1798 pateat
425 1708 470 1779 ad
487 1709 685 1798 sepulcrum
708 1731 822 1780 meum
842 1710 957 1781 aditus
976 1708 1197 1801 pauperculis
1214 1709 1280 1778 loe-

23 1796 126 1877 minis,
139 1817 176 1868 ex
192 1819 268 1868 rure
283 1819 345 1886 pro
362 1796 540 1868 devotione
556 1820 619 1868 sue
638 1820 739 1889 poma
754 1798 804 1868 vel
822 1821 897 1882 ova,
916 1809 976 1870 aut
990 1797 1168 1886 quodlibet
1183 1797 1278 1867 aliud

26 1898 147 1954 sanctae
160 1885 393 1975 simplicitatis
410 1885 658 1958 munusculum
676 1886 857 1960 allaturis:
883 1909 1031 1976 quarum
1049 1909 1128 1958 cum
1148 1887 1281 1956 devotio

28 1984 108 2041 tauto
122 1973 161 2044 sit
175 1975 303 2064 gratior
320 1979 399 2055 Deo,
426 1989 555 2062 quanto
576 1976 643 2046 vita
671 1975 874 2066 simplicior,
897 1997 965 2048 non
984 1998 1105 2065 parum
1123 1974 1280 2046 detrahe-

32 2062 233 2158 returbouori
251 2085 342 2144 meo,
362 2064 392 2134 si
407 2063 547 2136 illerum
565 2065 696 2153 rejectis
714 2064 876 2158 lacrymis
891 2077 923 2136 et
939 2065 1178 2153 querimoniis,
1197 2062 1280 2133 solis

35 2147 185 2248 nobilibus
199 2163 328 2242 pateret
344 2175 505 2226 accessus
518 2152 561 2222 ad
577 2167 839 2226 monumentum
858 2175 986 2224 meum.
1002 2153 1112 2245 Igitur
1123 2150 1280 2242 exemplo

36 2239 235 2323 Domtntmei,
259 2241 333 2312 duo
357 2241 479 2312 viduae
504 2242 635 2313 minute
658 2242 871 2333 accipientis,
893 2265 956 2334 ego
984 2263 1122 2330 quoque
1153 2241 1277 2311 harum

31 2336 61 2423 et
77 2329 257 2402 munuscula
273 2330 533 2420 complexurus,
553 2345 585 2402 et
606 2352 722 2421 preces
743 2331 974 2410 admissurus,
994 2329 1159 2402 omnibus
1178 2351 1279 2419 expo-

26 2426 124 2514 situm
136 2416 244 2489 habere
259 2420 337 2490 volo
351 2419 548 2510 sepulturae
566 2419 798 2492 meaelocum.
816 2443 833 2488 a
851 2425 901 2492 lta
918 2419 975 2490 ille
993 2441 1085 2490 more
1099 2441 1162 2490 suo
1175 2418 1274 2506 quesi

22 2523 196 2594 perjocum
216 2508 318 2579 militi
335 2508 493 2598 aperiens
517 2521 646 2579 secreta
668 2508 894 2598 pectorissui,
924 2511 1012 2580 loras
1033 2529 1193 2598 egressus
1209 2518 1274 2578 est.

17 2591 103 2671 lude,
123 2615 306 2668 conscenso
321 2617 423 2684 equo,
445 2609 595 2668 moestus
611 2597 797 2668 identidem
815 2598 932 2668 animo
950 2595 1082 2667 redibat
1094 2596 1137 2667 ad
1156 2617 1276 2667 inorna-

15 2682 144 2778 sterium
162 2684 260 2768 illud,
278 2686 426 2756 multum
441 2685 474 2754 id
490 2685 687 2776 deplorans,
706 2685 797 2787 quod
813 2687 902 2757 ultre
918 2707 984 2756 non
1005 2686 1143 2756 risurus
1162 2684 1276 2756 locum

12 2769 217 2930 illunkaaeunice
233 2774 301 2846 sibi
314 2795 447 2856 carum,
465 2774 548 2846 filiis
565 2776 638 2848 suis
648 2775 925 2866 copiosissimam
941 2775 1083 2866 lugendi
1098 2775 1275 2846 materiam

11 2881 81 2944 prae
130 2874 189 2932 ret.
756 2925 758 2930 .

43 2951 60 3036 ξ
84 2953 167 3026 83.
190 2956 276 3022 Nam
296 2963 483 3028 comesset
503 2951 677 3022 Coloniam
700 2973 877 3034 reversus,
904 2951 1002 3024 dolor
1021 2952 1192 3043 podagrae
1216 2951 1277 3022 de-

7 3053 111 3136 rtrum
129 3040 205 3130 ejus
225 3039 346 3130 pedem
373 3040 508 3123 invasit,
535 3063 604 3128 quo
625 3063 744 3112 novem
767 3041 845 3132 plus
867 3041 982 3114 minus
1001 3041 1276 3112 hebdomadibus

6 3127 242 3200 miserabiliter
257 3129 500 3211 discruciatus,
529 3129 665 3200 tandein
691 3129 733 3202 ad
754 3143 905 3202 extrema
925 3130 1110 3288 perductus
1128 3143 1190 3201 est.
1210 3130 1277 3200 Sed

4 3217 83 3286 enirn
106 3218 211 3288 initio
227 3216 378 3305 quadam
399 3218 508 3289 animi
528 3219 721 3291 constantia
749 3218 885 3292 dolores
913 3219 922 3288 i
940 3218 990 3290 los
1021 3217 1273 3290 hebdomadam

2 3323 96 3375 unam
126 3319 320 3394 utcumque
335 3305 558 3378 dissimulare
574 3308 667 3382 visus
680 3321 742 3390 est,
755 3308 864 3380 donec
880 3307 1020 3379 inferiis
1035 3305 1276 3377 sanctiGereo·

2 3395 45 3490 nis
62 3408 155 3466 mart
183 3397 231 3465 ris
245 3396 424 3466 llissarum
435 3396 601 3467 solemnia
614 3398 647 3468 in
659 3397 886 3488 ejusccclesia
895 3395 1086 3478 celebrans,
1104 3395 1273 3466 intantum

2 3483 123 3556 nribus
159 3497 277 3556 rectus
292 3495 354 3565 est,
376 3497 412 3556 ut
429 3485 568 3567 omissa,
591 3507 696 3573 quam
720 3485 903 3558 habiturus
918 3497 1001 3567 erat,
1028 3483 1204 3564 concione,
1224 3482 1284 3552 vin

14 3574 222 3644 aeramentis
237 3575 526 3646 consummandis
550 3573 734 3646 sufficeret.
759 3580 868 3662 Atque
883 3574 971 3646 illud
996 3586 1186 3644 extremum
1212 3569 1277 3641 luit

1 3659 62 3746 ejus
79 3661 322 3734 sacrificium:
349 3683 419 3749 quo
438 3675 587 3752 peracte,
611 3663 739 3735 decidit
764 3663 798 3733 iu
817 3664 943 3734 lectum
965 3662 1095 3742 mortis,
1112 3659 1276 3730 omnibus

1 3751 237 3822 discolorem
254 3765 288 3820 et
310 3771 500 3822 moerorem
526 3751 683 3822 atterens.
710 3757 867 3844 Longum
887 3763 976 3824 esset
993 3749 1163 3841 persequi,
1188 3771 1276 3838 quas

4 3841 160 3922 miserias,
181 3861 272 3928 quae
297 3853 467 3910 tormenta
486 3852 553 3912 toto
573 3839 632 3912 illo
653 3853 807 3943 tempore
823 3839 1052 3932 aegritudinis
1069 3850 1141 3910 tum
1162 3861 1182 3908 e
1208 3861 1277 3908 me

5 3922 84 4010 licis,
106 3945 186 3998 tum
209 3950 229 3997 a
255 3927 376 4000 morbo
396 3929 470 4020 ipso
498 3951 681 4020 perpessus
706 3943 770 4004 stt:
800 3952 863 4002 nec
891 3928 1007 4000 minus
1032 3925 1173 3998 difficile
1200 3950 1276 4018 per-

8 4019 167 4098 scribere,
205 4039 294 4105 quae
328 4017 455 4107 spiritu
483 4019 714 4108 praedixerit,
751 4019 840 4108 quae
871 4018 905 4087 in
935 4017 1057 4090 ecstasi
1084 4015 1229 4087 viderit:
1255 4039 1274 4088 e

11 4108 116 4235 ssibus
144 4104 202 4175 rel
236 4128 349 4197 pauca
382 4105 600 4190 adleremus,
637 4121 808 4197 quatenus
845 4107 1007 4178 historiae
1037 4105 1278 4198 opportunitas

16 4209 162 4265 emittet.

41 4287 157 4369 tu.
191 4287 294 4352 Porro
317 4295 433 4354 autem
459 4284 556 4356 dolor
577 4286 673 4377 pedis
698 4307 799 4356 omne
819 4308 898 4356 crus
923 4297 955 4354 et
981 4298 1109 4374 partem
1137 4255 1277 4354 femoris

18 4385 184 4464 ecupans,
216 4374 334 4444 crebro
370 4373 483 4444 vitalia
520 4377 593 4465 ipse
618 4375 811 4447 infestabat.
843 4373 889 4444 td
923 4389 1112 4448 extremum
1153 4372 1276 4445 stolam
