2960 4824
36 243 105 308 llll.
134 245 168 307 t3
379 263 416 308 nu
440 263 466 307 s.
493 263 655 309 nnrnanro
680 265 728 308 ur.
756 263 911 310 caustico.
1173 248 1229 310 331

36 345 310 416 lernmenimvero
322 367 399 415 cum
413 347 588 436 Scriptura
600 347 703 416 dicat:
718 351 834 418 Gloria
846 349 956 437 patris
968 358 1015 416 est
1027 351 1120 438 filius
1132 350 1276 432 sopiens,

31 457 62 502 aa
76 431 227 504 fidelibus
251 434 468 506 auditoribus
492 435 650 505 sufficere
671 447 826 525 poterant
844 436 886 504 de
908 437 978 504 viro
998 437 1055 505 Dei
1075 437 1117 506 ad
1143 437 1280 527 insigne

31 523 170 604 virtutis,
201 545 290 611 quae
311 545 370 613 per
397 525 585 594 imitatores
614 546 696 594 suos
719 524 830 616 egisse
858 523 1013 594 videtur:
1041 525 1210 611 quiahoc
1235 526 1279 596 ab

31 613 93 700 ipso
108 613 171 681 sibi
194 625 413 702 acceperunt,
436 613 529 700 quod
551 614 661 702 signis
685 624 718 684 et
742 611 920 682 miraculis
939 613 1161 695 enituerunt,
1187 614 1288 700 quod

28 700 135 770 mundi
157 699 302 792 gloriam
321 701 503 782 calcantes,
525 716 558 771 et
574 702 690 772 carnis
707 701 886 770 illecebras
902 702 1135 784 declinantes,
1159 705 1281 792 spretis

27 811 127 858 rerum
149 789 439 880 possessionibus,
462 790 526 860 soli
542 790 714 860 Conditori
739 803 806 860 toto
826 789 928 860 corde
947 790 1189 861 adhaeserunt.

62 881 139 964 55.
160 877 224 947 Sed
249 879 331 964 quia
356 880 495 968 signum
521 879 563 948 de
586 879 681 949 coelo
705 891 944 966 quaerentesa
965 881 1120 961 Domino,
1140 879 1280 970 signum

23 972 118 1036 lonae
141 966 338 1049 audierunt,
360 969 420 1055 qui
447 982 559 1037 tamen
585 969 724 1058 siguum
742 974 849 1038 Jonae
873 969 1054 1039 amortuis
1071 969 1281 1060 resurgentis

22 1077 80 1122 non
103 1056 345 1136 crediderunt,
372 1077 432 1145 per
455 1069 649 1126 revocatum
675 1057 852 1126 bominem
876 1057 977 1143 quasi
1007 1057 1049 1126 de
1078 1070 1192 1127 ventre
1216 1058 1281 1127 ceti

21 1143 207 1224 infernalis,
241 1145 419 1234 pensanda
444 1158 525 1215 sunt
549 1147 668 1214 merita
692 1146 783 1216 beati
808 1145 991 1235 pontificis.
1019 1151 1097 1216 Erat
1131 1167 1282 1234 namque

22 1233 50 1299 in
75 1232 221 1302 Ecclesia
238 1235 356 1304 beatae
379 1233 515 1316 Mariae,
532 1255 620 1322 qnae
637 1235 727 1304 intra
746 1255 866 1304 muros
890 1239 1090 1304 cameracae
1115 1234 1206 1304 sedis
1230 1245 1281 1305 est

19 1334 218 1404 constructa,
245 1333 332 1412 puer
355 1322 495 1409 quidam
522 1322 648 1395 nobilis
674 1323 865 1412 prosapiae,
890 1324 926 1392 in
953 1323 1033 1392 villa
1057 1337 1164 1406 ortus,
1191 1345 1280 1412 quae

19 1410 57 1478 ab
79 1409 200 1480 incolis
224 1411 329 1480 Vallis
353 1433 477 1480 nomen
496 1413 639 1501 accepit,
659 1410 825 1482 vocabulo
849 1411 1071 1494 Landelinus,
1091 1433 1192 1500 quem
1219 1435 1281 1502 pa-

18 1513 120 1568 rentes
140 1498 234 1569 sonte
257 1499 474 1588 baptismatis
498 1499 748 1582 innovandum,
768 1513 800 1570 et
815 1500 859 1570 ob
884 1523 1026 1570 suarum
1046 1501 1190 1570 salutem
1208 1502 1282 1570 ani-

20 1609 159 1668 marum,
181 1588 376 1677 disciplinis
392 1590 499 1658 sacris
513 1589 740 1658 imbuendum
759 1589 856 1658 beato
875 1590 1034 1660 lutberto
1051 1589 1278 1660 tradiderunt.

17 1677 85 1756 Qui,
104 1677 184 1746 licet
208 1677 324 1746 adhuc
349 1689 483 1747 tenerae
497 1678 617 1748 aetatis
634 1677 834 1748 infirmitate
850 1677 1019 1754 detentus,
1040 1678 1282 1767 praetendebat

18 1766 165 1835 moribus
181 1766 350 1851 quaedam
372 1766 470 1857 signa
486 1765 621 1836 futurae
646 1767 848 1837 sanctitatis.
871 1766 1099 1848 Quamobrem
1118 1769 1282 1854 antiquus

19 1853 152 1922 numani
187 1855 323 1944 generis
351 1856 537 1936 inimicuS‚
562 1856 621 1942 qui
647 1856 691 1925 ab
715 1855 813 1924 initio
838 1856 939 1926 bonis
963 1855 1097 1925 actibus
1124 1857 1281 1925 resistere

17 1941 210 2022 contendit,
236 1942 385 2012 invidiae
410 1945 544 2014 lacibus
567 1965 746 2024 accensus,
772 1956 891 2014 contra
920 1943 1071 2012 huncio
1098 1945 1281 2014 tentatione

18 2053 46 2098 se
67 2032 194 2100 erexit:
221 2044 390 2118 quatenus
414 2045 446 2101 et
473 2035 569 2102 beato
595 2033 666 2102 viro
690 2031 819 2103 laboris
843 2033 898 2102 sui
922 2033 1073 2101 fructum
1098 2032 1276 2112 adimeret,

16 2133 42 2186 et
64 2141 212 2209 puerum
239 2120 358 2190 mortis
382 2121 523 2190 vulnere
556 2123 738 2192 sauciaret.
766 2127 932 2191 Futurum
964 2123 1055 2190 enirn
1083 2121 1279 2202 metuebat,

18 2229 52 2276 ne
74 2231 135 2298 per
168 2209 438 2278 conversationis
461 2210 536 2299 ejus
559 2210 716 2300 exempla
741 2210 841 2280 multi
872 2209 954 2279 olim
979 2209 1209 2279 excitarentur
1237 2211 1280 2278 ad

18 2319 164 2367 normam
188 2297 275 2387 justi
292 2299 405 2386 operis
428 2299 676 2385 exequendam.
703 2299 766 2368 Sed
787 2298 880 2368 unde
904 2297 1012 2368 hostis
1037 2299 1197 2388 impurus
1221 2297 1283 2366 ad-

18 2407 143 2458 versum
173 2387 312 2454 beatum
337 2385 535 2456 lutbertum
562 2409 644 2457 suae
669 2387 820 2456 malitiae
842 2409 968 2456 ausum
992 2388 1172 2468 excitavit,
1199 2387 1281 2460 inde

17 2475 42 2541 ei
58 2475 219 2545 victoriae
236 2476 449 2544 occasionem
467 2475 595 2545 invitus
613 2476 830 2546 ministravit.
848 2481 930 2546 Nam
945 2477 1027 2565 quia
1047 2477 1112 2548 sub
1128 2476 1283 2545 districta

20 2565 140 2648 providi
162 2564 320 2664 magistri
344 2585 491 2634 censura
519 2586 604 2653 puer
627 2565 741 2634 adhuc
767 2563 924 2634 modicus
948 2565 1123 2656 agebatur,
1151 2587 1191 2634 er
1214 2587 1282 2654 quo

18 2651 101 2720 nulla
126 2653 198 2722 sibi
223 2652 424 2722 insolentiae
446 2653 585 2754 patebat
608 2653 761 2734 occasio,
789 2653 987 2723 frustratam
1013 2654 1080 2723 sibi
1106 2652 1280 2742 malignus

17 2741 149 2828 spiritus
176 2740 400 2811 erubescebat
423 2743 612 2812 victoriam.
641 2747 681 2811 Ut
708 2754 823 2811 autem
850 2743 885 2810 in
914 2741 1022 2811 virilis
1046 2741 1154 2810 animi
1180 2741 1284 2810 robur

16 2829 209 2899 adolescens
241 2831 371 2912 evasit,
401 2852 489 2916 quae
523 2843 615 2900 aetas
647 2830 788 2901 liberior
818 2830 861 2900 ad
888 2851 1044 2917 quaeque
1079 2829 1280 2900 audendum

17 2938 143 2994 semper
170 2918 315 2998 videtur,
342 2919 506 2989 continuo
530 2919 638 2989 bostis
663 2918 709 2987 im
739 2917 841 2988 robus
859 2942 894 2990 se
912 2921 989 2989 totis
1015 2918 1145 2989 viribus
1168 2920 1209 2988 ad
1229 2941 1283 2988 re-

18 3005 168 3078 bellionis
194 3020 283 3077 artes
307 3009 495 3096 reparavit:
523 3007 635 3096 coepit
666 2941 812 3077 suddola
836 3008 1019 3077 tentatione
1038 3009 1178 3098 juvenis
1209 3009 1283 3077 ani·

19 3116 99 3163 num
128 3095 283 3186 pulsare,
316 3096 607 3186 cogitationesque
632 3096 743 3166 varias
766 3109 799 3166 et
822 3095 960 3166 illicitas
984 3097 1162 3187 ingerere:
1191 3115 1282 3165 nunc

16 3184 143 3268 quidem
174 3184 363 3253 imminens
386 3185 417 3254 ei
442 3186 642 3254 memoriam
669 3186 795 3254 terreni
821 3185 1031 3275 patrimonii,
1058 3185 1194 3274 generis
1220 3207 1282 3253 no-

18 3271 188 3354 bilitatem,
215 3271 367 3341 familiae
390 3295 609 3342 numerosam
628 3273 844 3364 dignitatem,
865 3295 979 3342 rerum
998 3274 1156 3364 gloriam,
1183 3286 1215 3342 et
1232 3295 1283 3342 re-

19 3359 98 3446 liqna
118 3362 209 3431 vitae
227 3360 416 3432 lascivioris
435 3362 685 3432 blandimenta.
705 3367 826 3432 Verum
844 3361 986 3448 quidam
1011 3364 1147 3451 cognati
1164 3375 1284 3431 contu·

21 3450 167 3522 tornales
193 3449 315 3531 illius,
344 3453 404 3538 qui
427 3472 508 3520 eum
537 3452 676 3541 puriore
700 3450 810 3541 gratia
833 3449 1028 3520 dilectionis
1052 3471 1169 3520 amare
1193 3449 1284 3518 vide·

20 3542 157 3620 bantur,
187 3539 271 3607 dum
297 3560 333 3609 se
358 3538 476 3628 juveni
506 3538 684 3609 consulere
716 3538 907 3629 putabant,
947 3538 1176 3628 perniciosius
1203 3559 1283 3606 eum

21 3626 117 3696 atalae
134 3627 376 3718 persuasionis
389 3627 515 3698 ictibus
532 3628 795 3729 impugnabant.
814 3628 880 3711 Qui
894 3642 927 3698 et
942 3627 1007 3717 ipsi
1024 3626 1142 3696 eodem
1159 3627 1285 3716 spiritu

20 3716 144 3800 agitati,
174 3715 368 3785 referebant
391 3718 564 3806 egregiam
585 3719 778 3806 juventutis
802 3715 972 3797 sormam,
999 3715 1183 3807 indignum
1209 3737 1284 3784 esse

20 3803 251 3874 ecclesiasticis
276 3803 427 3874 cultibus
451 3806 635 3894 occupari:
662 3803 785 3875 debere
806 3805 923 3896 potius
949 3804 1106 3874 virtutem
1133 3817 1284 3873 veterum

23 3891 135 3961 imitari
161 3905 359 3982 parentum,
376 3893 445 3980 'qui
472 3894 614 3963 militiae
638 3894 805 3964 secularis
829 3892 963 3964 artibus
988 3913 1148 3982 magnam
1170 3913 1284 3960 rerum

23 3975 153 4062 gloriam
181 3980 432 4068 acquisierunt.
458 3982 557 4052 Illam
583 3994 696 4052 autem
723 3981 922 4052 monasterii
948 3981 1102 4138 regulam
1132 3979 1283 4060 duram,

23 4068 274 4150 intolerabilem,
294 4069 433 4158 planam
447 4070 491 4139 ad
507 4070 782 4162 suscipiendum,
800 4070 943 4140 arduam
963 4093 980 4138 a
1031 4068 1283 4156 exequendum,

26 4158 140 4226 nemini
164 4156 412 4247 expetendam,
443 4158 510 4229 nisi
536 4181 638 4246 quem
665 4159 805 4228 animus
829 4158 1086 4236 formidolosus,
1109 4170 1168 4227 aut
1191 4170 1285 4226 aetas

24 4239 176 4330 debilior,
205 4257 267 4314 aut
294 4245 428 4316 nullum
453 4247 559 4317 decus
583 4247 796 4318 fortitudinis
820 4258 921 4338 apta,
953 4247 1064 4316 vivere
1095 4245 1282 4338 inglorium

25 4335 99 4420 cogit
120 4349 155 4406 et
181 4333 350 4426 ignotum.
377 4341 500 4408 Verum
526 4337 616 4408 sicut
633 4336 717 4408 solet
736 4336 823 4419 sieri,
851 4350 889 4408 ut
912 4337 1026 4406 omnis
1041 4357 1154 4406 sermo
1171 4335 1286 4407 malus
