2994 4832
287 279 349 343 tto
641 295 680 342 or
704 297 732 343 s.
760 295 840 342 snae
863 297 934 342 nnn.
961 295 999 342 ur
1022 293 1114 342 conr.
1367 277 1474 343 bane

241 391 393 471 ternpore
417 379 627 450 Theodosius
650 379 789 468 quidem
809 381 863 460 iis,
883 380 942 468 qui
960 379 1189 449 communiter
1205 379 1372 460 vivebant;
1391 381 1476 450 Sabas

239 482 353 570 autem
372 469 427 548 iis,
446 467 507 555 qui
526 490 606 537 cum
632 469 769 538 nemine
793 468 1117 560 congrediebantur,
1141 481 1173 538 et
1186 482 1283 539 erant
1296 470 1418 538 omnino
1439 491 1476 537 se·

239 571 362 649 parati,
392 568 583 647 praeerant.

281 649 300 734 ὅ
324 651 399 718 81.
426 651 609 733 Postquam
635 657 749 717 autem
777 646 947 717 Salustius
972 646 1132 736 migravit
1154 668 1194 716 ex
1217 647 1279 716 bac
1302 646 1383 726 rita,
1405 645 1475 715 Elias

236 735 391 822 quidem,
420 735 522 823 cujus
547 755 649 826 saepe
673 735 816 804 memini
842 735 876 804 in
894 737 962 806 vita
979 735 1097 825 magni
1121 735 1307 824 Euthymii‚
1331 735 1363 804 in
1386 733 1476 804 sedem

237 823 334 893 illius
361 823 527 892 evehitur.
542 824 674 910 ¹Statim
701 845 779 906 vero
803 825 898 893 omni
930 825 1044 897 studio
1070 824 1268 906 contendit,
1294 836 1330 893 ut
1350 824 1428 892 circa
1450 843 1475 890 se

238 926 422 1014 congreget
450 911 558 982 bonos
584 912 770 982 monachos
799 925 937 984 sanctae
961 913 1243 994 resurrectionis,
1274 911 1475 982 circatorum

239 1001 344 1072 David
375 1001 549 1091 dispersos
574 1001 608 1068 in
640 1001 816 1088 aliquibus
841 1002 949 1073 cellis.
977 1003 1220 1072 llonasterium
1252 1001 1384 1089 quidem
1410 1013 1476 1069 certe

238 1091 408 1160 construit
439 1090 532 1180 apud
558 1091 825 1191 Episcopatum,
861 1103 893 1160 et
923 1091 1028 1160 cellas
1060 1091 1219 1162 aedificat
1248 1089 1291 1160 ad
1321 1089 1392 1159 illos
1413 1088 1476 1158 eroi-

241 1178 396 1270 piendos,
419 1191 451 1248 et
475 1179 664 1268 unicuique
688 1201 820 1258 eorum,
842 1179 902 1266 qui
929 1180 1201 1260 conveniebant,
1229 1179 1363 1256 abunde
1380 1201 1433 1266 sup
1452 1198 1475 1244 e·

240 1268 325 1339 ditat
349 1289 399 1348 ea,
419 1289 507 1354 quae
526 1280 623 1337 erant
649 1267 852 1338 necessaria.
871 1273 953 1337 Cum
973 1269 1008 1336 hi
1027 1289 1109 1359 ergo
1124 1289 1246 1338 omnes
1267 1267 1414 1337 monaehi
1427 1267 1433 1332 i
1446 1265 1473 1332 lic

239 1369 543 1448 congregarentur,
572 1356 793 1428 beatissimus
818 1357 925 1426 Sabas
953 1379 1074 1428 rursus
1097 1379 1216 1427 emens
1244 1357 1365 1426 multas
1386 1353 1471 1432 cellas,

240 1445 421 1534 inquibus
446 1444 611 1535 illi'prius
634 1445 847 1525 habitabant,
874 1445 998 1534 adjecit
1022 1467 1080 1516 eas
1096 1446 1137 1514 ad
1159 1445 1235 1515 illos
1260 1441 1475 1541 hospitioerci-

264 1535 397 1614 iendos,
418 1534 478 1622 qui
493 1533 673 1603 veniebant
686 1534 728 1603 ad
743 1539 902 1616 Lauram;
919 1547 1017 1604 erant
1039 1535 1130 1604 enim
1145 1535 1176 1603 ei
1191 1535 1353 1624 proxime.
1371 1538 1438 1602 Cum
1452 1551 1474 1596 n

240 1557 295 1692 lis
314 1635 428 1693 autem
454 1637 643 1710 occupatus
661 1635 749 1692 esset
774 1623 891 1699 Sabas,
918 1635 950 1693 et
974 1623 1060 1694 alias
1084 1623 1223 1711 quidem
1251 1623 1394 1701 haberet,
1417 1619 1476 1688 alias

238 1733 318 1781 vero
337 1723 425 1782 esset
449 1711 654 1791 habiturus,
689 1712 783 1780 ineo
815 1711 853 1781 fit
879 1711 1053 1800 quoddam
1082 1712 1311 1792 miraculum,
1345 1727 1473 1800 magron

238 1801 392 1888 quidem,
414 1812 446 1869 et
462 1799 553 1887 quod
568 1810 618 1869 est
642 1813 911 1870 consentaneum
932 1822 1007 1871 esse
1024 1800 1239 1881 incredibile,
1262 1815 1295 1870 et
1311 1795 1475 1870 admirabile

238 1889 379 1976 quidem
397 1903 429 1957 et
452 1901 571 1958 contra
590 1888 801 1978 opinionem,
822 1889 880 1960 sed
897 1889 940 1958 ab
957 1890 1031 1978 ejus
1047 1889 1171 1959 virtute
1187 1890 1331 1959 minime
1347 1889 1473 1958 alienun.

239 1983 321 2048 Nam
346 1989 474 2046 emerat
494 1976 655 2064 quidem,
686 1990 724 2046 ut
743 1977 907 2059 diximus,
937 1978 1064 2048 multas
1087 1977 1215 2048 cellas:
1244 1978 1374 2048 volebat
1393 1988 1473 2046 auten

239 2066 326 2137 alias
349 2088 486 2154 quoque
510 2087 634 2146 emere,
661 2087 749 2152 quae
766 2077 863 2136 erant
880 2067 981 2136 etiam
1002 2067 1216 2224 propinquae
1241 2071 1379 2146 Laurae,
1395 2077 1420 2134 et
1434 2081 1474 2128 suo

239 2156 397 2226 instituto
424 2154 549 2226 utiles:
576 2154 635 2224 sed
660 2155 737 2224 auri
761 2155 953 2244 indigentia
979 2178 1000 2225 o
1025 2155 1137 2225 stabat
1160 2155 1352 2226 voluntati:
1375 2167 1402 2222 et
1420 2169 1474 2218 curn

155 2267 157 2274 ·
238 2265 357 2314 earum
383 2243 674 2333 acquirendarum
700 2243 943 2314 ardentissimo
969 2257 1139 2314 teneretur
1162 2244 1346 2326 desiderio,
1367 2239 1483 2318 nonin-3

238 2333 340 2402 bebat
354 2343 466 2402 tamen
486 2355 642 2412 manum,
662 2354 750 2420 quae
766 2334 797 2402 ei
817 2354 915 2422 opem
933 2333 1046 2402 ferret.
1070 2333 1159 2402 Nihil
1184 2333 1277 2402 enirn
1294 2336 1326 2403 ei
1344 2333 1474 2426 reliqupn

238 2420 373 2500 luerat,
403 2419 470 2490 nisi
497 2421 684 2492 dimidium
711 2420 943 2490 numismatis.
972 2421 1034 2490 Sed
1064 2422 1147 2502 ille,
1173 2433 1212 2491 ut
1265 2424 1301 2492 ui
1319 2422 1385 2492 bei
1406 2423 1474 2488 sonet

238 2510 356 2599 copias
374 2509 660 2600 sapientiamque,
678 2523 709 2579 et
722 2510 764 2578 nd
781 2511 899 2579 omnia
914 2508 1165 2592 fortitudinem,
1188 2523 1220 2580 et
1237 2447 1288 2580 illi
1303 2505 1474 2601 permisisset

238 2600 463 2678 universum,
490 2598 523 2667 id
546 2597 637 2684 quod
664 2610 745 2667 tunc
770 2598 918 2668 habebat
940 2599 1105 2668 cellarum
1131 2599 1286 2670 dominis
1311 2599 1397 2668 dedit
1417 2607 1482 2684 tan-3

238 2709 343 2774 quam
369 2687 520 2768 arrham,
538 2699 659 2776 pactus
675 2687 765 2774 quod
786 2687 853 2758 nisi
868 2687 924 2756 die
939 2689 1094 2775 sequenti
1112 2689 1256 2758 solveret
1274 2689 1439 2776 reliquum.
1452 2675 1473 2746 il

237 2776 340 2844 etiam
367 2774 544 2863 perderet,
571 2775 663 2861 quod
684 2775 841 2846 solverat.
867 2781 974 2864 Atque
999 2775 1056 2846 ille
1079 2777 1221 2864 quidem
1246 2799 1328 2847 curn
1359 2775 1402 2844 sic
1422 2787 1476 2839 con·

237 2861 387 2932 venisset
410 2886 490 2933 cum
518 2864 719 2946 monachis,
747 2864 858 2934 solum
884 2865 927 2933 ad
956 2864 1052 2934 illam
1085 2866 1286 2936 intuebatur
1312 2866 1474 2935 dexteram.

238 2971 327 3038 quae
353 2973 421 3021 non
453 2964 563 3038 potest
595 2952 778 3022 exinaniri.
805 2954 901 3022 Venit
934 2965 1048 3022 autem
1082 2977 1183 3024 mane
1215 2955 1358 3041 quidam
1388 2952 1481 3040 hospes,

238 3039 380 3110 omnino
404 3040 564 3131 ignotus:
592 3053 625 3110 et
652 3063 731 3112 cum
758 3041 844 3111 nihil
870 3041 1023 3122 dixisset,
1051 3055 1110 3113 aut
1133 3043 1177 3113 ab
1200 3065 1240 3112 eo
1271 3063 1388 3114 rursus
1408 3033 1477 3106 aud·

238 3129 353 3208 visset,
380 3128 438 3198 dat
462 3130 493 3198 ei
517 3141 655 3198 centum
673 3143 705 3199 et
725 3131 942 3222 septuaginta
967 3153 1101 3202 aureos.
1129 3137 1221 3214 Quos
1244 3155 1326 3202 cum
1350 3128 1476 3199 dedisset.

238 3219 405 3288 continuo
418 3219 568 3299 recessit,
587 3239 648 3289 nec
660 3238 729 3306 quo
741 3219 881 3288 nomine
893 3219 1033 3307 quidem
1051 3233 1239 3301 vocaretur,
1256 3221 1288 3290 ei
1300 3217 1477 3311 significans·

238 3311 322 3377 Cum
346 3329 425 3377 vero
444 3308 557 3376 statim
582 3307 785 3464 coppecisset
810 3308 938 3389 Sabas,
970 3308 1145 3378 undenam
1167 3321 1199 3380 et
1228 3331 1333 3398 quarn
1359 3311 1480 3402 prompta

238 3396 360 3466 luisset
379 3417 497 3466 eorum
523 3417 611 3482 quae
659 3409 715 3466 ata
738 3409 846 3478 erant,
874 3397 1117 3487 suppeditabo,
1145 3412 1177 3468 et
1199 3419 1275 3467 eam
1305 3420 1325 3467 a
1353 3402 1410 3464 Deo
1429 3403 1480 3549 esp

238 3483 424 3576 prolectam
450 3507 467 3553 a
496 3497 566 3554 erte
578 3485 804 3576 cognovisset,
825 3487 983 3576 protinus
999 3499 1031 3554 et
1052 3487 1199 3576 pretium
1218 3485 1319 3556 solvit
1333 3483 1478 3580 cellarum.

237 3587 270 3643 et
289 3573 432 3643 alteram
481 3594 600 3642 omum
622 3574 815 3644 aedificavit
839 3573 880 3644 ad
905 3575 977 3644 erci
1008 3575 1127 3644 iendos
1154 3575 1353 3654 monachos,
1374 3591 1425 3658 qm
1444 3583 1479 3627 tt·

238 3663 381 3733 niebant
399 3683 548 3752 peregre.
577 3663 772 3745 Quinetiam
797 3661 954 3733 Castellio
971 3597 1040 3732 dbo
1058 3677 1230 3754 praeterea
1254 3653 1479 3758 acquisivitla·

238 3751 403 3828 bitacula‚
430 3773 540 3820 unum
566 3751 706 3838 quidem
733 3751 768 3821 in
794 3765 912 3821 saneta
936 3752 1082 3834 civitate,
1111 3773 1178 3822 non
1209 3751 1356 3822 multum
1379 3748 1479 3816 distant

238 3852 369 3908 aturre
388 3839 518 3919 David;
545 3839 690 3910 alterum
713 3852 825 3909 autem
851 3841 887 3909 in
911 3840 1064 3911 Jericho.
1465 3847 1479 3935 ,l

283 3929 395 4013 §aa
410 3932 527 3998 Acrem
550 3929 664 4015 itaque
674 3928 750 4018 ejus
764 3929 798 3998 in
814 3929 867 3998 bis
884 3929 986 3999 rebus
1000 3929 1110 3999 zelum
1132 3929 1246 4000 adhuc
1261 3928 1369 4018 magis
1386 3915 1478 4074 ampl·

238 4013 348 4085 licans
373 4017 539 4086 Dominus
563 4039 581 4086 e
605 4017 753 4107 superis,
780 4017 869 4088 duos
893 4017 1061 4107 quosdam
1082 4019 1273 4090 secundum
1293 4023 1478 4111 cernente]

238 4116 317 4182 tres,
351 4125 475 4193 genere
499 4110 649 4187 Isauros,
677 4105 818 4176 nomine
841 4105 1055 4176 Theodulnm
1081 4120 1115 4176 et
1138 4107 1332 4184 Gelasium,
1359 4122 1412 4188 qur
1432 4107 1478 4190 tos}

237 4213 374 4282 quoque
391 4205 487 4262 erant
501 4194 658 4283 juvenes,
678 4195 768 4266 sicut
793 4193 849 4264 ille
872 4194 1019 4265 Beseleel
1036 4208 1069 4264 et
1089 4195 1197 4275 Eliab,
1216 4195 1409 4265 architectos
1423 4191 1478 4332 novp

238 4281 477 4362 tabernaculi,
509 4283 613 4352 mittit
642 4282 685 4352 ad
720 4304 845 4353 novum
879 4284 972 4354 hunc
998 4289 1135 4354 llosern.
1163 4285 1295 4368 Quibus
1325 4281 1379 4350 ille
1404 4286 1467 4344 uttn

237 4368 423 4460 opificibus
447 4368 697 4450 aedificiorum,
725 4371 895 4442 adstruxit
921 4372 1061 4460 quidem
1087 4393 1324 4461 quaecumque
1347 4369 1378 4437 in
1395 4369 1477 4432 trun
