2972 4826
229 295 290 362 tao
622 315 661 362 na
685 315 713 362 s.
741 314 856 360 ascum
882 312 1009 360 vinciar
1317 291 1389 356 llllt'.
1413 294 1428 354 6
1480 371 1481 376 ἵ

179 397 422 470 exultationem
449 397 520 469 sola
537 398 647 488 gratia
663 419 737 478 sua,
758 417 824 468 non
848 395 1132 486 praecedentibus
1155 394 1286 464 meritis
1305 393 1365 464 tuis
1379 392 1429 461 tibi

180 489 359 578 praestitit.
378 486 541 567 Gloriare,
558 486 618 556 sed
636 487 669 555 in
696 486 928 574 boniloqui
953 507 1033 576 prae
1056 484 1193 555 cunctis
1219 482 1345 552 telluris
1366 503 1430 571 par·
1480 489 1481 582 ᾗ

182 577 275 648 tibus
299 589 392 647 tanta
416 589 446 644 te
471 575 581 666 gloria
600 573 800 646 sublimavit
806 627 871 645 .....
1480 589 1481 600 ’

361 1161 428 1212 PER
458 1167 488 1211 l).
516 1165 767 1214 HIERONYHUll
791 1167 836 1212 Ab
860 1165 1084 1214 UARCELLA!
1108 1163 1280 1212 settim.

499 1269 645 1319 HABETUR
669 1271 751 1320 totto
776 1273 786 1318 Ι
811 1271 1028 1321 EPISTULARUM
1052 1273 1138 1321 artis.

227 1466 245 1549 ξ
270 1470 307 1535 Ι.
335 1467 438 1533 Nemo
470 1462 708 1552 reprehendat,
731 1463 821 1550 quod
854 1463 886 1530 in
912 1461 1068 1552 epistolis
1092 1461 1228 1548 aliquos
1253 1476 1313 1532 aut
1335 1460 1441 1531 lauda-

185 1574 275 1632 mus,
302 1565 361 1620 aut
395 1551 595 1641 carpimus3
622 1573 702 1622 cum
735 1564 767 1621 et
804 1553 836 1620 in
868 1551 1056 1640 arguendis
1085 1549 1197 1632 malis,
1224 1552 1272 1620 sit
1296 1549 1443 1620 correctio

183 1654 420 1722 caeterorum,
452 1641 541 1710 etin
575 1641 715 1728 optimis
741 1639 1006 1728 praedicandis,
1031 1643 1197 1710 bonorum
1223 1640 1269 1709 ad
1302 1641 1441 1708 virtutem

183 1728 297 1799 studia
315 1731 540 1800 concitentur.
564 1729 821 1798 Nudiustertius
844 1729 887 1798 de
908 1729 1024 1800 beatae
1051 1729 1234 1798 memoriae
1257 1735 1322 1805 Lea
1345 1728 1444 1817 aliqua

184 1818 393 1888 dixeramus.
414 1818 508 1888 lllioo
529 1818 677 1907 pupugit
694 1818 863 1896 animum,
880 1830 912 1888 et
937 1817 1021 1887 mihi
1049 1817 1193 1888 venitin
1214 1832 1376 1898 mentem,
1390 1835 1443 1884 non

182 1907 306 1977 debere
338 1929 399 1978 nos
427 1921 538 1978 tacere
561 1906 604 1976 da
635 1907 779 1996 virgine,
806 1908 864 1993 qui
902 1907 945 1976 de
968 1906 1121 1978 secundo
1145 1906 1270 1976 ordine
1294 1904 1444 1976 castitatis

184 1995 289 2066 locuti
315 2019 449 2066 sumus.
471 1997 578 2088 lgitur
597 1995 726 2066 Ascliae
752 2007 888 2066 nostrae
908 1997 975 2066 vita
999 1996 1145 2066 breviter
1166 1995 1372 2086 explicanda
1389 2003 1444 2063 est:

183 2086 252 2166 cui,
272 2107 411 2173 quaeso,
441 2107 482 2154 ne
506 2086 594 2154 lianc
611 2083 790 2174 epistolam
815 2084 928 2174 legas:
953 2099 1115 2174 gravatur
1137 2085 1270 2174 quippe
1300 2083 1446 2155 laudibus

184 2174 269 2243 suis:
297 2175 355 2244 sed
381 2175 424 2244 iis
449 2175 575 2264 potius,
598 2194 686 2260 quae
709 2173 986 2244 adolescentulae
1003 2189 1095 2256 sunt,
1124 2172 1234 2263 legere
1251 2175 1404 2264 dignare,
1420 2182 1447 2237 ut

183 2263 224 2332 ad
248 2263 442 2352 exemplum
459 2263 534 2350 ejus
549 2285 584 2332 se
600 2263 828 2344 instituentes,
847 2264 1141 2335 conversationem
1168 2262 1278 2345 illius,
1297 2261 1447 2354 perfectae

185 2351 275 2421 vitae
299 2373 455 2420 normam
481 2351 704 2421 arbitrentur.

229 2442 247 2527 ᾗ
273 2443 317 2510 2.
337 2441 581 2521 Praetermitto,
605 2440 697 2528 quod
723 2441 756 2508 in
789 2441 907 2510 matris
937 2453 1033 2510 utero
1062 2440 1280 2510 benedicitur
1300 2442 1344 2522 ei,
1370 2451 1447 2508 ante·

185 2549 289 2616 quarn
316 2541 493 2608 noseorum
519 2530 609 2614 quod
640 2530 673 2598 in
703 2529 817 2618 phiala
845 2529 984 2600 nitentis
1013 2529 1113 2610 vitri,
1144 2542 1180 2599 et
1199 2531 1298 2600 omni
1325 2525 1449 2616 speculo

185 2617 348 2703 purioris,
376 2617 463 2705 patri
489 2618 584 2706 virgo
610 2618 757 2690 traditur
781 2640 841 2708 per
855 2619 1025 2705 quietem;
1048 2617 1140 2705 quod
1157 2617 1276 2688 adbuc
1301 2616 1448 2688 infantiae

185 2706 337 2779 involuta
364 2706 499 2796 panniS,
526 2721 559 2774 ot
579 2707 632 2774 vix
653 2729 782 2776 annum
808 2707 982 2778 decimum
1011 2707 1026 2740 *
1054 2707 1175 2778 aetatis
1199 2707 1383 2788 excedens,
1400 2705 1450 2774 bo-

186 2816 268 2864 nore
300 2795 436 2864 futurae
459 2794 683 2864 beatitudinis
713 2809 947 2866 consecratur.
975 2796 1024 2866 Sit
1056 2796 1186 2886 gratiae
1219 2817 1348 2878 omne,
1371 2789 1448 2882 quod

184 2895 263 2953 ante
288 2883 438 2952 laborem
465 2883 547 2952 suit:
569 2883 646 2956 licet
664 2889 752 2956 Deus
778 2886 955 2975 praescius
980 2884 1189 2964 futororum,
1217 2899 1250 2954 et
1274 2885 1449 2956 Jeremiam

185 2971 375 3042 sanctificet
392 2974 426 3041 in
452 2985 560 3053 utero,
587 2986 619 3042 et
634 2974 800 3043 loannem
829 2975 861 3042 in
888 2973 963 3044 alvo
989 2975 1109 3046 matris
1125 2973 1228 3046 saciat
1251 2975 1451 3067 exultarent

185 3059 330 3130 Paulum
356 3073 434 3130 ante
458 3062 736 3134 constitutionem
768 3063 890 3131 mundi
913 3074 1047 3152 separet
1076 3063 1109 3132 in
1136 3068 1225 3132 Evan
1253 3063 1363 3134 elium
1389 3057 1452 3132 Filn

185 3150 251 3221 sui.
271 3150 315 3220 lo
341 3171 379 3220 ea
406 3151 515 3232 verrio,
538 3173 627 3239 quae
646 3163 721 3240 post
744 3151 989 3222 duodecimum
1017 3173 1147 3222 annum
1174 3086 1304 3224 sudore
1327 3148 1451 3244 propria

183 3239 297 3330 elegit,
330 3239 489 3329 arripuit,
518 3242 637 3320 tenuit,
665 3240 794 3327 coepit,
823 3241 868 3308 im
899 3240 988 3310 levit.
1025 3241 1133 3312 Unius
1169 3240 1319 3312 cellulae
1346 3240 1453 3311 clausa

184 3329 381 3419 angustiis.
414 3328 594 3400 latitudine
621 3329 772 3418 paradisi
798 3263 987 3400 fruebatur.
1017 3329 1109 3399 ldern
1138 3343 1247 3400 terrae
1280 3331 1403 3407 solum,
1426 3333 1452 3394 el

182 3418 349 3490 orationis
374 3419 470 3488 locus
494 3419 602 3488 extitit
617 3433 649 3488 et
672 3418 810 3505 quietis.
837 3419 1015 3508 Jejunium
1040 3418 1208 3508 pro'ludo
1235 3419 1370 3498 babuit,
1391 3417 1452 3484 ine-

183 3506 279 3576 diam
308 3529 370 3595 pro
396 3507 749 3578 calcedonensem
775 3527 850 3576 eam
876 3529 941 3578 non
965 3507 1125 3578 vescendi
1148 3507 1377 3586 desiderium,
1402 3499 1450 3600 sed

185 3595 339 3666 bumana
363 3595 530 3668 confectio
553 3596 596 3666 ad
621 3598 738 3667 cibum
765 3595 924 3678 traheret,
953 3617 1041 3685 pane
1065 3609 1097 3665 et
1121 3596 1204 3678 sale,
1230 3608 1264 3668 et
1290 3619 1379 3686 aqua
1402 3593 1452 3662 ln-

185 3685 267 3774 gida
289 3685 483 3756 concitabat
508 3685 618 3776 magis
638 3686 800 3768 esuriem,
820 3706 924 3772 quam
948 3685 1193 3776 restinguebat.

228 3775 316 3858 §a
343 3779 382 3844 Et
405 3775 487 3862 quia
520 3797 606 3864 pene
630 3774 757 3844 oblitus
781 3797 873 3854 sum,
900 3775 992 3862 quod
1019 3774 1052 3844 in
1080 3775 1253 3865 principio
1279 3775 1385 3846 debui
1407 3769 1452 3839 di-

185 3882 285 3930 cere:
314 3869 395 3932 dam
424 3863 573 3952 primum
602 3864 664 3932 boc
691 3864 905 3953 propositum
931 3863 1101 3953 arripuit,
1130 3885 1255 3934 aurum
1282 3863 1363 3936 colli
1394 3881 1449 3934 snt,

185 3948 442 4038 quodquidam
469 3952 687 4023 murenulam
713 3952 748 3986 *⁴¹
773 3952 897 4042 vulgus
924 3964 1031 4032 vocat,
1058 3952 1147 4040 quod
1171 3953 1305 4023 scilicet
1327 3947 1451 4044 metallo

185 4040 220 4108 in
248 4038 298 4107 vir
323 4039 400 4112 ulas
425 4039 643 4123 lentescente,
662 4041 811 4130 quadam
842 4041 975 4112 ordinis
1000 4041 1142 4112 flexuosi
1167 4055 1288 4111 catena
1314 4055 1452 4112 conten-

186 4141 252 4207 tur‚
279 4062 410 4216 offisque
442 4131 642 4219 parentibus
667 4129 836 4210 vendidit;
863 4143 896 4200 et
917 4131 1068 4201 tunicam
1099 4131 1297 4209 fusciorem,
1317 4145 1449 4217 quaint

509 907 623 1008 vrri
659 909 698 1009 s,
737 907 965 1009 ascilla
1001 907 1135 1009 tino.

211 4277 222 4298 *
234 4269 350 4314 Privatum
360 4275 485 4321 qtinmdam
495 4273 756 4319 consociationem
767 4275 1025 4323 solemnemintrllr'pe.
1034 4277 1092 4315 Nam
1104 4283 1131 4314 ex
1144 4275 1252 4322 carthag.
1259 4275 1345 4323 synod.
1356 4279 1386 4318 .:,t
1397 4280 1428 4309 nn.
1436 4269 1452 4305 l.

185 4325 622 4426 ddldtllddddddnxdrrditdexldmmm
630 4330 692 4368 fraud
702 4329 794 4370 licebat.
804 4329 869 4378 Quod
879 4331 972 4378 tompus
985 4331 1067 4378 postea
1079 4333 1126 4370 Leo
1135 4330 1175 4378 Pp.
1187 4329 1196 4368 l
1213 4329 1241 4368 ad
1255 4327 1452 4377 paradi-agesilaum

212 4434 237 4458 t*
255 4434 289 4470 ,tta
302 4433 369 4471 'vitiata
380 4434 442 4472 atleta
452 4433 503 4478 tuti,
515 4435 576 4481 qrrod
588 4443 698 4476 murenae
709 4435 768 4484 piacl
781 4433 963 4478 aduimllarctur.
