2960 4824
209 307 273 370 316
458 325 497 370 ox
522 323 569 371 ss.
596 321 782 380 rusciano,
810 322 967 370 «canario
991 321 1058 370 arc.
1084 321 1141 368 xx.
1276 301 1353 367 DEC.
1378 304 1412 366 l‘l

159 409 265 498 jussit
281 407 479 500 Agricolaus
495 408 577 479 duci
591 413 741 478 Sanctos.
762 407 923 478 Universa
939 420 1053 478 autem
1070 406 1204 477 civitate
1223 416 1410 496 congregata

165 497 208 567 ad
233 497 490 579 scandendos
517 496 602 566 dixit
626 496 847 588 Agricolaus:
875 497 1064 587 «Epistola
1090 497 1197 565 missa
1227 495 1271 564 ab
1298 494 1409 563 illustri

164 587 278 678 Lysia,
298 598 330 656 et
348 607 436 675 qnae
459 597 509 656 est
532 597 714 656 consecuta
739 586 877 675 scriptis
901 586 1063 656 mandata
1085 583 1300 664 examinatio,
1325 583 1411 672 prius

164 675 347 765 legatur.»
372 680 465 758 Quae
482 685 660 765 postquam
686 673 750 744 luit
774 673 870 753 lecta,
893 674 941 744 sic
966 674 1101 744 locutus
1124 685 1175 743 est
1200 671 1406 763 agricolaus:

165 764 449 845 «Neexistimes
475 784 495 832 o
519 763 678 843 Eustrati,
701 762 860 832 similiter
875 784 1053 833 cessurum
1079 761 1135 831 bic
1162 761 1224 830 tibi
1248 781 1319 829 esse
1341 781 1413 848 sup-

165 852 322 943 plicium.
339 852 542 943 Priusquam
560 873 640 1009 ergo
656 853 730 941 ejus
746 851 851 921 facias
863 851 1068 941 periculum,
1088 851 1252 920 submitte
1264 861 1295 918 te
1306 848 1411 918 edictis

166 945 438 1030 Imperatorum:
464 953 497 1009 et
519 961 598 1010 acce
625 961 709 1021 ens,
743 941 896 1010 sacrifica
924 940 1001 1010 diis.
1032 940 1162 1009 »Dixit
1190 957 1267 1008 vero
1291 947 1413 1006 sanctus

165 1029 373 1099 Eustratius:
394 1028 589 1113 «Dludex,
609 1029 780 1118 imperant
800 1051 842 1098 ne
858 1028 949 1120 leges
963 1030 1064 1098 etiam
1084 1033 1134 1098 lm
1162 1027 1361 1106 aratoribus,
1378 1047 1423 1094 an-

169 1119 302 1187 nonl»
327 1118 415 1188 Dixit
437 1123 594 1188 Praeses:
622 1119 816 1188 «Maxime.
846 1123 928 1186 Nam
957 1139 1017 1187 eae
1040 1116 1082 1187 ab
1107 1051 1176 1186 illls
1201 1127 1415 1186 servantur.»

170 1211 316 1276 Sanetus
340 1206 426 1276 dixit
450 1207 657 1277 Eustratius:
684 1206 793 1275 «Tibi
815 1227 897 1296 ergo
923 1219 999 1275 ante
1023 1227 1163 1286 omnes,
1192 1219 1224 1274 et
1248 1225 1305 1274 eos
1327 1203 1413 1272 etiam

166 1296 226 1382 qui
248 1307 360 1365 tecum
386 1307 478 1375 sunt,
497 1295 532 1364 in
558 1295 695 1384 scriptis
712 1295 794 1366 solis
811 1296 894 1366 sitae
913 1307 993 1364 sunt
1017 1294 1120 1384 leges.
1138 1317 1156 1360 a
1174 1294 1259 1363 Dixit
1275 1298 1414 1361 Praeses:

168 1388 353 1453 «curnam
382 1383 446 1454 boc
470 1383 568 1464 dicis,
597 1406 617 1453 o
641 1396 744 1484 caput
768 1383 941 1473 impium?
963 1383 1046 1466 Quis
1075 1404 1228 1470 unquam
1255 1403 1357 1451 ausus
1378 1393 1419 1448 est
1476 1423 1477 1444 2

166 1472 277 1542 lacere
306 1485 424 1542 contra
450 1471 594 1574 legesl»
622 1472 708 1541 nint
739 1484 879 1542 sanctus
910 1471 1117 1543 Eustratius:
1144 1495 1161 1536 «
1189 1470 1357 1554 Quoniam
1381 1468 1420 1536 sio
1478 1465 1479 1512 ἶ

164 1561 358 1630 continetur
378 1561 412 1630 in
434 1561 568 1652 legibus
588 1561 756 1630 Caesaris:
779 1562 828 1630 vis
843 1559 983 1648 quidem
1004 1560 1092 1629 absit
1109 1560 1143 1627 in
1162 1560 1260 1628 otoni
1278 1575 1420 1628 sermone

166 1660 199 1717 et
224 1648 330 1730 lacto:
354 1649 576 1738 persuasione
599 1661 713 1719 autem
740 1651 854 1738 potius
878 1648 1137 1718 administretur
1161 1647 1371 1736 respublica:
1394 1657 1419 1712 et

165 1738 316 1841 alterum·
338 1738 653 1840 duorum'oportet
681 1749 718 1806 ut
741 1750 800 1807 aut
823 1738 883 1825 qui
904 1738 1060 1826 imperat,
1089 1737 1299 1838 persuadeat
1318 1736 1345 1804 ei
1369 1733 1418 1820 qni

168 1840 264 1916 paret
286 1849 363 1914 eJus
379 1849 535 1917 imperio,
561 1839 600 1896 ut
616 1840 820 1914 assequatur
842 1848 881 1896 ea
905 1847 993 1912 quae
1016 1840 1130 1916 cupit:
1157 1837 1215 1894 ant
1240 1847 1301 1912 qut
1326 1835 1417 1914 paret,

168 1935 365 2004 persuasus,
382 1937 445 1986 sua
469 1927 589 2006 sponte
613 1914 715 1984 saciat
733 1915 824 2003 quod
838 1914 992 2004 jubetur.
1012 1918 1050 1983 Et
1065 1935 1184 1984 rursus
1201 1914 1269 1982 boc
1286 1913 1420 1982 continet

169 2016 244 2093 post
267 2004 427 2074 eumdem
457 2025 614 2073 versum:
642 2005 831 2074 statuimus
857 2016 971 2073 autem
997 2016 1034 2072 ut
1057 2008 1195 2072 Praeses
1211 2002 1346 2092 judicet
1369 1999 1421 2068 mi·
1478 2029 1479 2032 ¹

168 2113 266 2162 scens
293 2107 418 2162 metum
438 2092 587 2162 lenitati:
614 2105 652 2162 ut
676 2113 787 2178 neque
803 2091 907 2161 alicui
927 2105 1064 2182 propter
1082 2104 1207 2160 metum
1225 2092 1297 2160 sint
1313 2085 1422 2158 inlensi

169 2202 277 2268 neque
301 2195 441 2270 peccent
460 2195 596 2272 propter
621 2180 807 2250 lenitatem.
835 2185 935 2262 llaec,
957 2180 1112 2258 oludex‚
1135 2181 1180 2248 ita
1205 2180 1336 2268 scripta
1351 2187 1420 2246 sunt

165 2291 209 2338 an
235 2293 301 2339 non
314 2273 329 2338 l
341 2293 357 2336 a
374 2270 459 2338 Dixit
483 2275 642 2340 Praeses:
665 2293 677 2332 a
696 2273 792 2339 Sunt.
811 2293 828 2335 »
844 2291 919 2335 -«
941 2271 1075 2359 Peergo
1090 2290 1181 2358 roga,
1197 2268 1289 2337 idem
1306 2266 1384 2336 ordo
1396 2265 1422 2331 in

168 2379 222 2426 ma
245 2379 381 2445 quoque
397 2371 559 2428 servetur.
585 2357 708 2427 »Dixit
732 2363 891 2428 Praeses:
910 2379 928 2422 «
950 2361 989 2426 Et
1022 2358 1056 2426 in
1085 2368 1126 2438 te,
1148 2370 1181 2426 et
1206 2358 1241 2424 in
1271 2355 1421 2427 omnibus
1478 2408 1479 2412 ,

167 2444 258 2537 leges
275 2469 353 2516 cum
372 2467 423 2528 ea,
445 2467 513 2534 qua
525 2467 587 2530 par
602 2461 663 2526 est,
687 2447 872 2516 reverentia
891 2467 1028 2514 necesse
1043 2457 1093 2514 est
1109 2444 1298 2514 custodire.
1317 2448 1420 2514 »San-

166 2551 242 2605 etus
266 2535 350 2604 dixit
375 2535 586 2604 Eustratius:
607 2557 625 2602 «
647 2535 694 2604 Sit
713 2557 805 2626 erg0,
836 2555 928 2624 rogo,
956 2546 1035 2603 tuus
1062 2547 1172 2605 metus
1197 2533 1337 2603 lenitate
1356 2553 1422 2601 con·
1478 2545 1479 2552 ’

167 2636 391 2713 temperatus,
410 2625 520 2710 utqui
538 2645 617 2692 cum
636 2623 682 2693 sis
699 2625 854 2692 omnium
872 2622 1200 2712 experientissimus,
1220 2623 1306 2692 velis
1324 2620 1421 2711 potius
1478 2669 1479 2676 :

167 2712 367 2868 persuaderi
384 2733 488 2800 quam
506 2711 722 2801 persuadere,
737 2711 901 2802 judicans
926 2711 1064 2801 singula
1083 2711 1223 2780 ratione.
1245 2711 1419 2781 sinautem

190 2821 230 2868 oo
254 2800 429 2881 nonlicet,
456 2801 586 2888 absque
611 2799 682 2870 ulla
703 2802 833 2870 ratione
857 2813 888 2870 et
912 2800 1227 2876 constitutionibus,
1252 2799 1348 2890 puni,
1374 2818 1422 2865 oc·
1478 2845 1479 2854 ἢ

166 2887 254 2972 eide,
274 2887 327 2958 lac
343 2889 433 2976 quod
459 2890 553 2960 velis.
575 2911 592 2956 >›
611 2893 749 2959 Praeses
772 2889 875 2958 dixit:
896 2911 912 2956 «
935 2888 1030 2972 Quod
1053 2888 1135 2957 velis
1152 2887 1207 2956 dic
1224 2888 1386 2957 audacter
1398 2895 1421 2951 ct

166 2975 282 3058 libere,
301 2999 380 3046 cum
399 2978 546 3068 gaudeat
561 2977 734 3067 judicium
752 2977 817 3047 boc
836 2977 948 3068 potius
964 2975 1097 3046 efficere
1115 2978 1350 3066 persuasione.
1371 2997 1386 3040 »

210 3067 229 3152 §
256 3068 334 3137 Η.
364 3069 508 3136 Sanctus
532 3065 617 3136 dixit
640 3067 849 3135 Eustratius:
878 3065 1136 3148 «Quibusnam
1164 3065 1231 3134 diis
1252 3067 1357 3155 jubes
1381 3079 1423 3130 me

167 3153 377 3234 sacrificare,
399 3155 587 3245 majoribus
602 3177 646 3223 an
669 3156 887 3224 minoribus?
907 3177 919 3216 r
940 3154 1027 3223 Dixit
1052 3159 1208 3222 Praeses:
1236 3175 1254 3220 «
1276 3153 1349 3223 lori
1368 3149 1423 3240 pri·

168 3263 276 3319 mum,
307 3255 340 3314 et
364 3257 444 3314 tunc
472 3243 630 3332 Apollini,
658 3255 691 3313 et
715 3247 882 3332 Neptuno.
908 3246 1092 3312 »Sanctus
1116 3241 1200 3312 dixit
1218 3242 1422 3312 Eustratius:

167 3332 413 3414 «Quibusnam
436 3353 558 3421 parens
575 3333 801 3422 sapientibus,
821 3345 879 3402 aut
899 3331 1154 3422 interpretibus,
1168 3345 1227 3402 aut
1244 3327 1420 3422 prophetis.

166 3419 344 3489 invenistis
361 3441 418 3490 eos
434 3441 507 3491 esse
521 3419 735 3490 adorandos?
749 3443 766 3488 a
787 3421 872 3490 Dixit
888 3425 1045 3489 Praeses:
1064 3419 1235 3500 «Platoni,
1253 3411 1423 3489 Aristoteli.

166 3510 316 3579 Hermeti
345 3522 377 3579 et
406 3508 483 3578 aliis
509 3509 741 3600 sapientibus:
769 3531 856 3597 quos
881 3511 909 3580 si
938 3520 975 3578 tu
994 3531 1086 3578 esses
1113 3520 1286 3598 expertus,
1314 3523 1420 3576 eorum

166 3597 294 3667 coleres
312 3597 557 3676 memoriam‚o
572 3600 731 3678 Eustrati‚
743 3620 823 3667 cnm
839 3599 907 3668 sint
923 3596 1030 3666 divini
1049 3597 1156 3666 viriet
1172 3595 1421 3665 admirabiles.»

167 3689 311 3756 Sanctus
327 3685 411 3755 dixit
428 3687 636 3757 Eustratius:
663 3686 834 3757 «Nullius
860 3687 981 3755 borum
1009 3685 1094 3754 mibi
1120 3699 1200 3755 sunt
1219 3686 1334 3774 ignota
1358 3699 1423 3766 my·

165 3776 286 3844 steria:
306 3775 363 3844 sed
378 3775 421 3844 ab
435 3776 573 3845 ineunte
587 3787 693 3844 aetate
705 3796 824 3845 eorum
840 3775 945 3844 habui
961 3774 1217 3864 experientiam.
1238 3770 1421 3865 Quinetiam
1478 3817 1479 3824 κ

165 3862 199 3931 in
227 3864 359 3933 musica
385 3863 501 3951 pulcre
526 3885 602 3933 snm
629 3876 806 3946 versatus,
840 3878 878 3934 ut
906 3863 963 3933 cui
996 3861 1154 3952 obtigerit
1183 3873 1277 3951 pater
1301 3861 1425 3953 virtutis

166 3950 359 4023 studiosus:
385 3965 441 4032 et,
468 3954 498 4022 si
516 3953 642 4044 jubes,
670 3953 879 4042 incipiamus
909 3951 1059 4040 primum
1086 3973 1106 4020 a
1129 3949 1278 4020 Platone.
1301 3971 1318 4016 a
1344 3946 1420 4016 Dixit

166 4045 322 4110 Praeses:
344 4063 362 4108 «
384 4040 583 4111 Invenimus
603 4040 777 4111 Platonem
796 4042 830 4110 in
850 4041 948 4120 libro,
968 4040 1028 4127 qui
1050 4040 1250 4109 inscribitur
1268 4041 1420 4107 Timaeus,

167 4127 435 4198 descendissem
456 4134 636 4219 Pyraeum,
662 4141 694 4198 et
718 4144 893 4220 precatum
919 4149 993 4198 esse
1018 4127 1130 4197 deam.
1157 4129 1274 4197 Tibine
1303 4123 1423 4193 videtur

166 4216 221 4286 bic
242 4239 316 4287 esse
332 4218 483 4308 sapiens,
502 4241 545 4286 an
564 4222 688 4288 troni»
704 4223 849 4289 Sanctus
869 4217 954 4287 dixit
973 4218 1184 4288 Eustratius:
1203 4239 1220 4283 «
1238 4213 1421 4284 Valdecon·
1478 4275 1479 4280 ,

165 4304 306 4375 demnat
320 4307 413 4375 Plato
429 4311 545 4375 lovem
564 4307 667 4377 deum
686 4319 797 4379 tuum.
815 4307 900 4376 nudi
918 4319 1033 4376 autem
1049 4305 1150 4375 rerba
1167 4303 1325 4374 Platonis.
1342 4305 1422 4390 Qu03
1478 4349 1479 4354 ,

168 4393 260 4461 niam
288 4413 364 4462 vero
381 4395 540 4484 incepisti
564 4416 584 4465 a
608 4396 744 4466 Timaeo
768 4409 800 4465 et
823 4395 985 4466 civilibus
1001 4395 1077 4486 ejus
1097 4393 1320 4472 orationibus,
1348 4379 1421 4457 aodl
1478 4443 1479 4452 :
