2946 4798
10 327 72 392 blf.
99 327 138 391 m
290 343 329 390 nu
354 343 401 390 ss.
429 341 593 390 renonono
617 343 655 390 nr
679 341 867 390 raroraenu
890 343 947 388 uu.
1152 326 1216 388 499

10 449 182 498 iranearum
198 427 364 497 similem.
383 451 401 494 »
421 427 547 498 Deinde
563 428 646 496 haec
659 448 796 514 quoque
812 425 897 496 dicit
914 425 1017 516 paulo
1033 439 1124 516 post:
1139 449 1157 492 a
1174 430 1258 496 Cum

10 541 65 608 ugo
84 531 162 588 tuno
177 516 340 596 venisset,
360 517 420 603 qni
434 517 544 605 jussis
560 517 727 587 serviebat
745 515 987 604 imperatoriis
1002 529 1034 585 et
1049 516 1261 584 ascendisset

12 607 181 676 ninsulam
206 607 411 696 Aphusiam,
431 627 492 676 nos
517 626 642 695 magna
667 604 839 674 celeritate
863 605 1022 694 abreptos
1039 603 1137 674 duxit
1160 603 1195 672 in
1213 605 1260 673 ci·

10 697 128 776 itatem,
147 715 304 774 causam,
323 717 387 764 cur
402 697 629 772 traheremur,
647 693 824 764 aflirmans
842 715 877 765 se
895 695 1065 783 ignorare,
1085 693 1152 762 nisi
1166 693 1258 780 quod

10 809 63 854 um
87 807 210 874 magna
233 783 454 854 festinatione
469 796 502 853 et
521 783 692 854 celeritate
709 783 842 853 dicebat
866 805 902 852 se
921 805 996 852 esse
1022 783 1180 851 missum.
1198 787 1258 850 Ve-

10 875 98 943 rimus
123 874 237 960 itaque
270 874 304 941 in
331 873 524 953 civitatem,
555 895 635 942 curn
667 883 755 943 esset
783 884 922 941 octavus
953 871 1027 940 dies
1050 871 1144 940 Iulii.
1172 875 1257 940 Cum

10 976 94 1031 tutem
122 961 328 1051 Imperatori
356 961 574 1052 aperuisset
598 960 693 1031 solus
721 962 752 1032 is
786 961 846 1048 qui
872 983 934 1030 nos
958 961 1114 1040 duxerat,
1138 959 1260 1047 jussus

10 1065 40 1120 est
57 1073 113 1121 nos
131 1052 247 1120 statim
270 985 448 1121 includbre
469 1051 502 1119 in
521 1050 703 1120 Praetorio.
723 1055 801 1119 Post
825 1071 882 1120 ser
906 1071 984 1119 vero
1008 1049 1104 1128 dies,
1132 1069 1258 1136 nempe

10 1139 235 1225 [uartodecimo
253 1139 408 1229 ejusdem
425 1139 565 1219 rnensiS,
581 1139 792 1208 accersimur
808 1137 851 1207 ad
866 1143 1124 1229 Imperatorem,
1142 1149 1258 1207 nostro

10 1227 131 1298 ulreotu
147 1229 221 1318 jam
251 1230 289 1298 in
315 1229 470 1298 omnium
492 1229 619 1297 animis
644 1226 863 1329 praecognito
886 1241 919 1296 et
941 1240 1147 1318 exspectato,
1167 1224 1259 1313 quod

10 1317 111 1387 trilicet
132 1319 172 1386 ad
189 1323 440 1408 Imperatorem
458 1316 653 1386 deducendi
668 1338 836 1394 essemus,
858 1329 897 1384 ut
914 1338 1041 1404 poenas
1062 1316 1256 1399 lueremus;

10 1427 94 1491 reque
109 1406 341 1476 licebataliud
362 1405 474 1474 videre
498 1419 557 1474 aut
573 1405 704 1486 audire,
727 1405 792 1473 nisi
809 1417 954 1474 terrores
978 1420 1010 1474 et
1036 1406 1160 1486 minas,
1180 1403 1258 1473 aliis

10 1495 120 1580 {uidem
142 1494 333 1566 crudeliter
356 1494 573 1566 dicentibus:
600 1494 750 1563 «dedite
768 1515 826 1564 ros
849 1495 1110 1582 quamprimum
1130 1506 1162 1562 et
1179 1493 1259 1563 abs-

10 1605 54 1668 tue
74 1585 162 1652 omni
177 1584 451 1653 contradictione
470 1583 580 1672 jussis
597 1583 849 1673 Imperatoriis;
869 1581 947 1652 aliis
972 1604 1051 1651 vero
1076 1605 1138 1650 nos
1163 1602 1258 1650 acer-

10 1673 124 1742 tissima
152 1695 332 1764 passuros
361 1673 483 1742 sinon
515 1693 729 1762 pareremus,
763 1670 1052 1761 protestantibus;
1078 1670 1156 1739 aliis
1181 1691 1259 1739 vero

10 1761 186 1844 liuentibus
210 1769 361 1831 Tenetur
379 1760 591 1832 daemonum
608 1761 637 1842 *,
663 1773 695 1830 et
712 1761 781 1830 alia
806 1759 1009 1848 hujusmodi
1033 1771 1066 1828 et
1091 1760 1145 1828 bis
1168 1758 1260 1828 dete-

10 1849 87 1931 riora,
110 1873 196 1938 quae
217 1851 347 1920 nostris
366 1850 511 1930 auribus
535 1849 804 1939 accipiebamus.
824 1854 863 1918 Et
883 1849 966 1918 haec
982 1847 1122 1936 quidem
1139 1846 1260 1916 audie-

10 1937 123 2020 bamus,
155 1941 363 2030 priusquam
393 1940 618 2020 minumum,
638 1937 894 2028 quod·dieitur‚
924 1937 1178 2007 adduceremur
1202 1936 1260 2005 tri-

10 2025 136 2096 clinium.
156 2029 325 2100 adductis
342 2040 456 2097 autem
470 2042 503 2098 et
517 2027 644 2098 ostium
659 2027 838 2117 ingressis,
857 2049 920 2095 nos
935 2026 1107 2096 Praefecto
1123 2045 1260 2113 praece-

10 2113 97 2196 dente,
117 2117 208 2188 visus
221 2131 276 2188 est
289 2139 308 2186 a
323 2117 423 2187 nobis
445 2122 635 2207 Imperator
649 2115 748 2185 valde
765 2115 928 2185 terribilis
948 2129 980 2184 et
1005 2116 1091 2184 iram
1107 2114 1257 2202 spirans,

10 2203 104 2274 multis
124 2206 205 2277 hinc
238 2221 274 2277 et
307 2205 403 2276 illinc
435 2227 497 2274 nos
525 2204 874 2274 circumsistentibus.
905 2209 984 2274 Erat
1012 2204 1097 2273 liora
1121 2202 1259 2271 circiter

12 2289 128 2376 decima,
149 2308 182 2366 et
204 2293 416 2376 Praefectus,
442 2294 504 2382 qui
526 2315 678 2381 eousque
701 2305 851 2374 venerat,
877 2293 1055 2374 discessit,
1083 2291 1174 2362 solos
1199 2312 1261 2360 nos

12 2379 181 2468 relinquens
204 2385 242 2454 in
270 2396 457 2474 conspectu
481 2383 714 2472 Imperatoris.
742 2387 775 2452 Is
792 2395 906 2451 autern
928 2404 989 2452 nos
1012 2403 1090 2451 cum
1118 2379 1259 2448 adoras-

12 2489 115 2552 senus
136 2475 312 2566 asperiore
328 2483 360 2542 et
376 2473 552 2542 acerbiore
572 2493 651 2541 voce
671 2471 775 2558 jussit
799 2469 960 2540 accedere
993 2469 1147 2558 propius.
1176 2473 1259 2536 Cum

10 2557 41 2623 ad
57 2581 124 2630 eum
141 2585 222 2654 ergo
240 2583 355 2650 usque
367 2561 836 2650 venissemusinterrogavit,
853 2559 993 2629 dicens:
1013 2581 1031 2624 (ι
1050 2563 1088 2627 In
1106 2577 1259 2644 quanam

10 2649 124 2742 regione
146 2653 216 2722 nati
241 2653 348 2720 estis?
366 2657 480 2720 »Cum
502 2672 565 2718 nos
581 2663 696 2719 autem
715 2649 1107 2738 respondissemusaln
1131 2645 1259 2715 lloabi-

10 2735 79 2816 tide;
98 2759 114 2804 a
133 2739 188 2809 ille
209 2761 334 2811 rursus
358 2739 481 2809 iisdem
498 2739 629 2809 verbis:
648 2761 667 2804 a
693 2743 731 2806 Et
749 2759 813 2808 cur
829 2737 897 2807 huc
916 2737 1082 2806 venistis?
1098 2758 1117 2802 n
1131 2735 1256 2822 inquit,

10 2835 32 2890 a
46 2827 234 2916 priusquam
254 2827 554 2917 responderemus,
563 2827 670 2915 jussit
684 2826 783 2897 nobis
800 2827 972 2896 verberari
986 2825 1115 2897 oculos.
1136 2823 1260 2892 llnltas

10 2931 69 3006 ¹iero
86 2914 200 3007 plagas
223 2931 257 2988 et
276 2939 398 3008 graves
421 2917 622 2986 inflixerunt
647 2916 708 3003 qui
735 2916 984 3005 percutiebant,
1016 2915 1100 2982 adeo
1129 2925 1167 2982 nt
1195 2933 1259 2981 nos

11 3002 210 3089 impleremur
223 3005 403 3096 vertigine,
424 3019 456 3075 et
480 3006 578 3075 humi
605 3004 829 3085 caderemus;
856 3003 981 3074 etenim
1009 3003 1075 3072 nisi
1099 3002 1176 3090 ejus
1200 3001 1259 3090 qui

12 3093 208 3176 percutiebat,
237 3097 390 3165 tunicam
419 3095 455 3163 in
486 3106 620 3184 pectore
644 3092 964 3184 apprehendissem,
994 3091 1037 3160 ad
1067 3089 1258 3161 scabellum

11 3177 205 3265 Imperatoris
224 3184 340 3254 statim
362 3204 471 3254 essem
489 3182 655 3271 dejectus.
675 3187 806 3250 Tenens
831 3193 946 3250 autem
972 3191 1112 3260 vestem,
1140 3179 1261 3268 plagas

12 3271 106 3368 accepi
129 3272 302 3353 immotae,
329 3271 437 3342 donec
459 3276 650 3361 Imperator
669 3271 775 3360 Jussit
798 3293 878 3340 eum
903 3290 1038 3339 cessare
1068 3280 1259 3356 percutere.

13 3355 76 3452 bum
91 3375 278 3432 cessassent
291 3374 405 3431 autem
422 3361 483 3448 qui
498 3359 746 3450 percutiebant,
767 3380 889 3429 rursus
906 3359 1036 3448 rogavit
1049 3362 1256 3444 Imperator:

16 3452 180 3538 abdaram
196 3449 239 3520 de
255 3472 360 3535 causa
385 3450 453 3518 huc
469 3449 632 3520 venistis?
652 3453 752 3518 »Hoc
768 3470 848 3517 vero
863 3448 931 3518 sibi
954 3447 1086 3515 volebat
1104 3444 1150 3525 id,
1166 3443 1259 3530 quod

15 3525 143 3616 dicebat,
164 3543 320 3622 Quanam
346 3537 389 3608 de
413 3560 540 3619 causa,
569 3537 722 3607 nolentes
751 3535 922 3616 eamdem,
946 3557 1050 3623 quam
1079 3555 1158 3614 noe,
1186 3555 1261 3602 am-

16 3615 95 3768 plecti
122 3625 243 3710 fldem,
271 3641 382 3698 vestra
406 3639 527 3718 sponte
554 3627 702 3715 ingressi
730 3626 812 3696 estis
847 3625 1017 3706 eamdem,
1050 3644 1155 3710 quem
1182 3643 1257 3703 nos,

27 3708 254 3786 tabitationem‘l
278 3721 361 3786 Cum
382 3737 444 3787 nos
461 3729 575 3786 autem
594 3715 836 3794 tacuissemus
858 3727 891 3784 et
907 3713 1026 3782 oeulos
1046 3711 1145 3782 humi
1170 3709 1260 3799 deje-

18 3794 166 3885 essemus,
187 3805 230 3875 ad
251 3805 460 3875 Praefectum
486 3806 546 3892 qui
566 3827 670 3895 prope
690 3805 812 3882 stabat,
831 3803 1025 3892 impudenti
1051 3800 1204 3871 oratione
1228 3811 1261 3868 et

22 3891 91 3956 torvo
115 3891 275 3982 adspectu
306 3915 504 3975 conversus
531 3915 611 3963 cum
644 3915 770 4050 mappa
799 3892 850 3961 ira
873 3905 905 3962 et
930 3913 1009 3961 voce
1030 3911 1152 3980 aspera
1177 3887 1261 3956 haec

23 3965 128 4050 locutus
142 3995 207 4053 est:
234 4007 253 4051 a
270 3983 362 4053 Tolle
378 4005 447 4064 eos,
466 3995 498 4052 et
515 3983 549 4051 in
565 4004 684 4052 eorum
715 3982 788 4051 acie
805 3980 955 4051 inscribe
972 3993 1005 4051 et
1022 3978 1180 4067 insculpe
1197 3976 1259 4046 bos

21 4063 135 4150 ttubcs,
156 4085 186 4140 et
203 4073 297 4142 trade
311 4095 368 4144 eos
385 4071 521 4142 duobus
546 4071 736 4152 Saracenis,
755 4083 787 4140 et
802 4069 977 4140 abducant
997 4091 1055 4138 eos
1075 4069 1110 4136 in
1131 4080 1256 4136 terram

26 4163 107 4218 suan.
130 4165 263 4252 »Prope
279 4183 357 4231 vero
372 4159 494 4242 adfuit,
516 4160 652 4248 quiens
670 4159 817 4229 babebat
838 4159 988 4246 jambos,
1006 4157 1066 4246 qui
1083 4177 1140 4226 eos
1154 4155 1258 4224 etiam

29 4227 109 4310 iuuat
119 4249 305 4344 meditatus,
329 4251 468 4320 nomine
484 4247 735 4330 ChristoduluS,
754 4248 811 4318 cui
828 4249 929 4318 etiam
941 4247 1047 4335 jussit
1061 4267 1120 4315 eos
1133 4244 1257 4336 legere,

28 4315 75 4389 lto
91 4345 176 4406 ettam
200 4340 385 4428 adjiciens:
413 4339 518 4410 «Etsi
540 4359 608 4407 non
631 4337 700 4406 sint
725 4338 849 4427 pulcri,
879 4359 920 4406 ne
945 4338 988 4406 sit
1014 4335 1075 4405 tibi
1100 4355 1217 4406 curae.
1240 4355 1258 4398 ι)

48 4445 56 4466 ’
66 4448 157 4502 Rutulus
165 4465 190 4506 fn
197 4464 324 4508 anemium
334 4463 403 4516 logii:
413 4467 520 4508 Torrentur
530 4467 657 4507 docnromot
668 4465 757 4514 rptrttu.
