2960 4824
232 345 294 406 bill
555 360 594 406 aa
619 361 646 406 s.
673 359 835 408 tureuaro
859 361 907 406 ur.
935 359 1090 407 cananae.
1299 341 1375 404 bibl.
1402 343 1430 404 ta

187 444 337 536 Angelis,
349 445 511 514 virtutum
530 445 640 534 gratia
657 445 750 526 nitet,
763 458 795 514 et
808 443 899 535 apud
915 443 1072 514 homines
1085 444 1219 514 debitae
1232 445 1430 514 venerationis

188 533 301 604 officio
325 546 427 602 caret.
447 538 550 602 Porro
568 547 648 602 sunt
673 533 774 690 plena
794 533 1035 624 jucunditatis,
1055 535 1146 620 quod
1170 533 1282 603 adbuc
1308 533 1339 601 in
1362 547 1431 602 terra

188 623 290 692 homo
317 622 460 712 positus,
480 621 569 690 inter
584 644 672 712 ange
690 623 759 693 icos
783 624 873 691 cives
894 623 1025 692 meritis
1049 622 1180 714 fulget:
1207 622 1266 693 sed
1291 645 1352 692 non
1374 624 1432 689 sine

188 709 305 780 dolore
328 725 361 780 et
384 709 568 780 formidine
589 711 760 793 recolitur,
776 710 866 798 quod
886 713 1047 802 supernis
1066 711 1221 781 coetibus
1238 713 1429 801 coniunctus.

188 801 252 868 iter
275 799 433 868 homines
457 798 689 890 negligentius
709 799 813 890 digno
838 799 934 868 cultu
955 801 1182 870 venerationis
1205 800 1395 870 celebratur.

232 890 321 974 §fb
348 893 423 957 Javn
458 909 535 957 vero
567 887 776 959 Landelinus
811 887 977 978 angelicis
1013 889 1173 959 affatibus
1210 888 1376 978 paulisper
1396 907 1432 953 re-

187 990 333 1056 creatus,
352 974 410 1045 sed
430 976 554 1044 timens
579 977 644 1046 sibi
662 977 845 1046 subvenire
870 977 1014 1058 tardius,
1034 977 1153 1047 relicto
1169 977 1334 1048 nefandae
1348 977 1430 1045 socie·

189 1065 266 1134 tatis
290 1064 446 1154 collegio,
468 1078 686 1150 quantocyus
709 1066 879 1134 civitatem
906 1066 1013 1166 petiit,
1039 1080 1088 1149 et,
1117 1068 1144 1136 si
1170 1067 1217 1135 ibi
1244 1067 1294 1136 vir
1317 1078 1431 1134 sanctus

188 1166 326 1236 esset,a
353 1153 557 1224 custodibus
581 1137 763 1242 diligenter
788 1154 977 1240 requisivit.
997 1155 1060 1237 Qui
1086 1155 1129 1224 de
1154 1155 1345 1244 praesentia
1366 1151 1432 1222 beati

188 1243 251 1310 viri
268 1242 393 1312 certior
409 1242 530 1324 factuS,
552 1242 707 1330 nibilque
723 1243 1016 1313 dissimulandum
1034 1245 1236 1324 arbitratus,
1251 1242 1432 1333 poenitentia

189 1329 327 1413 ductus,
348 1329 494 1419 pedibus
519 1332 628 1400 sancti
655 1331 866 1422 provolutus,
885 1331 1023 1423 culpam
1044 1331 1178 1415 latetur,
1197 1334 1306 1402 errori
1326 1331 1433 1399 venian

189 1419 311 1508 poscit.
329 1425 413 1488 Tum
441 1440 518 1488 vero
544 1419 675 1490 videres
698 1443 738 1489 ex
758 1419 945 1510 longinqua
976 1422 1113 1508 regione
1134 1422 1318 1514 prodigum
1346 1420 1432 1488 filiun
1476 1467 1477 1492 t

188 1506 400 1609 redeuntem,
427 1519 459 1576 et
481 1521 609 1596 patrem
632 1509 666 1576 in
693 1509 810 1578 oscula
830 1523 996 1578 ruentem.
1023 1515 1141 1597 ltaque
1162 1512 1214 1580 vir
1239 1523 1374 1579 sanctus
1391 1527 1433 1596 pa·
1476 1545 1477 1552 κ

189 1610 284 1666 terna
310 1609 431 1684 pretate
465 1598 696 1684 praestrictus,
718 1598 880 1687 juvenem
906 1599 1049 1686 excepit,
1081 1599 1215 1668 veniam
1245 1601 1432 1689 promittens,

189 1687 216 1755 si
235 1684 324 1754 mala
334 1687 522 1841 praeterita
541 1684 692 1756 melioris
711 1687 797 1754 vitae
812 1687 1229 1788 conversionepurgaret.
1245 1686 1338 1758 -Nibil
1353 1685 1434 1772 igitvr

188 1771 328 1843 dilliden
358 1796 415 1844 um
444 1786 593 1863 putaret:
617 1795 652 1844 se
679 1797 738 1864 pro
764 1775 822 1843 illo
847 1776 1013 1845 rationem
1040 1775 1275 1846 redditurum:
1295 1769 1432 1866 quiequid
1476 1811 1477 1814 =

188 1861 298 1932 fuerat
321 1863 533 1944 offensionis,
551 1863 766 1954 innocentiae
783 1865 856 1934 vice
879 1865 1166 1954 computandum,
1192 1866 1224 1933 si
1250 1879 1359 1935 tamen
1383 1881 1435 1928 sce·

188 1949 292 2020 lerata
318 1952 488 2021 consortia
517 1953 653 2042 penitus
678 1952 814 2022 vitanda
843 1953 1067 2022 aestimasset.
1087 1959 1248 2023 Paratum
1269 1977 1304 2024 sa
1322 1949 1435 2043 juvenis

187 2037 229 2108 ad
248 2061 349 2110 omne
369 2039 611 2110 satisfactionis
635 2063 745 2130 genus
767 2041 903 2117 fatetur,
923 2054 1039 2130 utpote
1063 2063 1164 2128 quem
1183 2043 1331 2114 recentis
1345 2040 1434 2110 adbuc

188 2128 330 2198 visionis
364 2129 484 2198 horror
511 2141 687 2199 terruerat.
710 2135 748 2198 tt
772 2130 851 2220 pius
875 2142 978 2286 pater
1005 2131 1091 2200 votis
1114 2131 1189 2221 ejus
1221 2128 1432 2222 congaudens,

189 2219 340 2307 suscepit
363 2239 440 2287 eum
468 2219 716 2306 poenitentem,
743 2240 844 2308 quem
901 2219 936 2286 iu
966 2220 1102 2289 fleverat
1126 2241 1144 2288 a
1170 2241 1205 2289 se
1232 2220 1433 2290 recedentem,

188 2307 374 2392 sinumque
399 2307 426 2373 ei
453 2306 589 2375 divinae
613 2309 771 2396 aperiens
796 2307 1067 2386 misericordiae,
1096 2307 1249 2378 reddidit
1278 2329 1353 2378 eum
1377 2325 1434 2374 san·

188 2407 261 2464 ctae
287 2395 381 2462 lfatri
413 2394 593 2466 Ecclesiae.
621 2397 684 2478 Qui
721 2397 890 2464 intantum
928 2396 994 2466 sub
1033 2397 1219 2486 disciplina
1256 2391 1434 2468 venerabilis

189 2483 295 2573 patris
321 2481 446 2573 vigiliis
470 2505 506 2552 se
532 2497 564 2552 et
582 2485 740 2585 jejuniis,
770 2484 1027 2574 praeteritorum
1060 2507 1165 2575 agens
1198 2484 1433 2576 poenitentiamz

122 2647 127 2660 ¹
189 2571 403 2652 constrinxit,
415 2583 453 2640 ut
470 2570 594 2641 inferni
608 2583 685 2642 eum
704 2573 829 2642 vidisse
845 2587 876 2642 et
893 2575 1111 2661 pertimuisse
1128 2587 1310 2658 tormenta,
1325 2575 1434 2643 etiamn
1471 2573 1472 2576 ’

187 2659 308 2750 lingna
334 2675 479 2742 taceret,
506 2661 718 2731 conversatio
744 2661 950 2747 loqueretur.
982 2667 1099 2750 ltaque
1133 2664 1199 2733 sub
1223 2663 1368 2733 seculari
1390 2659 1434 2726 ba·

186 2749 261 2818 bitu
286 2751 320 2817 in
352 2751 555 2820 monasterio
580 2750 832 2837 aliquantulum
860 2765 1143 2838 conversantem,
1173 2752 1225 2820 vir
1251 2765 1384 2824 sanctus
1403 2744 1432 2812 ad

187 2859 314 2927 purum
342 2835 498 2908 hortatur
523 2838 715 2928 relinquere
740 2839 847 2907 seculi
875 2840 1020 2930 negotia,
1046 2853 1084 2908 ut
1109 2839 1253 2909 liberius
1280 2839 1435 2910 meditare·
1471 2839 1472 2864 ³

188 2940 244 2994 tur
267 2925 436 2995 coelestia.
455 2931 682 3014 Paratumque
708 2927 826 2996 videns
844 2927 886 2996 ad
911 2927 1039 3007 omnia,
1058 2927 1205 2998 abscidit
1225 2931 1302 3020 ejus
1325 2942 1433 2997 comant

188 3012 324 3103 eapitis,
345 3037 363 3082 a
386 3036 455 3102 quo
479 3015 657 3106 depulerat
677 3016 831 3086 maculas
856 3015 982 3086 cordis.
1004 3017 1171 3107 Adeptum
1197 3017 1346 3105 denique
1367 3016 1434 3082 haar

188 3102 367 3193 dignitatis
392 3105 550 3194 gratiam,
581 3104 664 3174 dum
690 3104 975 3174 animadverteret
1000 3105 1033 3172 in
1060 3127 1098 3174 eo
1124 3108 1315 3176 sanctitatis
1345 3104 1434 3192 vigett

186 3191 359 3274 virtutem,
381 3215 440 3282 per
464 3193 621 3282 singulos
651 3193 781 3282 gradus
832 3194 974 3264 rornovit
990 3193 1031 3264 ad
1056 3195 1265 3266 Diaconatus
1280 3193 1432 3264 officium:

187 3281 227 3350 ad
254 3280 344 3368 quod
371 3283 420 3350 sic
437 3282 599 3371 apparuit
615 3294 728 3372 aptus,
747 3294 784 3350 ut
805 3216 937 3369 iiquido
957 3281 1159 3353 claresceret
1175 3285 1349 3363 omnibus,
1363 3273 1432 3366 qtr⁰d

189 3370 246 3439 Dei
271 3371 380 3460 gratia
408 3370 450 3438 ad
477 3371 509 3438 id
536 3370 663 3440 electus
688 3384 787 3440 esset.
816 3372 938 3440 Paucis
973 3393 1051 3440 vero
1081 3371 1293 3462 interpositis
1320 3369 1432 3439 diebus.

187 3479 267 3529 curn
294 3461 405 3548 magis
435 3481 474 3528 ac
501 3460 611 3550 magis
641 3461 865 3550 semetipsum
900 3459 1045 3550 erigeret
1076 3461 1111 3529 in
1143 3461 1200 3530 Dei
1239 3459 1432 3530 famulatum,

82 3587 84 3592 ·
186 3547 308 3648 beatus
334 3547 483 3636 pontifex
507 3569 613 3638 agens
638 3549 767 3638 gratias
791 3553 868 3630 ileo,
887 3547 927 3616 ad
945 3548 1205 3640 Presbyteratus
1222 3549 1356 3621 culmen
1371 3561 1431 3614 aunt

187 3650 307 3706 evervt.

230 3729 248 3812 ξ
269 3729 345 3796 to.
365 3723 578 3794 Sublimatus
595 3737 709 3794 autern
727 3727 760 3794 in
779 3725 883 3814 hujus
900 3726 1031 3815 apicem
1051 3725 1203 3810 honoris,
1217 3722 1363 3796 enarrari
1380 3737 1430 3786 non

189 3827 309 3903 potest,
333 3827 461 3900 quanto
482 3813 645 3883 virtutum
671 3814 824 3883 culmine
839 3816 996 3883 excrevit.
1016 3821 1091 3888 lam
1113 3837 1189 3886 vero
1212 3812 1360 3906 magistri
1375 3827 1431 3877 rno-

186 3903 283 3972 ribus
305 3901 520 3984 informatae,
539 3915 571 3972 et
591 3903 791 3972 exercitatae
807 3904 1075 3972 conversationis
1088 3926 1154 3974 usu
1169 3906 1354 3981 roboratae,
1366 3916 1430 3990 con·

187 3989 359 4060 venticnla
376 3993 510 4060 urbana
534 3990 725 4072 fastidiens
745 4015 780 4062 se
803 3991 843 4060 ad
867 3994 1049 4062 remotiora
1069 3991 1143 4062 loca
1159 3993 1302 4063 contulit
1318 3991 1347 4058 in
1366 3986 1430 4079 locvs

185 4080 328 4150 desertis
345 4101 444 4148 secus
461 4081 590 4150 fluenta
607 4080 781 4150 Sambrae.
800 4085 873 4163 Quo
888 4081 922 4150 in
944 4081 1017 4151 loco
1034 4081 1233 4152 solitudinis
1249 4103 1324 4151 cnm
1340 4076 1428 4164 sigolt

185 4182 217 4237 et
233 4167 422 4250 miraculis,
439 4182 470 4237 et
488 4171 564 4258 piae
583 4171 853 4239 conversationis
870 4169 995 4240 studiis
1012 4170 1139 4260 pollere
1155 4170 1333 4245 videretur,
1348 4157 1427 4232 mult

187 4255 257 4326 illic
283 4257 325 4324 ab
349 4279 388 4325 co
413 4256 455 4325 ad
482 4259 657 4327 servitium
694 4259 821 4328 summi
847 4259 1038 4330 Conditoris
1062 4272 1144 4329 sunt
1167 4253 1364 4352 congregati.
1390 4242 1426 4314 fd

186 4346 419 4414 evacuandam
446 4346 552 4435 igitur
578 4348 702 4436 prioris
726 4348 813 4416 vitae
845 4347 1042 4432 maculam,
1075 4349 1108 4418 in
1135 4348 1241 4432 locis,
1270 4364 1348 4434 quae
1375 4333 1426 4430 stit

187 4432 229 4502 ad
258 4432 426 4520 refugium
455 4447 488 4504 et
518 4435 772 4525 receptaculum
807 4435 977 4507 latronum
1016 4453 1216 4528 paraverat,
1250 4441 1425 4506 monastero
