2934 4810
4 257 84 321 JEC.
105 257 147 321 at
401 275 667 324 unarvuutoetcu
695 276 909 324 ratusraaruu
1157 255 1258 324 tuat*

4 355 463 432 spectabamusutareasttiens,
473 355 631 434 refrigeria
660 355 799 434 Gregorii
826 357 934 435 Papae,
955 356 993 418 de
1007 373 1066 435 uua
1083 357 1145 435 ipse
1163 364 1298 431 testatur,

9 437 167 496 itterarnm
190 442 333 508 tuarum,
357 437 504 499 etanima
520 443 631 508 nostra,
660 437 741 514 quod
766 437 799 498 in
826 435 899 498 bora
921 437 1024 498 exitus
1037 437 1085 499 sui
1100 437 1204 500 lesum
1218 439 1255 500 ad
1268 455 1300 500 se

4 518 69 576 *ient
95 525 179 576 terra
203 517 269 576 sine
293 531 379 592 anua,
401 515 574 578 sitientibus
599 517 630 577 in
662 517 842 579 venientem
861 515 981 577 viderit.

8 611 40 655 uu
67 594 165 656 verba
182 594 632 674 praecordiisanbelabat3jem
700 595 1298 660 S.Tbarsillaevirtutesetlelicissimum

4 676 74 734 nim
103 689 197 751 prope
222 673 384 736 biennium
408 673 569 746 delluebat,
595 691 632 737 er
660 678 780 738 evitum
794 677 838 738 sic
851 675 995 737 describit
1008 675 1037 737 S.
1054 675 1221 753 Gregorius
1237 677 1297 738 lda-

4 771 50 832 vuo
68 755 159 815 nobis
174 768 226 830 per
247 753 458 816 confamulum
474 753 633 818 Cardama·
661 771 762 833 gnus:
785 753 1041 833 vNonnunquam
1057 772 1127 818 vero
1149 757 1180 818 in
1197 773 1301 818 conso·

4 849 51 894 ern
81 833 203 895 modica
230 832 312 904 licet,
340 833 515 896 dulcissima
532 842 631 896 tamen
662 837 772 898 latione
786 834 973 911 egredientis
998 838 1118 898 aniruaa
1135 838 1300 914 ipseappa·

4 917 52 974 vvis
67 914 112 975 tui
131 912 282 974 stillicidia
299 929 474 989 roraveras3
495 929 551 976 neo
568 915 630 991 jem
661 932 729 977 rere
754 915 829 976 solet
853 924 959 977 auctor
972 931 1007 977 eo
1023 916 1297 978 retributorvitae.

8 995 121 1054 nterim
144 987 341 1070 'sperabamus
366 993 414 1056 vel
438 993 558 1071 guttula
585 996 630 1055 tui
661 995 746 1056 Unde
760 1001 791 1055 et
806 994 862 1056 boo
877 995 958 1073 quod
974 994 1011 1056 de
1032 995 1191 1068 Tbarsilla,
1205 996 1298 1058 amita

4 1073 144 1134 ‚ermonls
167 1074 298 1152 aspergi,
323 1074 394 1151 unia
411 1089 465 1154 per
479 1080 570 1136 totam
585 1089 631 1136 ae·
662 1091 739 1148 mea,
765 1076 797 1135 in
823 1074 955 1137 homiliis
978 1074 994 1109 *
1018 1075 1176 1152 Evangelii
1191 1075 1299 1137 dixisse

4 1159 98 1214 tatem
119 1155 206 1214 irrita
228 1168 287 1214 non
305 1154 457 1215 venientis
471 1153 566 1216 Urani
580 1170 632 1215 err·
662 1171 709 1216 me
724 1153 835 1226 recolo,
852 1153 1019 1230 replicabo:
1036 1171 1113 1232 quae
1130 1156 1210 1216 inter
1225 1155 1299 1216 duas

4 1235 181 1310 pectatione
214 1235 375 1310 suspensi,
403 1232 499 1294 multo
533 1239 632 1310 magis
659 1235 732 1296 alias
755 1249 874 1294 sorores
897 1250 964 1294 suas
991 1235 1104 1296 virtute
1132 1233 1299 1296 continuae

6 1327 114 1389 empus
130 1313 631 1376 hibernumintuonobissilentio
660 1314 816 1384 orationis,
842 1314 993 1390 gravitate
1018 1316 1110 1388 vitae,
1135 1313 1299 1390 singulari·

6 1392 228 1468 ransigendnm
264 1393 454 1469 putabamus.
490 1393 528 1452 Et
562 1409 630 1454 ecce
662 1401 722 1454 tate
746 1393 960 1466 abstinentiae,
986 1393 1021 1453 ad
1046 1393 1168 1455 culmen
1189 1395 1300 1455 sancti·

4 1474 168 1534 misericors
185 1479 216 1532 et
230 1473 388 1534 miserator
402 1472 561 1548 Dominus,
578 1474 629 1551 qui
660 1475 728 1533 tatis
752 1479 939 1534 excreverat.
965 1473 1043 1536 Huic
1072 1489 1124 1550 per
1146 1474 1297 1535 visionem

4 1553 42 1610 lat
57 1567 157 1613 escam
172 1553 391 1626 esurientibus,
415 1559 445 1613 et
460 1553 631 1614 consolatur
660 1552 744 1614 Felix
755 1553 799 1626 ¹¹²⁸,
814 1561 921 1616 atavus
934 1569 1029 1628 mens,
1044 1553 1132 1630 buius
1144 1553 1299 1615 Romanae

6 1631 140 1703 vumiles,
166 1639 198 1692 et
226 1636 334 1707 potens
361 1639 406 1694 est
432 1648 628 1710 supranuaru
660 1632 808 1695 Ecclesiae
840 1631 993 1706 antistes,
1022 1636 1179 1712 apparuit,
1209 1636 1299 1712 etque

4 1711 280 1786 per·abamns,dare
294 1711 464 1791 nobisquae
478 1713 631 1774 desidera·
660 1716 852 1774 mansionem
869 1722 1030 1790 perpetuae
1044 1713 1189 1775 claritatis
1200 1722 1299 1774 osten·

4 1790 512 1870 uns,insperantibusquidem,sed
528 1798 630 1868 optan-
659 1793 715 1864 dit,
731 1793 848 1854 dicens:
866 1791 956 1865 Veni,
971 1794 1039 1870 quia
1056 1795 1086 1852 iu
1104 1793 1158 1853 bac
1176 1801 1203 1852 te
1223 1793 1299 1854 lucis

4 1870 73 1931 ibus
95 1872 258 1948 repentino
286 1873 399 1934 iterum
421 1869 630 1933 Cardamatem
662 1874 818 1933 mansione
829 1872 1294 1950 recipiam.Quae,subseqnenti

4 1957 135 2010 rostrum
150 1959 339 2028 superventu
356 1950 462 2013 intulit
478 1951 583 2024 nobis;
601 1959 631 2013 et
661 1967 727 2012 mox
743 1951 825 2013 lebre
840 1959 988 2028 correpta,
1004 1951 1039 2011 ad
1056 1951 1136 2012 diem
1155 1949 1297 2028 pervenit

4 2037 28 2088 rt
49 2029 126 2092 lacta
152 2038 198 2092 est
219 2045 270 2108 per
284 2047 355 2093 eum
373 2047 430 2092 vox
444 2031 632 2093 salutationis
659 2037 841 2092 extremum.
854 2031 890 2092 bt
902 2035 978 2093 sicut
991 2031 1145 2092 nobilibus
1156 2029 1297 2092 foeminis

4 2125 62 2170 :uae
89 2109 123 2169 in
156 2111 282 2171 auribus
310 2109 450 2182 nostris,¹
469 2110 633 2172 exsultavit
662 2112 796 2188 virisque
824 2111 1039 2184 morientibus,
1069 2111 1157 2171 multi
1188 2125 1297 2171 conve·

4 2190 105 2263 gaudio
121 2203 175 2249 cor
190 2195 377 2253 nostrum...
392 2188 589 2252 Cantabimus
601 2196 631 2251 et
662 2193 767 2262 nient,
782 2193 835 2266 uui
852 2206 959 2252 eorum
976 2192 1128 2268 proximos
1142 2189 1297 2251 consolen-

4 2267 157 2342 tsnllemrrs
182 2268 323 2344 Domino,
346 2272 399 2348 uui
425 2270 501 2332 bona
522 2269 631 2330 tribuit
661 2278 718 2341 tur,
743 2269 848 2332 eadem
875 2271 948 2332 bore
973 2271 1074 2330 exitus
1101 2266 1296 2346 ipsiusmulti

4 2347 91 2410 uobis.
120 2346 201 2408 bllsit
225 2353 308 2412 enim
335 2349 478 2412 nuntium
499 2350 629 2410 deterre
661 2349 1297 2427 viriacloeminaeejusleotulumcircum·

4 2423 629 2506 longinqua,quodnlcissimietoarissimi
659 2437 820 2492 steterunt.
849 2431 935 2492 ‘lunc
961 2429 1062 2490 subito
1097 2429 1146 2491 illa
1174 2441 1297 2488 sursum

4 2509 86 2580 patris
97 2508 191 2568 nostri
206 2513 237 2568 et
251 2511 423 2588 sospitatem
438 2509 630 2582 agnovimus,
660 2511 823 2587 respiciens
835 2510 938 2571 ,lesum
955 2510 1134 2570 venientem
1157 2509 1253 2580 vidit,
1268 2516 1299 2568 et

4 2593 26 2646 tt
49 2601 222 2648 sermonem
247 2589 429 2666 accepimus.
453 2588 540 2650 Unde
561 2605 630 2650 con·
659 2605 727 2650 rum
756 2605 866 2666 magna
895 2589 1161 2651 animadversione
1197 2587 1296 2663 coepit

4 2681 118 2728 versum
136 2673 180 2728 est
194 2683 246 2729 cor
263 2677 397 2730 nostrum
411 2686 426 2730 a
441 2669 562 2730 tristitia
574 2669 629 2730 sol·
659 2668 927 2732 circumstantibus
946 2668 1087 2748 clamare,
1102 2668 1222 2729 dicens:
1239 2667 1295 2728 lle-

4 2743 163 2808 licitudinis
187 2749 219 2808 in
233 2750 381 2824 gaudium
395 2749 583 2822 securitatis;
601 2755 630 2810 et
659 2749 765 2818 cedite,
781 2751 924 2820 recedite,
941 2747 1026 2808 lesus
1041 2749 1139 2810 veuit.
1158 2745 1299 2824 Cumque

4 2841 83 2887 versa
119 2829 149 2888 in
183 2829 293 2890 melius
327 2829 436 2891 anxiae
462 2825 630 2890 allectionis
660 2829 691 2890 in
719 2844 791 2888 euru
820 2827 1010 2898 intenderet,
1038 2843 1129 2904 quem
1159 2827 1294 2902 videbat,

4 2906 77 2978 vice,
93 2907 125 2966 in
142 2905 192 2968 illo
206 2907 255 2970 die
271 2907 356 2970 nobis
372 2923 423 2984 per
439 2908 554 2969 litteras
567 2916 631 2968 tuas
658 2915 758 2969 sancta
773 2907 819 2968 illa
833 2909 932 2969 anima
944 2923 960 2966 e
971 2921 1096 2984 corpore
1107 2912 1152 2967 est
1163 2922 1294 2984 egressa.

4 2983 80 3056 festo,
95 2986 234 3048 delectati
250 3004 356 3048 sumus
371 3001 423 3063 pro
438 2987 545 3049 diebus
558 2989 629 3065 qui·
660 2987 817 3064 Tantaque
841 2987 942 3048 subito
959 2986 1122 3063 fragrantia
1140 2989 1208 3048 miri
1225 2985 1297 3048 odo-

4 3063 52 3124 bus
68 3082 120 3125 nos
141 3065 356 3133 humiliaverat
380 3067 563 3129 diuturnitas
590 3075 629 3130 to·
660 3069 700 3128 ris
715 3082 831 3144 aspersa
844 3075 900 3140 est,
913 3074 945 3128 ut
958 3068 1017 3142 ipsa
1030 3081 1153 3144 quoqne
1163 3067 1297 3128 suavitas

4 3145 183 3206 :iturnitatis
199 3151 276 3209 tuae.
294 3171 307 3203 a
658 3153 774 3208 cunctis
789 3146 963 3208 ostenderet
979 3145 1039 3206 illic
1054 3154 1207 3206 auctorem
1224 3163 1296 3207 sua·

660 3227 762 3288 vitatis
777 3228 905 3288 venisse.
917 3225 1053 3303 Ctrmque
1066 3241 1174 3302 corpus
1184 3227 1250 3304 ejus
1260 3241 1297 3287 ex

36 3303 215 3367 llnnrvnon.
244 3338 283 3350 -
312 3304 344 3366 ln
374 3303 497 3367 Polonia
533 3306 628 3368 sancti
661 3321 745 3368 more
770 3313 962 3367 mortuorum
984 3306 1019 3366 ad
1037 3305 1200 3366 lavandum
1217 3311 1295 3366 esset

4 3383 125 3446 loavnrs
148 3385 246 3447 Cantii
275 3384 447 3462 Presbyteri
468 3385 630 3447 saecularis
661 3387 821 3460 nudatum,
847 3385 938 3462 longo
965 3387 1109 3446 orationis
1126 3402 1178 3446 usu
1196 3385 1226 3445 in
1245 3401 1297 3445 cu·

4 3463 198 3539 tlovtlessoris,
234 3464 384 3536 doctrina,
421 3465 629 3542 propagandae
659 3465 729 3527 bitis
744 3465 807 3541 ejus
823 3473 852 3526 et
867 3463 1197 3542 genibusoamelorum
1212 3479 1297 3526 more

4 3544 67 3604 tidei
96 3545 178 3619 zelo,
210 3545 375 3607 virtutibus
409 3560 443 3606 ao
477 3545 629 3604 miraculis
661 3547 781 3606 inventa
797 3553 842 3606 est
858 3546 1007 3606 obdurata
1022 3546 1098 3607 cutis
1111 3547 1294 3606 excrevisse.

4 3622 88 3682 clari:
113 3625 196 3702 enjus
220 3625 330 3686 testum
356 3623 564 3686 tertiodecimo
580 3623 630 3685 lta-
659 3623 694 3684 Et
718 3624 792 3702 quid
818 3627 924 3687 vivens
948 3625 1014 3704 ejus
1034 3625 1162 3703 spiritus
1176 3639 1297 3700 semper

4 3699 102 3762 lendes
128 3703 303 3766 novembris
337 3704 516 3766 celebratur.
540 3701 630 3780 (Vide
658 3704 775 3777 egisset,
799 3721 867 3767 caro
892 3715 1009 3767 mortua
1037 3705 1214 3766 testabatur.
1238 3705 1296 3780 (Ex

4 3780 190 3844 lireriarv'um
216 3787 393 3846 Romanum
416 3784 452 3847 ad
480 3783 562 3846 diem
593 3781 630 3844 20
662 3783 1182 3864 llicloporumbtb.vr,Cap.xv1).

4 3860 151 3940 latebris).
684 3929 695 3953 ο
710 3927 812 3970 namura
826 3930 858 3970 aa.

684 3991 711 4020 ss
726 3993 749 4033 S.
758 3989 846 4032 Felicis
855 3993 930 4042 Papae
941 3991 1053 4032 memoria
1063 3991 1100 4031 dle
1111 3991 1138 4032 ³0
1146 3986 1251 4040 januarii
1262 3999 1298 4031 re-

119 4031 149 4094 S.
167 4031 381 4094 THARSILLA
397 4031 504 4096 Vlline.
658 4055 750 4096 colitur.
762 4051 820 4094 Vide
829 4054 945 4106 llos-tyrol.
957 4053 1053 4104 litoteta„
1063 4063 1114 4103 pag.
1125 4053 1172 4094 W.

43 4134 75 4196 la
90 4139 215 4201 Dareine
228 4139 336 4218 puieeit
351 4137 436 4200 circa
451 4155 502 4200 aa.
518 4137 587 4199 581.

42 4259 208 4328 lltnrvnre.
221 4299 259 4310 -
270 4265 380 4328 Romae
394 4263 500 4326 natalis
511 4269 629 4326 sanctae

4 4337 186 4408 Tvraesrnnar
216 4346 368 4422 Virginis,
384 4335 506 4408 'amitae
533 4347 627 4405 sancti
