2968 4834
193 693 201 712 ι
522 471 909 634 svalva
1061 381 1066 398 ’

210 705 491 842 lllldlllll
532 707 638 842 llll
680 707 829 844 lllll
877 707 1217 847 Slltldllll

310 920 427 982 Juxta
447 920 611 984 OPTIMAM
638 919 891 986 COLONIENSEM
918 923 1119 986 EDlTIONEM

94 1053 187 1092 NUNC
205 1053 275 1092 VEBO
293 1055 330 1092 EX
348 1053 568 1092 RBGENTIORIBUS
585 1053 621 1092 ET
641 1053 852 1093 Paoafflsslrlls
872 1053 1054 1096 mortuimaris
1073 1057 1187 1096 NUMERO
1207 1055 1321 1110 AUGTAE,

397 1137 501 1177 mannis
519 1137 696 1176 uxebantur
715 1139 750 1176 ΕΤ
773 1139 853 1177 Naris
871 1139 1032 1178 EXORNATAE

621 1255 634 1290 Q
637 1254 816 1286 UUUUUUUUUUUU

167 1354 361 1426 aomllull
388 1354 733 1426 atartaoloctull
760 1355 950 1426 cartura
980 1357 1260 1429 lllusrattull

522 1482 699 1522 TAURINENSI
718 1481 907 1522 PRESBY'I'ERO

372 1568 389 1607 E
405 1567 510 1607 OONGR.
525 1567 627 1606 OLERE.
641 1567 728 1608 REGG.
745 1568 767 1607 fl.
783 1567 1041 1610 pantaleonem

442 1789 478 1843 13
498 1789 566 1844 vol.
588 1787 662 1856 in÷8
675 1803 764 1848 max.
783 1819 821 1828 —
834 1789 871 1848 L.
894 1791 957 1844 140

638 1898 793 1910 ——-

107 2012 301 2090 Egregium
322 2014 354 2073 et
375 2027 441 2072 non
462 2010 618 2088 exiguum
640 2011 819 2075 Lauaanrrr
841 2013 931 2076 Scan
953 2013 1055 2094 Opus,
1079 2014 1132 2075 cui
1157 2015 1274 2076 titulus
1298 2019 1346 2076 Dc

60 2111 234 2188 probatis
255 2109 460 2172 Sanctorum
480 2110 660 2187 Historiis,
678 2111 754 2188 etc,
771 2109 921 2191 quodque
941 2110 1077 2172 summis
1098 2109 1249 2173 laudibus
1270 2129 1345 2174 con-

64 2208 183 2288 spicui
204 2207 361 2285 doctrina,
385 2206 504 2286 pietate
526 2223 564 2267 ac
586 2205 749 2284 dignitate
770 2208 842 2286 viri,
865 2209 901 2270 in
925 2208 1043 2289 quibus
1068 2210 1098 2271 S.
1124 2209 1200 2270 Pius
1221 2209 1278 2289 Pp.
1304 2211 1343 2288 V,

64 2307 192 2370 efferre
221 2321 287 2366 non
319 2303 537 2384 dubitarunt3
572 2321 609 2366 ea
640 2322 705 2384 qua
734 2305 938 2369 Catholicum
974 2305 1064 2368 decet
1097 2306 1345 2388 typographum
1433 2339 1436 2346 ·

64 2405 163 2467 bona
191 2421 246 2482 spe
269 2401 365 2465 edidi.
395 2401 453 2463 Cui
479 2401 568 2463 enim
600 2407 670 2465 tam
694 2403 878 2467 salutiferos
909 2404 1087 2486 uberesque
1115 2404 1341 2485 hujuscemodi

64 2501 225 2566 lectionis
245 2500 373 2563 fructus
393 2500 615 2580 perpendenti,
639 2518 679 2562 ex
694 2501 773 2565 adeo
796 2503 927 2582 copiosa
942 2519 1002 2566 nec
1019 2520 1086 2566 non
1104 2502 1251 2583 jucunda
1270 2504 1344 2565 illu-

65 2601 195 2663 strium
209 2599 370 2661 factorum
381 2601 667 2679 exemplorumque
677 2599 862 2662 christiana
887 2599 1070 2680 prudentia
1081 2617 1120 2663 ac
1138 2600 1341 2664 fortitudinis

65 2698 293 2776 enarratione,
317 2697 377 2760 hos
396 2696 495 2758 libros
516 2697 757 2776 acceptissimos
778 2697 846 2760 fore
869 2714 935 2759 non
958 2697 1160 2761 existimem?
1181 2699 1271 2774 Quod
1293 2717 1344 2762 me

67 2797 167 2858 tanto
189 2796 308 2858 certius
331 2796 366 2856 in
392 2795 454 2857 hac
478 2813 566 2858 nora
586 2795 800 2857 laudatissimi
822 2795 934 2875 Operis
957 2795 1097 2859 editione
1119 2799 1343 2860 assecuturum

65 2893 214 2972 confido,
238 2896 361 2973 quanto
384 2891 574 2971 diligentior
597 2893 631 2954 in
652 2909 690 2954 eo
711 2892 898 2956 exomendo
921 2910 1018 2972 opera
1039 2895 1186 2974 impensa
1206 2894 1283 2972 luit,
1304 2894 1344 2956 dc

67 3009 149 3072 qua,
175 2994 212 3052 ut
224 2991 335 3070 paucis
349 3009 400 3054 me
414 2990 591 3070 expediam,
607 2991 678 3053 haeo
691 3009 749 3070 per
767 3009 895 3054 summa
913 2991 1021 3071 capita
1035 2994 1111 3053 sunt
1132 2990 1337 3071 exponenda:

110 3091 162 3151 Ac
186 3089 305 3167 primo,
333 3088 373 3150 de
397 3089 518 3151 illustri
544 3088 833 3167 Agiographorum
860 3089 1004 3166 familia,
1029 3093 1172 3151 Suriam
1197 3089 1342 3168 reimpri·

69 3186 230 3250 mendum
258 3184 351 3264 duxi,
373 3189 445 3250 tum
469 3187 583 3264 utpote
608 3186 797 3265 permultis,
824 3189 922 3266 atque
949 3185 1158 3265 gravioribus
1186 3187 1342 3250 refertum

69 3285 269 3348 Sanctorum
288 3285 428 3346 Actibus
448 3300 488 3345 ex
508 3283 659 3345 Ecclesiae
679 3282 831 3345 Patribus
850 3286 882 3345 et
903 3285 1035 3363 optimis
1053 3283 1177 3365 piisque
1205 3285 1341 3364 scripto-

70 3381 180 3459 ribus,
208 3385 280 3445 tum
306 3382 383 3462 quia
405 3381 506 3444 latino
526 3397 605 3443 usus
618 3385 667 3443 est
687 3380 851 3459 idiomate,
875 3398 976 3461 eoque
991 3381 1169 3463 mysticum
1190 3399 1340 3462 saporem

70 3482 105 3541 ct
129 3479 280 3543 biblicam
306 3479 449 3560 phrasim
474 3477 659 3556 redolente,
684 3481 781 3559 atque
806 3478 948 3542 nobilem
974 3479 1165 3542 elocutionis
1186 3481 1341 3560 simplici·

71 3579 186 3657 tatem,
208 3578 294 3641 unde
314 3593 381 3639 non
402 3594 519 3658 parum
548 3577 701 3638 utilitatis
721 3580 753 3638 et
772 3576 836 3655 piae
857 3575 1080 3639 delectationis
1101 3595 1195 3640 nemo
1215 3581 1265 3640 est
1286 3579 1343 3659 qui

72 3675 197 3738 nesciat
216 3659 418 3753 legentibus,
436 3677 469 3736 et
489 3675 629 3736 maxime
651 3673 741 3736 verbi
761 3675 818 3736 Dei
839 3674 1053 3756 praeconibus,
1087 3675 1265 3756 provenire.

112 3773 274 3852 Optimam
288 3775 444 3852 praeterea
464 3789 533 3834 rem
553 3771 730 3838 arbitratus
743 3789 826 3850 sum,
844 3776 987 3836 Suriam
1006 3772 1158 3850 seligere,
1175 3773 1251 3853 quia
1271 3774 1342 3854 ejus

72 3867 234 3932 idiomatis
255 3871 365 3948 gratia
385 3886 452 3932 non
474 3869 560 3931 intra
581 3869 678 3931 unius
699 3871 807 3946 gentis
827 3869 908 3932 fines
934 3870 1093 3934 contineri
1117 3871 1261 3951 cogitur,
1286 3871 1341 3934 sed

73 3965 112 4027 ad
133 3985 352 4048 quascumque
373 3971 405 4030 et
427 3968 638 4048 quantumvis
659 3965 788 4030 dissitas
808 3969 960 4046 regiones
980 3969 1087 4046 potest
1101 3983 1167 4028 non
1180 3967 1342 4030 inutiliter

71 4067 249 4143 pervenire,
265 4068 298 4126 et
312 4066 398 4145 apud
416 4083 470 4128 eos
492 4082 603 4128 omnes
624 4065 758 4128 comiter
778 4065 882 4144 excipi
906 4065 961 4145 qui
982 4065 1133 4126 ritualem
1155 4067 1188 4126 et
1209 4081 1339 4127 sacrum

73 4163 189 4226 callent
211 4165 363 4226 Romanae
384 4165 416 4226 et
437 4163 595 4226 universa
616 4163 767 4226 Ecclesia
793 4179 986 4225 sermonem.

110 4259 229 4322 Praeter
256 4261 350 4323 Vitas
374 4263 582 4340 Sanctorum,
616 4261 783 4324 nonnullae
815 4261 948 4324 Surium
974 4258 1144 4322 conciones
1170 4255 1337 4336 decorant,

74 4369 110 4414 tx
130 4358 341 4422 celeberrimis
369 4359 518 4422 Patribus
539 4357 759 4440 depromptae,
782 4376 842 4440 pro
863 4358 966 4420 Festis
992 4355 1122 4421 Domini
1142 4359 1175 4418 et
1195 4353 1339 4434 Virginis

76 4451 227 4535 Deiparae.
