3046 4838
252 299 295 364 l?
476 303 477 306 ’
594 318 656 364 -ns
680 317 708 364 s.
737 315 841 363 urrato
866 317 914 363 ar.
941 315 1073 363 aaaron.
1345 295 1427 360 nnc.
1452 297 1460 359 l

207 425 243 472 re
271 401 364 470 nabit
391 403 425 468 in
452 401 566 470 coelo:
594 400 736 470 simale
765 402 884 490 egerit,
915 401 990 468 sine
1020 397 1254 469 misericordia
1283 398 1412 467 ardebit
1436 401 1465 466 in
1509 391 1510 468 l

207 425 355 560 inlerno.
376 491 539 578 Quisquis
556 504 668 590 autem
696 509 762 559 non
784 491 922 581 cogitat,
942 489 1010 558 nisi
1026 489 1068 558 de
1093 489 1157 558 hac
1180 490 1261 570 rita,
1281 489 1389 558 brutis
1404 489 1469 556 ani·

209 579 359 650 malibus
375 594 408 648 et
424 579 542 648 bestiis
559 576 684 648 similis
701 591 763 648 est.
1129 585 1131 594 '
1509 601 1510 664 t

251 671 353 755 §st
370 673 469 738 «lion
482 666 608 737 sullieit
623 667 730 748 vobis
740 667 924 748 carissimi,
934 667 1026 755 quod
1039 665 1222 736 Christiani
1240 663 1467 766 appellamini,

208 757 237 826 si
258 779 362 847 opera
380 757 564 828 Christiani
588 778 655 826 non
680 754 803 826 facitis.
831 757 884 826 llli
904 757 996 826 enim
1015 755 1151 844 prodest
1171 753 1400 823 Christianum
1418 775 1470 821 no·

209 867 311 925 men,
340 847 400 932 qui
420 867 556 936 semper
576 845 700 916 Christi
727 859 905 936 praecepta
922 859 954 914 et
982 859 1093 914 mente
1116 857 1149 912 et
1172 864 1316 930 corpore
1335 842 1469 933 perficit,
1509 837 1510 902 l

207 936 268 1022 qui
290 937 417 1004 turtum
440 957 507 1004 non
533 933 624 1014 lacit,
646 935 706 1021 qui
724 934 849 1003 salsum
868 935 1102 1004 testimonium
1125 952 1191 1001 non
1210 931 1306 1012 dicit,
1334 933 1392 1018 qui
1418 953 1471 1000 nec

209 1024 385 1105 mentitur,
413 1045 475 1092 nec
493 1024 630 1114 peierat,
649 1025 708 1110 qui
725 1023 1027 1093 ‘adulterium-non
1048 1021 1242 1100 committit,
1261 1022 1322 1108 qui
1344 1019 1471 1091 nullum

210 1113 385 1181 hominem
403 1113 485 1192 odit,
509 1111 566 1184 scd
592 1133 712 1182 omnes
727 1113 816 1182 sicut
833 1135 867 1181 se
888 1112 1002 1201 ipsum
1023 1111 1148 1199 diligit,
1163 1110 1223 1196 qui
1240 1109 1391 1178 inimicis
1407 1110 1472 1178 suis

210 1201 341 1270 malum
360 1223 426 1272 non
446 1201 568 1281 reddit,
587 1199 643 1268 sed
668 1201 778 1291 magis
797 1221 857 1290 pro
871 1201 921 1269 eis
938 1213 1029 1270 oret:
1056 1201 1115 1285 qui
1133 1199 1209 1268 lites
1235 1219 1301 1266 non
1320 1199 1471 1269 concitat.

210 1289 270 1360 sed
295 1290 472 1359 discordes
500 1303 631 1360 revocat
650 1289 692 1358 ad
717 1288 950 1359 concordiam.
978 1293 1067 1357 llaec
1088 1289 1180 1357 euim
1205 1301 1385 1375 praecepta
1410 1287 1473 1374 ipse

209 1379 375 1450 Dominus
397 1379 550 1449 Christus
568 1401 628 1466 per
647 1379 869 1464 semetipsum
888 1377 1052 1466 dignatus
1075 1390 1126 1446 est
1150 1376 1183 1444 in
1205 1375 1402 1465 Evangeliis
1419 1389 1474 1442 tra·

209 1467 300 1549 dere,
327 1467 375 1536 ita
390 1467 527 1537 dicens:
554 1473 625 1536 lloa
650 1467 867 1536 homicidium
882 1467 999 1554 facies,
1026 1489 1090 1536 uon
1106 1466 1327 1545 adulterabis,
1349 1487 1415 1534 noa
1428 1466 1475 1552 so·

209 1559 275 1626 cies
286 1559 429 1646 sartum,
446 1580 511 1626 uon
524 1558 653 1645 salsum
667 1557 891 1625 testimouium
911 1556 1010 1634 dices,
1037 1577 1101 1624 nou
1115 1555 1318 1645 perjurabis,
1337 1563 1372 1622 et
1385 1555 1475 1642 [ruu-

209 1646 283 1714 dem
298 1669 338 1714 ne
356 1647 490 1734 seceris:
502 1646 628 1714 honora
641 1655 773 1736 patrem
790 1655 885 1712 tuum
902 1655 933 1713 et
947 1654 1101 1724 matrem,
1121 1653 1152 1712 et
1169 1643 1276 1732 dilige
1284 1646 1476 1734 proatr'mum

210 1744 305 1802 tuum
320 1735 450 1803 sicutte
464 1737 574 1825 ipsum
589 1735 729 1820 (allattlt.
749 1733 834 1820 xix);
858 1745 901 1810 et,
922 1733 1156 1824 Quodcumque
1171 1734 1287 1812 vultis,
1303 1743 1342 1800 ut
1355 1733 1477 1820 saciant

208 1823 299 1892 uobis
324 1823 494 1903 homiues,
521 1834 552 1892 et
575 1846 632 1892 vos
658 1825 761 1911 fosite
778 1823 836 1890 eis.
863 1827 955 1891 llaec
982 1833 1030 1890 est
1057 1824 1146 1890 enim
1171 1824 1230 1890 leno
1254 1830 1286 1888 et
1303 1821 1478 1911 prophetae
1509 1901 1510 1912 χ

209 1912 349 1998 (blattis.
373 1912 443 1997 vri).
462 1915 500 1980 Et
516 1911 630 1980 adhuc
648 1911 702 1979 his
721 1910 861 1998 majora,
882 1910 939 1978 sed
959 1909 1056 1978 valde
1073 1909 1173 1978 fortia
1188 1921 1291 1996 atque
1306 1907 1477 1978 fructifera
1509 1917 1510 1930 ¹

209 1999 305 2069 dedit
322 2000 494 2080 inundata,
513 2001 651 2069 dicens:
670 2001 807 2086 nita'pite
823 2001 974 2068 inimicos
998 2009 1132 2072 uestros.
1152 1999 1334 2086 benefacite
1361 1999 1415 2067 his
1429 1997 1481 2087 qui

210 2089 351 2158 oderunt
379 2113 457 2169 uos,
489 2099 520 2158 et
543 2100 636 2158 orate
657 2111 720 2178 pro
743 2089 1019 2178 persequentibus
1046 2098 1077 2156 et
1103 2089 1392 2156 calumniantibus
1416 2107 1477 2154 uos.

211 2183 295 2247 Eece
318 2178 403 2248 lorte
418 2191 451 2247 et
467 2177 614 2247 arduum
635 2176 849 2257 mandatum,
868 2176 958 2263 quod
980 2176 1179 2245 hominibus
1196 2173 1337 2262 quidem
1357 2175 1478 2244 durum

211 2267 364 2346 videtur,
388 2267 445 2336 sed
469 2287 632 2354 magnum
661 2265 762 2334 hebet
791 2265 995 2352 praemium.
1026 2263 1148 2334 ludite
1170 2263 1295 2350 quale:
1326 2269 1365 2334 llt
1390 2265 1477 2335 sitis.

211 2356 347 2442 inquit,
372 2358 440 2446 filii
458 2357 569 2424 Patris
594 2357 719 2433 uestri,
741 2355 802 2445 qui
824 2356 859 2423 iu
879 2356 978 2422 coelis
1005 2363 1052 2422 est
1076 2351 1277 2440 (Mattius).
1310 2356 1337 2421 0
1359 2363 1481 2440 quanta

211 2445 343 2534 gratial
372 2450 433 2512 Per
450 2465 512 2512 nos
531 2445 618 2512 servi
641 2443 737 2532 digni
760 2463 826 2510 non
853 2463 986 2522 sumus,
1009 2455 1042 2510 et
1067 2463 1125 2530 per
1152 2441 1376 2509 inimicorum
1405 2441 1481 2509 dile-

211 2534 358 2601 ctionem
381 2531 443 2600 lilii
462 2531 519 2600 Dei
536 2531 718 2600 efficimur.
733 2535 851 2618 ltaque
867 2529 988 2600 iratres
1004 2543 1037 2598 et
1052 2531 1182 2598 amicos
1199 2529 1333 2620 diligite
1355 2531 1391 2599 in
1410 2526 1479 2606 neb,

211 2634 243 2689 et
265 2621 424 2690 inimicos
443 2633 579 2709 propter
595 2625 713 2688 Deum.
733 2619 797 2702 Qui
816 2620 908 2687 enim
927 2619 1041 2707 diligit
1059 2621 1266 2707 proximum,
1289 2619 1382 2688 sicut
1407 2617 1482 2686 dicit

212 2713 235 2778 h
262 2709 416 2789 ostolus‚
440 2707 548 2808 legem
575 2708 740 2797 implevit.
768 2709 832 2790 Qui
861 2729 898 2777 er
923 2729 942 2776 o
973 2707 1045 2776 vult
1068 2729 1143 2778 esse
1166 2719 1298 2776 vereat
1323 2725 1483 2796 germane

212 2731 450 2879 Cllristianus,
478 2819 508 2866 rs
536 2797 726 2866 necessario
755 2796 838 2865 haec
865 2729 965 2866 debet
985 2808 1162 2885 praecepta
1181 2795 1369 2864 custodire.
1398 2801 1484 2878 Quae

193 2885 242 2954 ,si
269 2907 336 2954 nou
361 2886 529 2965 observat,
557 2885 629 2972 inse
655 2905 691 2952 se
714 2884 843 2974 decipit
865 2898 897 2954 et
920 2885 1157 2954 circumvenit.
1184 2883 1246 2953 llle
1262 2886 1376 2954 bonus
1395 2883 1485 2953 Chri·

213 2973 347 3045 stianus
361 2988 423 3055 est,
441 2976 501 3061 qui
520 2973 625 3043 nullis
642 2973 864 3062 phylacteriis
889 2973 938 3042 vel
955 2972 1257 3042 adinventionibus
1277 2972 1485 3043 daemonum

212 3063 333 3144 credit,
359 3063 418 3133 sed
446 3084 583 3132 omnem
611 3084 706 3152 spem
737 3084 834 3132 suam
861 3062 990 3133 insola
1014 3061 1279 3152 Christoponit:
1307 3063 1370 3148 qui
1397 3081 1486 3151 pere·

213 3153 332 3310 grinos
349 3165 526 3239 tamquam
556 3151 729 3220 Christum
755 3151 870 3239 ipsum
894 3171 973 3220 oum
1002 3150 1130 3240 gaudio
1154 3150 1290 3240 excipit,
1308 3151 1394 3236 quia
1419 3152 1510 3238 ipset

239 3242 319 3310 icit:
346 3245 472 3344 Hospes
494 3242 559 3329 sui,
587 3249 617 3328 et
640 3242 830 3330 suscepistis
846 3262 921 3322 me;
946 3251 978 3308 et
1003 3241 1171 3322 Quamdiu
1189 3241 1252 3308 uni
1276 3261 1321 3308 aar
1340 3241 1487 3308 minimis

211 3333 293 3400 meis
307 3331 445 3419 secutis
472 3330 560 3399 milri
573 3331 699 3418 fecistis
723 3329 861 3414 (llattb.
881 3335 971 3414 xxv).
991 3327 1063 3410 llle,
1085 3328 1241 3415 inquam,
1260 3327 1373 3397 bonus
1395 3327 1488 3397 Chri-

212 3421 346 3489 stianus
371 3433 431 3500 est,
451 3419 510 3504 qrri
537 3418 731 3507 hospitibus
750 3417 852 3506 pedes
876 3417 975 3496 lavat,
998 3430 1032 3486 et
1054 3439 1112 3486 eos
1133 3430 1308 3504 tamquam
1331 3431 1488 3506 parentes

212 3510 412 3579 carissimos
429 3507 490 3576 dili
518 3508 554 3588 it,
572 3508 631 3592 qui
647 3507 744 3596 juxta
761 3506 853 3593 quod
872 3505 983 3585 habet,
1006 3505 1219 3595 pauperibus
1234 3505 1487 3594 eleemosynam

214 3597 355 3678 tribuit,
377 3597 435 3684 qui
462 3529 516 3664 ad
529 3594 710 3664 ecclesiam
732 3595 853 3664 crebro
876 3595 990 3676 venit,
1013 3609 1044 3662 et
1066 3594 1287 3674 oblationem,
1314 3614 1406 3679 quae
1428 3598 1510 3708 lleop

212 3685 246 3753 in
276 3684 374 3754 altari
404 3685 589 3764 offeratur,
618 3683 777 3764 exhibet;
804 3684 864 3771 qui
889 3683 931 3752 de
959 3682 1130 3752 fructibus
1156 3703 1222 3752 non
1249 3694 1389 3771 gustat,
1426 3680 1489 3750 nisi

212 3773 310 3862 prius
334 3777 400 3842 Deo
419 3772 549 3860 aliquid
580 3773 721 3853 ollerat;
747 3773 807 3861 qui
833 3784 976 3842 stateras
1000 3771 1138 3842 dolosas
1164 3781 1197 3840 et
1222 3769 1406 3839 mensuras
1430 3770 1510 3864 dut

215 3860 320 3962 plices
344 3863 542 3943 nonhabet,
569 3863 629 3948 qui
648 3862 829 3952 pecuniam
852 3883 949 3930 suam
970 3883 1036 3931 nun
1054 3860 1113 3930 dat
1132 3859 1176 3929 ad
1194 3881 1349 3938 usuram,
1377 3860 1440 3946 qui
1460 3867 1510 3926 etl

214 3971 287 4038 ipse
307 3961 398 4018 caste
415 3951 507 4029 vivit,
527 3961 560 4018 et
584 3949 674 4020 lilios
697 3949 748 4018 vel
777 3949 909 4018 vicinos
935 3971 1015 4018 suos
1038 3949 1148 4029 docet,
1175 3961 1214 4018 ut
1236 3961 1328 4017 caste
1350 3959 1383 4016 et
1409 3967 1510 4030 curn,

215 4041 335 4107 timore
365 4039 420 4107 [tei
449 4040 585 4120 vivent3
622 4053 655 4108 et
680 4039 815 4125 quoties
846 4052 983 4108 sanctae
1015 4037 1248 4108 solemnitates
1274 4035 1510 4114 adveniunt,

217 4127 334 4217 plures
358 4125 432 4196 dies
449 4128 643 4196 antestium
660 4149 679 4195 a
698 4128 836 4216 propria
860 4148 965 4197 uxore
981 4148 1017 4195 se
1031 4127 1194 4206 continet,
1216 4135 1255 4195 ut
1274 4144 1395 4194 secura
1414 4145 1490 4192 con·
1509 4191 1510 4196 ,

215 4215 359 4284 seientia
377 4216 417 4284 ad
438 4216 572 4285 Domini
589 4215 696 4284 altare
721 4216 828 4305 possit
851 4216 1025 4284 accedere.
1049 4216 1201 4302 Denique
1215 4214 1273 4301 qui
1292 4211 1490 4302 symbolum
1509 4275 1510 4284 ,

216 4302 448 4392 apostolieum
474 4316 508 4372 et
534 4304 723 4372 orationem
751 4303 962 4374 Dominioam
992 4305 1189 4374 memoriter
1216 4313 1318 4382 tenet,
1344 4313 1376 4370 et
1403 4301 1491 4369 filios

219 4404 321 4478 atque
337 4389 505 4460 familiam
524 4411 622 4460 suam
642 4413 682 4460 ea
697 4391 808 4462 docet.
827 4393 890 4474 Qui
910 4391 988 4460 telis
1003 4405 1065 4472 est,
1085 4393 1115 4462 is
1131 4389 1359 4482 proculdubio
1375 4409 1492 4458 revera
