2960 4824
50 287 114 368 0qu
139 301 177 370 ts
322 321 361 368 nx
385 321 412 368 s.
437 321 605 370 arrarnonx
628 321 775 370 rncurrr.
803 323 976 372 rarusrrn.
1178 309 1243 376 tot

48 405 143 492 quilla
165 406 413 486 asaetrestitus,
430 405 482 475 illi
507 429 625 478 sacrae
644 407 804 477 maxillae
824 409 968 478 incussit
986 409 1186 499 colaphum.
1206 413 1287 482 Ful·

46 517 104 564 uan
131 509 330 564 autemnon
355 493 419 564 luit
451 516 471 565 e
493 496 588 566 coelo
612 496 760 566 missum
785 497 821 566 iu
849 519 930 567 eum
962 498 1022 586 qui
1047 514 1283 589 percusserat:

43 582 131 653 solid
151 583 291 654 omuino
317 605 443 674 passus
469 597 538 666 est,
565 584 626 672 qui
650 585 725 674 ipse
740 607 888 674 ¹qnoque
913 587 948 656 in
972 587 1087 678 seipso
1110 588 1226 660 divine
1249 590 1285 660 id

41 683 98 742 erut
111 693 237 763 masos.
256 671 317 741 Ille
329 695 408 744 vero
425 672 461 774 (o
478 695 681 764 generosum
699 675 870 757 animum,
887 689 920 746 et
936 676 978 746 ad
995 677 1197 768 patiendum
1211 699 1286 748 arn·

39 761 275 832 biliosissimnm
291 761 317 850 l)
335 762 366 831 ei
384 784 444 849 qur
460 763 576 853 ipsum
600 762 770 834 alliciebat
794 764 935 854 injuria,
959 767 1118 856 praebuit
1141 778 1174 835 et
1201 766 1285 836 alte·

38 873 111 930 ram,
133 863 307 940 promptus
330 851 373 922 ad
400 853 613 922 Domiuieam
640 851 750 943 legem
782 853 1007 954 implendam,
1040 867 1072 924 et
1100 875 1138 926 se
1167 876 1285 1012 prom-

37 953 119 1028 ptum
138 940 326 1010 exhibendo
347 938 393 1010 ad
423 941 642 1030 patiendum,
669 942 812 1012 sinaeus
834 942 931 1012 rllam
956 944 1101 1014 niniam
1124 965 1164 1013 oe
1179 944 1283 1014 erita-

36 1041 93 1098 tem
109 1049 222 1100 manus
241 1041 273 1099 at
297 1028 562 1119 impudentiam.
578 1033 649 1100 lloe
665 1029 766 1100 illurn
792 1031 995 1102 insolentem
1016 1045 1049 1103 el
1070 1032 1283 1120 injuriosum

35 1117 307 1206 oepitbominem,
330 1130 364 1188 et
387 1139 514 1209 magno
539 1119 670 1209 pudore
694 1119 817 1201 adeeit,
836 1131 869 1190 et
892 1122 1053 1199 maxime,
1074 1121 1168 1207 quod
1186 1142 1285 1192 acoe-

34 1217 210 1296 pereleum
227 1227 304 1277 esse
317 1207 537 1299 Episcopum,
554 1208 615 1296 qui
632 1207 773 1280 affectus
787 1208 898 1278 luerat
913 1210 1052 1300 injurio.
1074 1210 1170 1280 Unde
1181 1209 1283 1282 etiam

36 1307 177 1375 mutatus,
201 1295 289 1366 litei
315 1295 472 1386 supplex,
498 1309 530 1366 et
554 1297 636 1387 petit
665 1298 820 1378 reniam,
847 1299 1121 1370 inconsideratae
1145 1299 1283 1390 lapsum

35 1383 316 1455 audaciaeeurare
340 1385 550 1456 contendens
572 1385 686 1456 calore
710 1387 950 1476 poenitentiae.
982 1387 1044 1458 llle
1067 1399 1180 1458 autem
1205 1386 1285 1477 (di-

33 1471 142 1543 dicerat
164 1474 268 1556 enim,
284 1473 473 1544 sioutlerre
489 1473 647 1564 injurias,
670 1476 716 1544 ita
729 1475 848 1545 debita
872 1476 1062 1547 remittere:
1082 1477 1190 1546 immo
1206 1495 1284 1546 vero

28 1581 108 1643 eum,
130 1563 189 1650 qui
211 1563 280 1653 ipsi
304 1562 498 1632 molestiam
519 1563 692 1645 attulerat,
712 1565 925 1634 remunerari
949 1565 1065 1650 bouis)
1082 1565 1193 1636 verbis
1206 1565 1284 1652 qui·

29 1648 86 1720 bus
104 1653 219 1741 potuit,
245 1673 324 1721 eum
338 1652 452 1722 affecit
477 1652 654 1734 beneficio,
672 1665 811 1743 paterne
832 1653 1031 1738 consulens,
1048 1667 1083 1724 et
1107 1653 1284 1725 meliorem

29 1740 94 1827 ejus
116 1740 260 1810 reddens
271 1741 438 1810 animam.
464 1744 538 1824 Ouo
554 1741 683 1812 lactum
701 1753 763 1823 est,
790 1754 828 1812 ut
843 1744 1009 1833 quiapud
1035 1749 1282 1834 Imperatorem

28 1829 144 1916 primos
166 1831 313 1899 bonores
341 1829 559 1910 obtinebant,
584 1851 664 1899 eum
690 1843 882 1901 reverenter
909 1845 1208 1922 prosequerentur,
1234 1843 1279 1914 et,

28 1929 60 1986 ut
78 1939 133 2005 par
146 1931 229 1998 arat,
255 1917 421 1988 durarent
434 1917 476 1988 ad
496 1924 754 2009 imperatorem.

62 2006 80 2091 ξ
100 2013 162 2080 11.
180 2013 250 2078 llon
269 2019 352 2078 sunt
365 2021 480 2076 autem
496 2007 810 2095 praetermittenda,
825 2029 914 2096 quae
928 2010 1068 2080 iuterim
1079 2020 1281 2091 evenerunt,

27 2113 104 2179 mae
117 2109 198 2166 suot
207 2095 329 2167 studio
348 2095 466 2186 digna,
491 2107 627 2183 atquae
647 2109 792 2186 possunt
818 2119 979 2189 magnam
1002 2099 1126 2168 adema
1156 2098 1284 2168 utilita-

28 2185 223 2254 temanimis
242 2184 407 2254 studiosis
428 2185 627 2273 sapientiae.
645 2185 772 2256 Videas
797 2185 853 2256 ille
880 2209 1028 2277 magnus
1052 2209 1153 2258 snum
1179 2187 1284 2256 disei-

27 2272 134 2360 palum
155 2273 387 2364 triphyllium
410 2272 600 2362 perfeetum
627 2295 710 2344 mox
736 2275 913 2357 loturum,
947 2289 979 2345 et
998 2276 1032 2346 ei
1058 2275 1221 2346 similem:
1248 2275 1282 2344 in

29 2364 204 2448 praesentia
224 2383 380 2442 ueroea,
407 2362 557 2450 quaein
581 2363 712 2433 mundo
736 2375 817 2434 sunt
841 2385 978 2454 magna,
1005 2377 1037 2435 et
1064 2387 1126 2456 pro
1153 2363 1282 2452 quibua

33 2449 116 2518 malti
132 2473 209 2521 esse
231 2450 511 2522 amttandendum
536 2451 743 2534 existimant,
766 2473 892 2542 magna
919 2475 993 2524 esse
1013 2454 1282 2532 existimantem,

30 2549 63 2604 ut
82 2541 130 2624 qui
149 2551 238 2611 esset
262 2539 377 2610 adhue
394 2551 502 2610 aetate
517 2540 667 2628 juvenis,
686 2555 721 2612 et
744 2541 885 2611 haberet
903 2555 1045 2613 aetatem
1063 2542 1105 2614 ad
1127 2542 1191 2612 boo
1209 2542 1284 2631 opi-

28 2625 189 2724 tulantem,
204 2640 239 2699 et
262 2649 302 2698 ea
325 2628 464 2716 quidem
481 2629 726 2710 admirantem,
744 2644 947 2717 quaeerunt
967 2633 1002 2702 in
1028 2633 1142 2721 regia:
1162 2643 1281 2710 vestes,

28 2735 167 2801 inquam,
181 2717 396 2807 splendidas,
415 2729 448 2788 et
466 2719 543 2788 auri
559 2718 717 2799 nitorem
734 2731 862 2789 etanta
878 2720 994 2790 omnia
1014 2720 1178 2808 quidemi
1207 2741 1282 2790 sum

24 2805 268 2892 lmperatorem,
294 2806 409 2894 quiin
434 2806 567 2876 excelso
591 2807 730 2894 quidem
755 2808 983 2897 praesidebat,
1006 2741 1284 2898 conspersioni

24 2911 91 2961 raro
115 2894 290 2976 terribilis,
307 2908 342 2965 et
365 2895 478 2986 speeie
500 2895 663 2986 insignis;
688 2917 768 2966 oum
788 2907 926 2986 propter
950 2897 1166 2967 haecomnia
1190 2897 1282 2966 vide·

23 2993 66 3048 ret
83 3003 160 3050 eum
177 2995 269 3053 stare
283 2983 469 3054 sublimem
492 2995 526 3054 et
548 2997 711 3066 ereetum,
725 2997 762 3054 et
784 2986 882 3072 quasi
908 3007 928 3055 a
956 3007 992 3055 se
1014 2986 1225 3069 disoessisse,
1246 2985 1283 3055 ei

23 3067 113 3140 teluti
129 3093 293 3142 somnum
318 3071 464 3154 solvens,
483 3084 619 3159 atquae
639 3095 715 3142 vere
738 3073 885 3144 habebat
905 3075 1052 3154 somnia,
1072 3097 1181 3144 manu
1207 3074 1283 3165 pal·

21 3171 146 3244 panset
168 3160 365 3252 depellens:
391 3160 493 3231 «sad
526 3161 624 3244 milri,
657 3161 789 3249 iuquit,
817 3162 1007 3253 l'rt'pbylli,
1039 3162 1138 3232 illum
1166 3163 1281 3253 ipsum

21 3249 153 3319 ostende
176 3255 439 3340 imperatorem:
460 3271 571 3337 neque
593 3249 686 3318 enim
712 3271 853 3340 possum
878 3252 977 3334 scire,
1003 3252 1170 3339 quianam
1189 3253 1283 3322 sit.»

21 3337 174 3408 {sautem
195 3361 264 3409 non
289 3338 498 3429 intelligens,
514 3337 599 3426 quid
614 3359 762 3428 maguus
786 3338 852 3410 sibi
872 3339 971 3409 vellet
989 3340 1170 3429 Spiridon;
1187 3339 1283 3410 «llio

18 3438 72 3507 est,
93 3428 219 3515 inquit,
246 3427 553 3498 maouostendens
575 3432 834 3518 imperatorem.
854 3451 873 3496 n
896 3467 941 3484 -·
964 3429 1087 3512 «Quid
1114 3441 1165 3499 ast
1187 3449 1281 3518 ergo,

21 3511 122 3610 lnquit
143 3516 319 3607 Spirldon,
346 3517 402 3586 bie
426 3516 504 3586 aliis
528 3515 791 3595 admirabilior,
820 3517 887 3588 nisi
919 3539 999 3588 euru
1023 3519 1126 3588 etiam
1155 3518 1283 3586 dixeris

18 3607 189 3688 laetiorem
217 3605 267 3676 nb
301 3605 428 3676 fastum
449 3618 481 3676 et
505 3605 749 3696 splendorem?
772 3609 844 3676 Nou
869 3627 978 3695 aeque
999 3629 1039 3677 aa
1060 3607 1174 3694 quivis
1200 3627 1284 3697 pau-

22 3695 235 3788 perignotae
261 3695 448 3776 morietur;
475 3694 634 3764 similiter
669 3715 748 3765 vern
778 3694 976 3785 sepulturae
1007 3695 1229 3768 mandabitur
1251 3705 1284 3764 et

23 3783 188 3864 interibit;
221 3782 381 3854 similiter
404 3805 541 3874 quoque
573 3784 713 3854 sistetur
735 3795 815 3854 aute
844 3783 1085 3875 incorruptum
1105 3783 1286 3875 judioem‘l

19 3871 76 3939 Gur
96 3893 188 3961 quae
204 3871 331 3953 lluunt,
350 3884 530 3961 tamquam
545 3893 634 3960 quae
658 3885 740 3943 sunt
763 3873 913 3956 stabilia,
940 3873 1109 3944 honoras:
1138 3883 1172 3942 et
1194 3893 1284 3961 quae

23 3957 95 4029 nihil
119 3971 217 4043 sunt,
237 3961 350 4032 babes
371 3962 408 4031 iu
433 3961 672 4048 admiratione,
695 3984 779 4032 oum
796 3962 876 4034 lioet
892 3962 1006 4054 potius
1023 3983 1075 4044 ea,
1096 3983 1186 4050 quae
1203 3973 1285 4034 sunt

26 4053 173 4120 natoriae
195 4051 346 4141 expertia
367 4062 402 4120 et
425 4064 574 4131 aeterna,
595 4071 777 4139 quaerere,
806 4066 839 4123 et
862 4051 1007 4144 gloriam
1034 4073 1153 4126 ,amare
1175 4051 1284 4121 εοεΙε-

28 4145 106 4220 ttem,
135 4140 173 4208 in
198 4159 302 4230 quam
329 4160 396 4208 nnn
422 4139 515 4210 radit
539 4141 722 4210 interitus?
746 4163 765 4209 a

57 4231 74 4304 i
96 4231 168 4301 18.
182 4232 265 4298 Cum
284 4227 369 4298 liaeo
384 4241 498 4298 autem
516 4227 644 4298 dioeret
666 4227 869 4319 Triphyllin,
889 4235 1079 4319 Imperator
1092 4251 1133 4299 ex
1150 4229 1284 4301 enoelso

31 4311 233 4386 planetilia
254 4322 419 4398 Sanenrm
443 4317 586 4405 oonjioit
609 4315 744 4398 oraton
759 4331 794 4387 et
806 4320 961 4408 primum
974 4317 1119 4406 quidem
1131 4341 1214 4390 eum
1232 4332 1282 4390 at-

29 4402 167 4476 aalma
177 4405 322 4478 babitus
336 4419 370 4477 et
382 4407 548 4487 amiotus,
564 4405 708 4486 lurmae,
721 4427 813 4493 quae
829 4407 901 4476 visa
918 4406 1044 4484 virrorat,
1063 4408 1280 4478 conveniens.
