<?xml version="1.0" encoding="UTF-8"?>
<!DOCTYPE html PUBLIC "-//W3C//DTD XHTML 1.0 Transitional//EN"
    "http://www.w3.org/TR/xhtml1/DTD/xhtml1-transitional.dtd">
<html xmlns="http://www.w3.org/1999/xhtml" xml:lang="en" lang="en">
 <head>
  <title>
</title>
<meta http-equiv="Content-Type" content="text/html;charset=utf-8" />
  <meta name='ocr-system' content='tesseract 3.04.00' />
  <meta name='ocr-capabilities' content='ocr_page ocr_carea ocr_par ocr_line ocrx_word'/>
</head>
<body>
  <div class='ocr_page' id='page_1' title='image "./historiaeseuvit00lippgoog_0164.png"; bbox 0 0 2994 4832; ppageno 0'>
   <div class='ocr_carea' id='block_1_1' title="bbox 43 311 1230 376">
    <p class='ocr_par' dir='ltr' id='par_1_1' title="bbox 43 311 1230 376">
     <span class='ocr_line' id='line_1_1' title="bbox 43 311 1230 376; baseline 0 -2"><span class='ocrx_word' id='word_1_1' title='bbox 43 311 142 374; x_wconf 66' lang='lat' dir='ltr'><strong>blut</strong></span> <span class='ocrx_word' id='word_1_2' title='bbox 396 327 434 374; x_wconf 86' lang='lat' dir='ltr'><strong>nr</strong></span> <span class='ocrx_word' id='word_1_3' title='bbox 457 329 484 374; x_wconf 82' lang='lat' dir='ltr'><strong>s.</strong></span> <span class='ocrx_word' id='word_1_4' title='bbox 510 327 587 374; x_wconf 81' lang='lat' dir='ltr'><strong>sxax</strong></span> <span class='ocrx_word' id='word_1_5' title='bbox 611 328 684 374; x_wconf 74' lang='lat' dir='ltr'><strong>aaa.</strong></span> <span class='ocrx_word' id='word_1_6' title='bbox 710 327 747 374; x_wconf 89' lang='lat' dir='ltr'><strong>xr</strong></span> <span class='ocrx_word' id='word_1_7' title='bbox 771 327 864 376; x_wconf 87' lang='lat' dir='ltr'><strong>conr.</strong></span> <span class='ocrx_word' id='word_1_8' title='bbox 1157 312 1230 376; x_wconf 79' lang='lat' dir='ltr'><strong>lll-</strong></span> 
     </span>
    </p>
   </div>
   <div class='ocr_carea' id='block_1_2' title="bbox 25 411 1271 2369">
    <p class='ocr_par' dir='ltr' id='par_1_2' title="bbox 25 411 1268 1836">
     <span class='ocr_line' id='line_1_2' title="bbox 42 411 1262 502; baseline 0 -22"><span class='ocrx_word' id='word_1_9' title='bbox 42 412 124 480; x_wconf 86' lang='lat' dir='ltr'><strong>adbuc</strong></span> <span class='ocrx_word' id='word_1_10' title='bbox 147 411 305 480; x_wconf 77' lang='lat' dir='ltr'><strong>deerant:</strong></span> <span class='ocrx_word' id='word_1_11' title='bbox 337 411 521 482; x_wconf 74' lang='lat' dir='ltr'><strong>construxit</strong></span> <span class='ocrx_word' id='word_1_12' title='bbox 543 432 622 502; x_wconf 84' lang='lat' dir='ltr'><strong>vero</strong></span> <span class='ocrx_word' id='word_1_13' title='bbox 653 412 843 482; x_wconf 88' lang='lat' dir='ltr'><strong>circaeam</strong></span> <span class='ocrx_word' id='word_1_14' title='bbox 876 433 1012 500; x_wconf 93' lang='lat' dir='ltr'><strong>quoque</strong></span> <span class='ocrx_word' id='word_1_15' title='bbox 1044 413 1262 484; x_wconf 88' lang='lat' dir='ltr'><strong>monasteria.</strong></span> 
     </span>
     <span class='ocr_line' id='line_1_3' title="bbox 43 500 1266 590; baseline 0.002 -22"><span class='ocrx_word' id='word_1_16' title='bbox 43 501 134 568; x_wconf 79' lang='lat' dir='ltr'><strong>Deinde</strong></span> <span class='ocrx_word' id='word_1_17' title='bbox 154 500 307 572; x_wconf 85' lang='lat' dir='ltr'><strong>aedificat</strong></span> <span class='ocrx_word' id='word_1_18' title='bbox 331 500 430 570; x_wconf 91' lang='lat' dir='ltr'><strong>etiam</strong></span> <span class='ocrx_word' id='word_1_19' title='bbox 447 500 586 570; x_wconf 86' lang='lat' dir='ltr'><strong>domum</strong></span> <span class='ocrx_word' id='word_1_20' title='bbox 612 500 654 570; x_wconf 91' lang='lat' dir='ltr'><strong>ad</strong></span> <span class='ocrx_word' id='word_1_21' title='bbox 681 521 805 590; x_wconf 88' lang='lat' dir='ltr'><strong>panem</strong></span> <span class='ocrx_word' id='word_1_22' title='bbox 831 500 1042 570; x_wconf 86' lang='lat' dir='ltr'><strong>faciendum.</strong></span> <span class='ocrx_word' id='word_1_23' title='bbox 1065 502 1266 571; x_wconf 84' lang='lat' dir='ltr'><strong>Fabrieatnr</strong></span> 
     </span>
     <span class='ocr_line' id='line_1_4' title="bbox 40 589 1266 686; baseline 0.002 -28"><span class='ocrx_word' id='word_1_24' title='bbox 40 589 112 658; x_wconf 84' lang='lat' dir='ltr'><strong>etiarn</strong></span> <span class='ocrx_word' id='word_1_25' title='bbox 141 591 395 668; x_wconf 86' lang='lat' dir='ltr'><strong>nosocomium,</strong></span> <span class='ocrx_word' id='word_1_26' title='bbox 422 602 453 658; x_wconf 93' lang='lat' dir='ltr'><strong>et</strong></span> <span class='ocrx_word' id='word_1_27' title='bbox 483 611 651 686; x_wconf 85' lang='lat' dir='ltr'><strong>aquarum</strong></span> <span class='ocrx_word' id='word_1_28' title='bbox 684 611 822 679; x_wconf 91' lang='lat' dir='ltr'><strong>quoquc</strong></span> <span class='ocrx_word' id='word_1_29' title='bbox 854 589 1071 678; x_wconf 89' lang='lat' dir='ltr'><strong>receptacula</strong></span> <span class='ocrx_word' id='word_1_30' title='bbox 1098 591 1266 660; x_wconf 81' lang='lat' dir='ltr'><strong>construit</strong></span> 
     </span>
     <span class='ocr_line' id='line_1_5' title="bbox 37 678 1265 768; baseline 0.002 -23"><span class='ocrx_word' id='word_1_31' title='bbox 37 689 140 766; x_wconf 88' lang='lat' dir='ltr'><strong>propter</strong></span> <span class='ocrx_word' id='word_1_32' title='bbox 164 689 356 748; x_wconf 84' lang='lat' dir='ltr'><strong>torrentem.</strong></span> <span class='ocrx_word' id='word_1_33' title='bbox 390 678 555 760; x_wconf 81' lang='lat' dir='ltr'><strong>Quoniam</strong></span> <span class='ocrx_word' id='word_1_34' title='bbox 581 689 696 750; x_wconf 90' lang='lat' dir='ltr'><strong>autem</strong></span> <span class='ocrx_word' id='word_1_35' title='bbox 723 699 834 766; x_wconf 88' lang='lat' dir='ltr'><strong>neque</strong></span> <span class='ocrx_word' id='word_1_36' title='bbox 857 678 949 768; x_wconf 90' lang='lat' dir='ltr'><strong>quod</strong></span> <span class='ocrx_word' id='word_1_37' title='bbox 980 679 1011 748; x_wconf 92' lang='lat' dir='ltr'><strong>ei</strong></span> <span class='ocrx_word' id='word_1_38' title='bbox 1037 679 1133 768; x_wconf 87' lang='lat' dir='ltr'><strong>prius</strong></span> <span class='ocrx_word' id='word_1_39' title='bbox 1157 701 1265 768; x_wconf 90' lang='lat' dir='ltr'><strong>appa·</strong></span> 
     </span>
     <span class='ocr_line' id='line_1_6' title="bbox 36 765 1268 860; baseline 0.002 -26"><span class='ocrx_word' id='word_1_40' title='bbox 36 777 158 836; x_wconf 90' lang='lat' dir='ltr'><strong>ruerata</strong></span> <span class='ocrx_word' id='word_1_41' title='bbox 181 771 246 836; x_wconf 87' lang='lat' dir='ltr'><strong>Deo</strong></span> <span class='ocrx_word' id='word_1_42' title='bbox 269 765 443 836; x_wconf 90' lang='lat' dir='ltr'><strong>conditum</strong></span> <span class='ocrx_word' id='word_1_43' title='bbox 469 767 649 860; x_wconf 81' lang='lat' dir='ltr'><strong>templum,</strong></span> <span class='ocrx_word' id='word_1_44' title='bbox 677 767 799 856; x_wconf 85' lang='lat' dir='ltr'><strong>synaxi</strong></span> <span class='ocrx_word' id='word_1_45' title='bbox 823 765 968 837; x_wconf 87' lang='lat' dir='ltr'><strong>fratrum</strong></span> <span class='ocrx_word' id='word_1_46' title='bbox 994 766 1208 838; x_wconf 88' lang='lat' dir='ltr'><strong>sufficiebat:</strong></span> <span class='ocrx_word' id='word_1_47' title='bbox 1235 780 1268 836; x_wconf 91' lang='lat' dir='ltr'><strong>et</strong></span> 
     </span>
     <span class='ocr_line' id='line_1_7' title="bbox 33 855 1264 947; baseline 0.002 -25"><span class='ocrx_word' id='word_1_48' title='bbox 33 876 124 926; x_wconf 86' lang='lat' dir='ltr'><strong>rursus</strong></span> <span class='ocrx_word' id='word_1_49' title='bbox 133 855 312 926; x_wconf 89' lang='lat' dir='ltr'><strong>multitudo</strong></span> <span class='ocrx_word' id='word_1_50' title='bbox 325 856 574 938; x_wconf 75' lang='lat' dir='ltr'><strong>Armeniorum,</strong></span> <span class='ocrx_word' id='word_1_51' title='bbox 586 857 725 927; x_wconf 92' lang='lat' dir='ltr'><strong>oratorii</strong></span> <span class='ocrx_word' id='word_1_52' title='bbox 734 856 961 946; x_wconf 79' lang='lat' dir='ltr'><strong>exsuperabat</strong></span> <span class='ocrx_word' id='word_1_53' title='bbox 975 856 1264 947; x_wconf 82' lang='lat' dir='ltr'><strong>magnitudinem,</strong></span> 
     </span>
     <span class='ocr_line' id='line_1_8' title="bbox 30 941 1267 1035; baseline 0.004 -26"><span class='ocrx_word' id='word_1_54' title='bbox 30 941 138 1012; x_wconf 87' lang='lat' dir='ltr'><strong>alteram</strong></span> <span class='ocrx_word' id='word_1_55' title='bbox 161 944 277 1014; x_wconf 88' lang='lat' dir='ltr'><strong>aedem</strong></span> <span class='ocrx_word' id='word_1_56' title='bbox 301 946 425 1013; x_wconf 90' lang='lat' dir='ltr'><strong>excitat</strong></span> <span class='ocrx_word' id='word_1_57' title='bbox 447 945 568 1016; x_wconf 88' lang='lat' dir='ltr'><strong>beatus</strong></span> <span class='ocrx_word' id='word_1_58' title='bbox 592 946 699 1016; x_wconf 84' lang='lat' dir='ltr'><strong>Sabas</strong></span> <span class='ocrx_word' id='word_1_59' title='bbox 724 945 767 1014; x_wconf 92' lang='lat' dir='ltr'><strong>ab</strong></span> <span class='ocrx_word' id='word_1_60' title='bbox 794 945 879 1035; x_wconf 88' lang='lat' dir='ltr'><strong>ipsis</strong></span> <span class='ocrx_word' id='word_1_61' title='bbox 909 945 1156 1026; x_wconf 86' lang='lat' dir='ltr'><strong>fundamentis,</strong></span> <span class='ocrx_word' id='word_1_62' title='bbox 1179 967 1267 1032; x_wconf 92' lang='lat' dir='ltr'><strong>quae</strong></span> 
     </span>
     <span class='ocr_line' id='line_1_9' title="bbox 28 1033 1267 1123; baseline 0.006 -26"><span class='ocrx_word' id='word_1_63' title='bbox 28 1045 124 1100; x_wconf 86' lang='lat' dir='ltr'><strong>ornatu</strong></span> <span class='ocrx_word' id='word_1_64' title='bbox 146 1044 177 1101; x_wconf 93' lang='lat' dir='ltr'><strong>ct</strong></span> <span class='ocrx_word' id='word_1_65' title='bbox 203 1033 443 1123; x_wconf 83' lang='lat' dir='ltr'><strong>magnitudine</strong></span> <span class='ocrx_word' id='word_1_66' title='bbox 467 1033 562 1102; x_wconf 89' lang='lat' dir='ltr'><strong>nulla</strong></span> <span class='ocrx_word' id='word_1_67' title='bbox 593 1047 665 1104; x_wconf 90' lang='lat' dir='ltr'><strong>erat</strong></span> <span class='ocrx_word' id='word_1_68' title='bbox 693 1034 799 1104; x_wconf 84' lang='lat' dir='ltr'><strong>altera</strong></span> <span class='ocrx_word' id='word_1_69' title='bbox 831 1033 994 1115; x_wconf 80' lang='lat' dir='ltr'><strong>inleri0r3</strong></span> <span class='ocrx_word' id='word_1_70' title='bbox 1028 1056 1174 1122; x_wconf 90' lang='lat' dir='ltr'><strong>eamque</strong></span> <span class='ocrx_word' id='word_1_71' title='bbox 1201 1039 1267 1104; x_wconf 87' lang='lat' dir='ltr'><strong>Deo</strong></span> 
     </span>
     <span class='ocr_line' id='line_1_10' title="bbox 26 1121 1267 1214; baseline 0.003 -26"><span class='ocrx_word' id='word_1_72' title='bbox 26 1134 181 1190; x_wconf 87' lang='lat' dir='ltr'><strong>consecrat.</strong></span> <span class='ocrx_word' id='word_1_73' title='bbox 206 1125 298 1204; x_wconf 86' lang='lat' dir='ltr'><strong>Quae</strong></span> <span class='ocrx_word' id='word_1_74' title='bbox 321 1121 463 1208; x_wconf 88' lang='lat' dir='ltr'><strong>quidem</strong></span> <span class='ocrx_word' id='word_1_75' title='bbox 487 1145 566 1192; x_wconf 81' lang='lat' dir='ltr'><strong>cunt</strong></span> <span class='ocrx_word' id='word_1_76' title='bbox 593 1125 637 1192; x_wconf 93' lang='lat' dir='ltr'><strong>ab</strong></span> <span class='ocrx_word' id='word_1_77' title='bbox 660 1123 755 1204; x_wconf 86' lang='lat' dir='ltr'><strong>Elia,</strong></span> <span class='ocrx_word' id='word_1_78' title='bbox 782 1123 844 1214; x_wconf 93' lang='lat' dir='ltr'><strong>qui</strong></span> <span class='ocrx_word' id='word_1_79' title='bbox 869 1137 950 1194; x_wconf 92' lang='lat' dir='ltr'><strong>tunc</strong></span> <span class='ocrx_word' id='word_1_80' title='bbox 975 1122 1145 1194; x_wconf 80' lang='lat' dir='ltr'><strong>Ecclesiae</strong></span> <span class='ocrx_word' id='word_1_81' title='bbox 1171 1145 1267 1213; x_wconf 91' lang='lat' dir='ltr'><strong>prae·</strong></span> 
     </span>
     <span class='ocr_line' id='line_1_11' title="bbox 25 1210 1268 1302; baseline 0.005 -26"><span class='ocrx_word' id='word_1_82' title='bbox 25 1221 92 1286; x_wconf 85' lang='lat' dir='ltr'><strong>erat,</strong></span> <span class='ocrx_word' id='word_1_83' title='bbox 113 1211 150 1278; x_wconf 92' lang='lat' dir='ltr'><strong>de</strong></span> <span class='ocrx_word' id='word_1_84' title='bbox 172 1232 264 1280; x_wconf 89' lang='lat' dir='ltr'><strong>more</strong></span> <span class='ocrx_word' id='word_1_85' title='bbox 286 1210 408 1280; x_wconf 83' lang='lat' dir='ltr'><strong>luisset</strong></span> <span class='ocrx_word' id='word_1_86' title='bbox 432 1211 605 1292; x_wconf 91' lang='lat' dir='ltr'><strong>dedicata,</strong></span> <span class='ocrx_word' id='word_1_87' title='bbox 634 1211 711 1283; x_wconf 90' lang='lat' dir='ltr'><strong>illas</strong></span> <span class='ocrx_word' id='word_1_88' title='bbox 734 1213 875 1300; x_wconf 90' lang='lat' dir='ltr'><strong>quidem</strong></span> <span class='ocrx_word' id='word_1_89' title='bbox 900 1234 1018 1283; x_wconf 88' lang='lat' dir='ltr'><strong>sacras</strong></span> <span class='ocrx_word' id='word_1_90' title='bbox 1041 1212 1185 1282; x_wconf 82' lang='lat' dir='ltr'><strong>fratrum</strong></span> <span class='ocrx_word' id='word_1_91' title='bbox 1212 1235 1268 1302; x_wconf 84' lang='lat' dir='ltr'><strong>sy·</strong></span> 
     </span>
     <span class='ocr_line' id='line_1_12' title="bbox 25 1298 1268 1391; baseline 0.008 -29"><span class='ocrx_word' id='word_1_92' title='bbox 25 1319 109 1368; x_wconf 83' lang='lat' dir='ltr'><strong>nares</strong></span> <span class='ocrx_word' id='word_1_93' title='bbox 127 1298 191 1368; x_wconf 92' lang='lat' dir='ltr'><strong>illic</strong></span> <span class='ocrx_word' id='word_1_94' title='bbox 210 1300 311 1389; x_wconf 89' lang='lat' dir='ltr'><strong>jubet</strong></span> <span class='ocrx_word' id='word_1_95' title='bbox 337 1299 501 1390; x_wconf 85' lang='lat' dir='ltr'><strong>deinceps</strong></span> <span class='ocrx_word' id='word_1_96' title='bbox 528 1302 671 1391; x_wconf 84' lang='lat' dir='ltr'><strong>peragi:</strong></span> <span class='ocrx_word' id='word_1_97' title='bbox 699 1301 938 1372; x_wconf 76' lang='lat' dir='ltr'><strong>Armeniorum</strong></span> <span class='ocrx_word' id='word_1_98' title='bbox 965 1313 1079 1372; x_wconf 91' lang='lat' dir='ltr'><strong>autem</strong></span> <span class='ocrx_word' id='word_1_99' title='bbox 1112 1301 1268 1372; x_wconf 88' lang='lat' dir='ltr'><strong>multitu-</strong></span> 
     </span>
     <span class='ocr_line' id='line_1_13' title="bbox 26 1385 1268 1480; baseline 0.006 -28"><span class='ocrx_word' id='word_1_100' title='bbox 26 1385 117 1455; x_wconf 89' lang='lat' dir='ltr'><strong>dinem</strong></span> <span class='ocrx_word' id='word_1_101' title='bbox 136 1387 291 1457; x_wconf 83' lang='lat' dir='ltr'><strong>transfert</strong></span> <span class='ocrx_word' id='word_1_102' title='bbox 320 1388 353 1456; x_wconf 94' lang='lat' dir='ltr'><strong>in</strong></span> <span class='ocrx_word' id='word_1_103' title='bbox 377 1387 462 1458; x_wconf 91' lang='lat' dir='ltr'><strong>illud</strong></span> <span class='ocrx_word' id='word_1_104' title='bbox 489 1389 646 1460; x_wconf 89' lang='lat' dir='ltr'><strong>divinum</strong></span> <span class='ocrx_word' id='word_1_105' title='bbox 673 1391 866 1480; x_wconf 89' lang='lat' dir='ltr'><strong>templum,</strong></span> <span class='ocrx_word' id='word_1_106' title='bbox 893 1390 978 1460; x_wconf 91' lang='lat' dir='ltr'><strong>adeo</strong></span> <span class='ocrx_word' id='word_1_107' title='bbox 1003 1403 1041 1458; x_wconf 93' lang='lat' dir='ltr'><strong>ut</strong></span> <span class='ocrx_word' id='word_1_108' title='bbox 1065 1389 1268 1460; x_wconf 80' lang='lat' dir='ltr'><strong>Christianis</strong></span> 
     </span>
     <span class='ocr_line' id='line_1_14' title="bbox 26 1474 1268 1570; baseline 0.005 -28"><span class='ocrx_word' id='word_1_109' title='bbox 26 1474 138 1561; x_wconf 89' lang='lat' dir='ltr'><strong>quidem</strong></span> <span class='ocrx_word' id='word_1_110' title='bbox 160 1490 322 1546; x_wconf 90' lang='lat' dir='ltr'><strong>consueta</strong></span> <span class='ocrx_word' id='word_1_111' title='bbox 345 1476 562 1568; x_wconf 84' lang='lat' dir='ltr'><strong>glorificatio,</strong></span> <span class='ocrx_word' id='word_1_112' title='bbox 581 1479 707 1568; x_wconf 89' lang='lat' dir='ltr'><strong>etipsa</strong></span> <span class='ocrx_word' id='word_1_113' title='bbox 730 1478 906 1570; x_wconf 86' lang='lat' dir='ltr'><strong>Evangelii</strong></span> <span class='ocrx_word' id='word_1_114' title='bbox 927 1477 1037 1558; x_wconf 87' lang='lat' dir='ltr'><strong>lectio,</strong></span> <span class='ocrx_word' id='word_1_115' title='bbox 1057 1500 1146 1566; x_wconf 90' lang='lat' dir='ltr'><strong>quae</strong></span> <span class='ocrx_word' id='word_1_116' title='bbox 1170 1479 1209 1547; x_wconf 87' lang='lat' dir='ltr'><strong>fit</strong></span> <span class='ocrx_word' id='word_1_117' title='bbox 1226 1479 1268 1548; x_wconf 91' lang='lat' dir='ltr'><strong>iis</strong></span> 
     </span>
     <span class='ocr_line' id='line_1_15' title="bbox 25 1565 1267 1658; baseline 0.003 -28"><span class='ocrx_word' id='word_1_118' title='bbox 25 1565 70 1648; x_wconf 86' lang='lat' dir='ltr'><strong>qui</strong></span> <span class='ocrx_word' id='word_1_119' title='bbox 94 1578 164 1635; x_wconf 92' lang='lat' dir='ltr'><strong>sunt</strong></span> <span class='ocrx_word' id='word_1_120' title='bbox 188 1579 395 1654; x_wconf 90' lang='lat' dir='ltr'><strong>praesentes,</strong></span> <span class='ocrx_word' id='word_1_121' title='bbox 419 1568 557 1658; x_wconf 92' lang='lat' dir='ltr'><strong>proprio</strong></span> <span class='ocrx_word' id='word_1_122' title='bbox 581 1587 701 1638; x_wconf 90' lang='lat' dir='ltr'><strong>corum</strong></span> <span class='ocrx_word' id='word_1_123' title='bbox 727 1589 884 1638; x_wconf 90' lang='lat' dir='ltr'><strong>sermone</strong></span> <span class='ocrx_word' id='word_1_124' title='bbox 908 1567 1134 1657; x_wconf 88' lang='lat' dir='ltr'><strong>impleretur:</strong></span> <span class='ocrx_word' id='word_1_125' title='bbox 1162 1565 1267 1636; x_wconf 90' lang='lat' dir='ltr'><strong>simul</strong></span> 
     </span>
     <span class='ocr_line' id='line_1_16' title="bbox 26 1653 1268 1738; baseline 0.005 -20"><span class='ocrx_word' id='word_1_126' title='bbox 26 1671 87 1718; x_wconf 78' lang='lat' dir='ltr'><strong>tero</strong></span> <span class='ocrx_word' id='word_1_127' title='bbox 106 1655 271 1724; x_wconf 78' lang='lat' dir='ltr'><strong>corneliis</strong></span> <span class='ocrx_word' id='word_1_128' title='bbox 300 1653 418 1725; x_wconf 87' lang='lat' dir='ltr'><strong>divina</strong></span> <span class='ocrx_word' id='word_1_129' title='bbox 448 1669 625 1726; x_wconf 91' lang='lat' dir='ltr'><strong>sumerent</strong></span> <span class='ocrx_word' id='word_1_130' title='bbox 650 1669 890 1738; x_wconf 89' lang='lat' dir='ltr'><strong>sacramenta,</strong></span> <span class='ocrx_word' id='word_1_131' title='bbox 921 1669 954 1726; x_wconf 90' lang='lat' dir='ltr'><strong>at</strong></span> <span class='ocrx_word' id='word_1_132' title='bbox 980 1655 1076 1726; x_wconf 88' lang='lat' dir='ltr'><strong>fieret</strong></span> <span class='ocrx_word' id='word_1_133' title='bbox 1103 1656 1268 1726; x_wconf 91' lang='lat' dir='ltr'><strong>omnibus</strong></span> 
     </span>
     <span class='ocr_line' id='line_1_17' title="bbox 28 1744 577 1836; baseline 0.011 -30"><span class='ocrx_word' id='word_1_134' title='bbox 28 1744 191 1814; x_wconf 83' lang='lat' dir='ltr'><strong>eommunis</strong></span> <span class='ocrx_word' id='word_1_135' title='bbox 207 1765 327 1814; x_wconf 87' lang='lat' dir='ltr'><strong>eorum</strong></span> <span class='ocrx_word' id='word_1_136' title='bbox 349 1745 577 1836; x_wconf 90' lang='lat' dir='ltr'><strong>participatio.</strong></span> 
     </span>
    </p>

    <p class='ocr_par' dir='ltr' id='par_1_3' title="bbox 31 1831 1271 2369">
     <span class='ocr_line' id='line_1_18' title="bbox 61 1831 1267 1924; baseline -0.002 -22"><span class='ocrx_word' id='word_1_137' title='bbox 61 1831 75 1912; x_wconf 68' lang='lat' dir='ltr'><strong>l</strong></span> <span class='ocrx_word' id='word_1_138' title='bbox 94 1834 163 1902; x_wconf 72' lang='lat'><strong>82.</strong></span> <span class='ocrx_word' id='word_1_139' title='bbox 187 1837 266 1902; x_wconf 84' lang='lat' dir='ltr'><strong>Cum</strong></span> <span class='ocrx_word' id='word_1_140' title='bbox 293 1831 346 1902; x_wconf 91' lang='lat' dir='ltr'><strong>sic</strong></span> <span class='ocrx_word' id='word_1_141' title='bbox 365 1855 447 1922; x_wconf 82' lang='lat' dir='ltr'><strong>ergo</strong></span> <span class='ocrx_word' id='word_1_142' title='bbox 463 1857 500 1904; x_wconf 90' lang='lat' dir='ltr'><strong>se</strong></span> <span class='ocrx_word' id='word_1_143' title='bbox 514 1847 646 1924; x_wconf 88' lang='lat' dir='ltr'><strong>gereret</strong></span> <span class='ocrx_word' id='word_1_144' title='bbox 663 1834 780 1915; x_wconf 90' lang='lat' dir='ltr'><strong>Sabas,</strong></span> <span class='ocrx_word' id='word_1_145' title='bbox 800 1846 833 1904; x_wconf 91' lang='lat' dir='ltr'><strong>et</strong></span> <span class='ocrx_word' id='word_1_146' title='bbox 856 1839 1003 1904; x_wconf 87' lang='lat' dir='ltr'><strong>Lauram</strong></span> <span class='ocrx_word' id='word_1_147' title='bbox 1020 1845 1053 1903; x_wconf 89' lang='lat' dir='ltr'><strong>et</strong></span> <span class='ocrx_word' id='word_1_148' title='bbox 1069 1832 1267 1904; x_wconf 87' lang='lat' dir='ltr'><strong>Castellium</strong></span> 
     </span>
     <span class='ocr_line' id='line_1_19' title="bbox 31 1919 1270 2014; baseline 0.006 -31"><span class='ocrx_word' id='word_1_149' title='bbox 31 1919 149 2014; x_wconf 84' lang='lat' dir='ltr'><strong>quotidie</strong></span> <span class='ocrx_word' id='word_1_150' title='bbox 163 1935 299 2011; x_wconf 88' lang='lat' dir='ltr'><strong>angeret</strong></span> <span class='ocrx_word' id='word_1_151' title='bbox 313 1922 494 2004; x_wconf 89' lang='lat' dir='ltr'><strong>aedificiis,</strong></span> <span class='ocrx_word' id='word_1_152' title='bbox 514 1936 546 1992; x_wconf 89' lang='lat' dir='ltr'><strong>et</strong></span> <span class='ocrx_word' id='word_1_153' title='bbox 562 1921 707 1994; x_wconf 91' lang='lat' dir='ltr'><strong>lratrum</strong></span> <span class='ocrx_word' id='word_1_154' title='bbox 725 1923 995 2004; x_wconf 86' lang='lat' dir='ltr'><strong>accessionibus,</strong></span> <span class='ocrx_word' id='word_1_155' title='bbox 1016 1922 1040 1990; x_wconf 93' lang='lat' dir='ltr'><strong>ii</strong></span> <span class='ocrx_word' id='word_1_156' title='bbox 1057 1923 1116 2008; x_wconf 92' lang='lat' dir='ltr'><strong>qui</strong></span> <span class='ocrx_word' id='word_1_157' title='bbox 1133 1922 1270 1991; x_wconf 83' lang='lat' dir='ltr'><strong>fuerant</strong></span> 
     </span>
     <span class='ocr_line' id='line_1_20' title="bbox 36 2010 1270 2100; baseline 0.008 -31"><span class='ocrx_word' id='word_1_158' title='bbox 36 2027 111 2090; x_wconf 83' lang='lat' dir='ltr'><strong>prius</strong></span> <span class='ocrx_word' id='word_1_159' title='bbox 129 2010 189 2096; x_wconf 80' lang='lat' dir='ltr'><strong>ejus</strong></span> <span class='ocrx_word' id='word_1_160' title='bbox 210 2011 393 2100; x_wconf 89' lang='lat' dir='ltr'><strong>discipuli,</strong></span> <span class='ocrx_word' id='word_1_161' title='bbox 419 2011 555 2092; x_wconf 90' lang='lat' dir='ltr'><strong>deinde,</strong></span> <span class='ocrx_word' id='word_1_162' title='bbox 580 2025 618 2082; x_wconf 91' lang='lat' dir='ltr'><strong>ut</strong></span> <span class='ocrx_word' id='word_1_163' title='bbox 638 2012 709 2099; x_wconf 88' lang='lat' dir='ltr'><strong>jam</strong></span> <span class='ocrx_word' id='word_1_164' title='bbox 735 2024 814 2082; x_wconf 86' lang='lat' dir='ltr'><strong>aute</strong></span> <span class='ocrx_word' id='word_1_165' title='bbox 837 2011 1013 2092; x_wconf 82' lang='lat' dir='ltr'><strong>diximus,</strong></span> <span class='ocrx_word' id='word_1_166' title='bbox 1040 2010 1270 2080; x_wconf 88' lang='lat' dir='ltr'><strong>calumniato-</strong></span> 
     </span>
     <span class='ocr_line' id='line_1_21' title="bbox 36 2097 1269 2192; baseline 0.006 -32"><span class='ocrx_word' id='word_1_167' title='bbox 36 2113 92 2192; x_wconf 84' lang='lat' dir='ltr'><strong>ras,¹</strong></span> <span class='ocrx_word' id='word_1_168' title='bbox 110 2115 162 2166; x_wconf 92' lang='lat' dir='ltr'><strong>non</strong></span> <span class='ocrx_word' id='word_1_169' title='bbox 181 2097 326 2168; x_wconf 81' lang='lat' dir='ltr'><strong>serentes</strong></span> <span class='ocrx_word' id='word_1_170' title='bbox 350 2105 497 2170; x_wconf 90' lang='lat' dir='ltr'><strong>Lauram</strong></span> <span class='ocrx_word' id='word_1_171' title='bbox 524 2099 639 2170; x_wconf 87' lang='lat' dir='ltr'><strong>videre</strong></span> <span class='ocrx_word' id='word_1_172' title='bbox 656 2101 705 2172; x_wconf 90' lang='lat' dir='ltr'><strong>sio</strong></span> <span class='ocrx_word' id='word_1_173' title='bbox 722 2102 923 2171; x_wconf 91' lang='lat' dir='ltr'><strong>llorentem:</strong></span> <span class='ocrx_word' id='word_1_174' title='bbox 952 2098 1010 2170; x_wconf 88' lang='lat' dir='ltr'><strong>sed</strong></span> <span class='ocrx_word' id='word_1_175' title='bbox 1032 2099 1135 2168; x_wconf 91' lang='lat' dir='ltr'><strong>etiam</strong></span> <span class='ocrx_word' id='word_1_176' title='bbox 1154 2099 1269 2168; x_wconf 88' lang='lat' dir='ltr'><strong>adhuc</strong></span> 
     </span>
     <span class='ocr_line' id='line_1_22' title="bbox 39 2186 1271 2275; baseline 0.008 -30"><span class='ocrx_word' id='word_1_177' title='bbox 39 2203 139 2270; x_wconf 65' lang='lat' dir='ltr'><strong>maiore</strong></span> <span class='ocrx_word' id='word_1_178' title='bbox 158 2186 271 2258; x_wconf 73' lang='lat' dir='ltr'><strong>invidia</strong></span> <span class='ocrx_word' id='word_1_179' title='bbox 297 2189 345 2258; x_wconf 89' lang='lat' dir='ltr'><strong>ssa</strong></span> <span class='ocrx_word' id='word_1_180' title='bbox 374 2202 497 2271; x_wconf 73' lang='lat' dir='ltr'><strong>rantes</strong></span> <span class='ocrx_word' id='word_1_181' title='bbox 524 2203 654 2260; x_wconf 87' lang='lat' dir='ltr'><strong>etcum</strong></span> <span class='ocrx_word' id='word_1_182' title='bbox 679 2189 758 2260; x_wconf 89' lang='lat' dir='ltr'><strong>aliis</strong></span> <span class='ocrx_word' id='word_1_183' title='bbox 782 2189 947 2260; x_wconf 79' lang='lat' dir='ltr'><strong>fratribus</strong></span> <span class='ocrx_word' id='word_1_184' title='bbox 967 2187 1218 2275; x_wconf 90' lang='lat' dir='ltr'><strong>conspirantes,</strong></span> <span class='ocrx_word' id='word_1_185' title='bbox 1239 2199 1271 2256; x_wconf 90' lang='lat' dir='ltr'><strong>et</strong></span> 
     </span>
     <span class='ocr_line' id='line_1_23' title="bbox 39 2269 1271 2369; baseline 0.008 -35"><span class='ocrx_word' id='word_1_186' title='bbox 39 2269 111 2338; x_wconf 89' lang='lat' dir='ltr'><strong>nala</strong></span> <span class='ocrx_word' id='word_1_187' title='bbox 130 2293 234 2366; x_wconf 73' lang='lat' dir='ltr'><strong>synago</strong></span> <span class='ocrx_word' id='word_1_188' title='bbox 260 2301 282 2346; x_wconf 88' lang='lat' dir='ltr'><strong>a</strong></span> <span class='ocrx_word' id='word_1_189' title='bbox 309 2299 329 2346; x_wconf 92' lang='lat' dir='ltr'><strong>e</strong></span> <span class='ocrx_word' id='word_1_190' title='bbox 357 2279 421 2348; x_wconf 91' lang='lat' dir='ltr'><strong>ecti</strong></span> <span class='ocrx_word' id='word_1_191' title='bbox 447 2279 582 2348; x_wconf 88' lang='lat' dir='ltr'><strong>circiter</strong></span> <span class='ocrx_word' id='word_1_192' title='bbox 600 2278 853 2369; x_wconf 88' lang='lat' dir='ltr'><strong>quadraginta,</strong></span> <span class='ocrx_word' id='word_1_193' title='bbox 880 2277 978 2348; x_wconf 92' lang='lat' dir='ltr'><strong>dolos</strong></span> <span class='ocrx_word' id='word_1_194' title='bbox 1002 2276 1168 2348; x_wconf 86' lang='lat' dir='ltr'><strong>adversus</strong></span> <span class='ocrx_word' id='word_1_195' title='bbox 1193 2297 1271 2344; x_wconf 89' lang='lat' dir='ltr'><strong>san-</strong></span> 
     </span>
    </p>
   </div>
   <div class='ocr_carea' id='block_1_3' title="bbox 37 2299 1270 2456">
    <p class='ocr_par' dir='ltr' id='par_1_4' title="bbox 37 2299 1270 2456">
     <span class='ocr_line' id='line_1_24' title="bbox 37 2299 1270 2456; baseline 0.007 -33"><span class='ocrx_word' id='word_1_196' title='bbox 37 2370 111 2426; x_wconf 85' lang='lat' dir='ltr'><strong>ctum</strong></span> <span class='ocrx_word' id='word_1_197' title='bbox 131 2299 337 2446; x_wconf 58' lang='lat' dir='ltr'><strong>consoelant,</strong></span> <span class='ocrx_word' id='word_1_198' title='bbox 366 2379 398 2436; x_wconf 89' lang='lat' dir='ltr'><strong>et</strong></span> <span class='ocrx_word' id='word_1_199' title='bbox 421 2369 449 2436; x_wconf 89' lang='lat' dir='ltr'><strong>ei</strong></span> <span class='ocrx_word' id='word_1_200' title='bbox 476 2367 640 2438; x_wconf 90' lang='lat' dir='ltr'><strong>omnibus</strong></span> <span class='ocrx_word' id='word_1_201' title='bbox 665 2367 777 2437; x_wconf 88' lang='lat' dir='ltr'><strong>modis</strong></span> <span class='ocrx_word' id='word_1_202' title='bbox 802 2366 971 2456; x_wconf 90' lang='lat' dir='ltr'><strong>parabant</strong></span> <span class='ocrx_word' id='word_1_203' title='bbox 995 2365 1152 2436; x_wconf 89' lang='lat' dir='ltr'><strong>insidias.</strong></span> <span class='ocrx_word' id='word_1_204' title='bbox 1181 2368 1270 2434; x_wconf 90' lang='lat' dir='ltr'><strong>Haeo</strong></span> 
     </span>
    </p>
   </div>
   <div class='ocr_carea' id='block_1_4' title="bbox 20 2453 1279 4501">
    <p class='ocr_par' dir='ltr' id='par_1_5' title="bbox 20 2453 1276 3590">
     <span class='ocr_line' id='line_1_25' title="bbox 34 2453 1271 2544; baseline 0.008 -32"><span class='ocrx_word' id='word_1_205' title='bbox 34 2459 124 2516; x_wconf 85' lang='lat' dir='ltr'><strong>autem</strong></span> <span class='ocrx_word' id='word_1_206' title='bbox 138 2472 200 2522; x_wconf 90' lang='lat' dir='ltr'><strong>cnm</strong></span> <span class='ocrx_word' id='word_1_207' title='bbox 214 2455 437 2544; x_wconf 84' lang='lat' dir='ltr'><strong>cognovisset</strong></span> <span class='ocrx_word' id='word_1_208' title='bbox 460 2455 518 2524; x_wconf 91' lang='lat' dir='ltr'><strong>ille</strong></span> <span class='ocrx_word' id='word_1_209' title='bbox 544 2457 636 2527; x_wconf 88' lang='lat' dir='ltr'><strong>mitis</strong></span> <span class='ocrx_word' id='word_1_210' title='bbox 660 2478 699 2526; x_wconf 90' lang='lat' dir='ltr'><strong>ac</strong></span> <span class='ocrx_word' id='word_1_211' title='bbox 718 2468 933 2536; x_wconf 87' lang='lat' dir='ltr'><strong>mansuetus,</strong></span> <span class='ocrx_word' id='word_1_212' title='bbox 960 2455 1086 2543; x_wconf 86' lang='lat' dir='ltr'><strong>atejus</strong></span> <span class='ocrx_word' id='word_1_213' title='bbox 1109 2453 1169 2540; x_wconf 90' lang='lat' dir='ltr'><strong>qui</strong></span> <span class='ocrx_word' id='word_1_214' title='bbox 1194 2474 1271 2524; x_wconf 91' lang='lat' dir='ltr'><strong>vere</strong></span> 
     </span>
     <span class='ocr_line' id='line_1_26' title="bbox 30 2541 1272 2637; baseline 0.005 -31"><span class='ocrx_word' id='word_1_215' title='bbox 30 2549 69 2633; x_wconf 73' lang='lat' dir='ltr'><strong>est</strong></span> <span class='ocrx_word' id='word_1_216' title='bbox 88 2541 163 2637; x_wconf 79' lang='lat' dir='ltr'><strong>pacis</strong></span> <span class='ocrx_word' id='word_1_217' title='bbox 183 2557 306 2614; x_wconf 88' lang='lat' dir='ltr'><strong>auctor</strong></span> <span class='ocrx_word' id='word_1_218' title='bbox 330 2556 363 2614; x_wconf 88' lang='lat' dir='ltr'><strong>et</strong></span> <span class='ocrx_word' id='word_1_219' title='bbox 387 2543 562 2634; x_wconf 87' lang='lat' dir='ltr'><strong>legislator</strong></span> <span class='ocrx_word' id='word_1_220' title='bbox 589 2567 778 2635; x_wconf 88' lang='lat' dir='ltr'><strong>germanus</strong></span> <span class='ocrx_word' id='word_1_221' title='bbox 808 2544 1029 2634; x_wconf 88' lang='lat' dir='ltr'><strong>discipulus,</strong></span> <span class='ocrx_word' id='word_1_222' title='bbox 1056 2542 1147 2630; x_wconf 91' lang='lat' dir='ltr'><strong>quod</strong></span> <span class='ocrx_word' id='word_1_223' title='bbox 1175 2542 1272 2632; x_wconf 87' lang='lat' dir='ltr'><strong>prius</strong></span> 
     </span>
     <span class='ocr_line' id='line_1_27' title="bbox 29 2625 1273 2722; baseline 0.01 -34"><span class='ocrx_word' id='word_1_224' title='bbox 29 2645 52 2689; x_wconf 89' lang='lat' dir='ltr'><strong>m</strong></span> <span class='ocrx_word' id='word_1_225' title='bbox 68 2625 181 2711; x_wconf 71' lang='lat' dir='ltr'><strong>ritimis,</strong></span> <span class='ocrx_word' id='word_1_226' title='bbox 199 2633 264 2703; x_wconf 88' lang='lat' dir='ltr'><strong>hoc</strong></span> <span class='ocrx_word' id='word_1_227' title='bbox 287 2633 326 2700; x_wconf 93' lang='lat' dir='ltr'><strong>in</strong></span> <span class='ocrx_word' id='word_1_228' title='bbox 345 2633 410 2702; x_wconf 90' lang='lat' dir='ltr'><strong>hac</strong></span> <span class='ocrx_word' id='word_1_229' title='bbox 427 2656 461 2702; x_wconf 85' lang='lat' dir='ltr'><strong>rc</strong></span> <span class='ocrx_word' id='word_1_230' title='bbox 478 2654 614 2722; x_wconf 92' lang='lat' dir='ltr'><strong>quoque</strong></span> <span class='ocrx_word' id='word_1_231' title='bbox 631 2633 734 2704; x_wconf 89' lang='lat' dir='ltr'><strong>lacit:</strong></span> <span class='ocrx_word' id='word_1_232' title='bbox 761 2647 794 2704; x_wconf 90' lang='lat' dir='ltr'><strong>et</strong></span> <span class='ocrx_word' id='word_1_233' title='bbox 817 2654 861 2704; x_wconf 90' lang='lat' dir='ltr'><strong>ne</strong></span> <span class='ocrx_word' id='word_1_234' title='bbox 876 2645 966 2703; x_wconf 89' lang='lat' dir='ltr'><strong>esset</strong></span> <span class='ocrx_word' id='word_1_235' title='bbox 986 2632 1151 2701; x_wconf 79' lang='lat' dir='ltr'><strong>lintribus</strong></span> <span class='ocrx_word' id='word_1_236' title='bbox 1166 2651 1273 2700; x_wconf 86' lang='lat' dir='ltr'><strong>causa</strong></span> 
     </span>
     <span class='ocr_line' id='line_1_28' title="bbox 26 2713 1271 2813; baseline 0.007 -35"><span class='ocrx_word' id='word_1_237' title='bbox 26 2713 209 2810; x_wconf 71' lang='lat' dir='ltr'><strong>offensionis,</strong></span> <span class='ocrx_word' id='word_1_238' title='bbox 242 2742 317 2792; x_wconf 92' lang='lat' dir='ltr'><strong>non</strong></span> <span class='ocrx_word' id='word_1_239' title='bbox 344 2721 455 2792; x_wconf 89' lang='lat' dir='ltr'><strong>solum</strong></span> <span class='ocrx_word' id='word_1_240' title='bbox 482 2721 628 2813; x_wconf 89' lang='lat' dir='ltr'><strong>despicit</strong></span> <span class='ocrx_word' id='word_1_241' title='bbox 651 2722 796 2803; x_wconf 89' lang='lat' dir='ltr'><strong>cibum,</strong></span> <span class='ocrx_word' id='word_1_242' title='bbox 823 2737 861 2792; x_wconf 88' lang='lat' dir='ltr'><strong>nt</strong></span> <span class='ocrx_word' id='word_1_243' title='bbox 885 2721 957 2792; x_wconf 91' lang='lat' dir='ltr'><strong>vult</strong></span> <span class='ocrx_word' id='word_1_244' title='bbox 980 2719 1183 2811; x_wconf 73' lang='lat' dir='ltr'><strong>Apostolus,</strong></span> <span class='ocrx_word' id='word_1_245' title='bbox 1212 2718 1271 2788; x_wconf 91' lang='lat' dir='ltr'><strong>sed</strong></span> 
     </span>
     <span class='ocr_line' id='line_1_29' title="bbox 24 2808 1271 2902; baseline 0.009 -36"><span class='ocrx_word' id='word_1_246' title='bbox 24 2815 100 2902; x_wconf 77' lang='lat' dir='ltr'><strong>etiam</strong></span> <span class='ocrx_word' id='word_1_247' title='bbox 123 2808 161 2878; x_wconf 91' lang='lat' dir='ltr'><strong>ab</strong></span> <span class='ocrx_word' id='word_1_248' title='bbox 184 2809 242 2878; x_wconf 91' lang='lat' dir='ltr'><strong>illa</strong></span> <span class='ocrx_word' id='word_1_249' title='bbox 267 2813 347 2900; x_wconf 93' lang='lat' dir='ltr'><strong>ipsa</strong></span> <span class='ocrx_word' id='word_1_250' title='bbox 373 2815 483 2880; x_wconf 89' lang='lat' dir='ltr'><strong>Laura</strong></span> <span class='ocrx_word' id='word_1_251' title='bbox 507 2811 644 2880; x_wconf 89' lang='lat' dir='ltr'><strong>recedit.</strong></span> <span class='ocrx_word' id='word_1_252' title='bbox 673 2811 844 2881; x_wconf 86' lang='lat' dir='ltr'><strong>Didicerat</strong></span> <span class='ocrx_word' id='word_1_253' title='bbox 867 2811 960 2880; x_wconf 90' lang='lat' dir='ltr'><strong>enim</strong></span> <span class='ocrx_word' id='word_1_254' title='bbox 987 2809 1093 2880; x_wconf 88' lang='lat' dir='ltr'><strong>Sabas</strong></span> <span class='ocrx_word' id='word_1_255' title='bbox 1115 2828 1271 2898; x_wconf 88' lang='lat' dir='ltr'><strong>pugnare</strong></span> 
     </span>
     <span class='ocr_line' id='line_1_30' title="bbox 23 2891 1272 2984; baseline 0.007 -27"><span class='ocrx_word' id='word_1_256' title='bbox 23 2891 133 2976; x_wconf 78' lang='lat' dir='ltr'><strong>quidem</strong></span> <span class='ocrx_word' id='word_1_257' title='bbox 161 2921 238 2968; x_wconf 92' lang='lat' dir='ltr'><strong>cnm</strong></span> <span class='ocrx_word' id='word_1_258' title='bbox 266 2900 522 2984; x_wconf 88' lang='lat' dir='ltr'><strong>daemonibus;</strong></span> <span class='ocrx_word' id='word_1_259' title='bbox 549 2899 752 2971; x_wconf 90' lang='lat' dir='ltr'><strong>bominibus</strong></span> <span class='ocrx_word' id='word_1_260' title='bbox 776 2911 890 2970; x_wconf 91' lang='lat' dir='ltr'><strong>autem</strong></span> <span class='ocrx_word' id='word_1_261' title='bbox 914 2898 1016 2970; x_wconf 88' lang='lat' dir='ltr'><strong>laoilc</strong></span> <span class='ocrx_word' id='word_1_262' title='bbox 1041 2898 1172 2968; x_wconf 87' lang='lat' dir='ltr'><strong>cedere.</strong></span> <span class='ocrx_word' id='word_1_263' title='bbox 1200 2901 1272 2968; x_wconf 86' lang='lat' dir='ltr'><strong>Hoc</strong></span> 
     </span>
     <span class='ocr_line' id='line_1_31' title="bbox 23 2983 1272 3078; baseline 0.008 -33"><span class='ocrx_word' id='word_1_264' title='bbox 23 2983 264 3068; x_wconf 68' lang='lat' dir='ltr'><strong>arefaciebat,</strong></span> <span class='ocrx_word' id='word_1_265' title='bbox 302 3001 375 3057; x_wconf 92' lang='lat' dir='ltr'><strong>tum</strong></span> <span class='ocrx_word' id='word_1_266' title='bbox 406 2988 583 3078; x_wconf 92' lang='lat' dir='ltr'><strong>improbos</strong></span> <span class='ocrx_word' id='word_1_267' title='bbox 613 2989 754 3075; x_wconf 89' lang='lat' dir='ltr'><strong>quidem</strong></span> <span class='ocrx_word' id='word_1_268' title='bbox 782 2987 912 3078; x_wconf 88' lang='lat' dir='ltr'><strong>pudore</strong></span> <span class='ocrx_word' id='word_1_269' title='bbox 941 2988 1096 3058; x_wconf 88' lang='lat' dir='ltr'><strong>alliciens</strong></span> <span class='ocrx_word' id='word_1_270' title='bbox 1121 2988 1272 3057; x_wconf 90' lang='lat' dir='ltr'><strong>lenitatis</strong></span> 
     </span>
     <span class='ocr_line' id='line_1_32' title="bbox 22 3077 1273 3164; baseline 0.007 -28"><span class='ocrx_word' id='word_1_271' title='bbox 22 3089 83 3140; x_wconf 83' lang='lat' dir='ltr'><strong>suae</strong></span> <span class='ocrx_word' id='word_1_272' title='bbox 103 3077 350 3164; x_wconf 86' lang='lat' dir='ltr'><strong>exuperantia:</strong></span> <span class='ocrx_word' id='word_1_273' title='bbox 378 3089 450 3146; x_wconf 91' lang='lat' dir='ltr'><strong>tum</strong></span> <span class='ocrx_word' id='word_1_274' title='bbox 475 3091 590 3148; x_wconf 86' lang='lat' dir='ltr'><strong>autem</strong></span> <span class='ocrx_word' id='word_1_275' title='bbox 616 3077 675 3146; x_wconf 93' lang='lat' dir='ltr'><strong>illo</strong></span> <span class='ocrx_word' id='word_1_276' title='bbox 700 3077 856 3149; x_wconf 89' lang='lat' dir='ltr'><strong>discessu</strong></span> <span class='ocrx_word' id='word_1_277' title='bbox 877 3077 1042 3149; x_wconf 86' lang='lat' dir='ltr'><strong>invidiam</strong></span> <span class='ocrx_word' id='word_1_278' title='bbox 1062 3098 1273 3146; x_wconf 89' lang='lat' dir='ltr'><strong>consumens</strong></span> 
     </span>
     <span class='ocr_line' id='line_1_33' title="bbox 20 3161 1270 3264; baseline 0.006 -41"><span class='ocrx_word' id='word_1_279' title='bbox 20 3171 42 3222; x_wconf 76' lang='lat' dir='ltr'><strong>et</strong></span> <span class='ocrx_word' id='word_1_280' title='bbox 53 3161 265 3234; x_wconf 82' lang='lat' dir='ltr'><strong>tabefaciens:</strong></span> <span class='ocrx_word' id='word_1_281' title='bbox 294 3165 549 3256; x_wconf 88' lang='lat' dir='ltr'><strong>ostendensque</strong></span> <span class='ocrx_word' id='word_1_282' title='bbox 568 3165 699 3234; x_wconf 93' lang='lat' dir='ltr'><strong>nullam</strong></span> <span class='ocrx_word' id='word_1_283' title='bbox 722 3189 793 3235; x_wconf 88' lang='lat' dir='ltr'><strong>rem</strong></span> <span class='ocrx_word' id='word_1_284' title='bbox 813 3166 986 3256; x_wconf 91' lang='lat' dir='ltr'><strong>propriam</strong></span> <span class='ocrx_word' id='word_1_285' title='bbox 1008 3187 1082 3236; x_wconf 89' lang='lat' dir='ltr'><strong>esse</strong></span> <span class='ocrx_word' id='word_1_286' title='bbox 1101 3167 1270 3264; x_wconf 76' lang='lat' dir='ltr'><strong>sicurae:</strong></span> 
     </span>
     <span class='ocr_line' id='line_1_34' title="bbox 20 3247 1274 3345; baseline 0.008 -33"><span class='ocrx_word' id='word_1_287' title='bbox 20 3247 61 3316; x_wconf 84' lang='lat' dir='ltr'><strong>sed</strong></span> <span class='ocrx_word' id='word_1_288' title='bbox 78 3253 127 3320; x_wconf 86' lang='lat' dir='ltr'><strong>bei</strong></span> <span class='ocrx_word' id='word_1_289' title='bbox 142 3259 247 3324; x_wconf 78' lang='lat' dir='ltr'><strong>causa</strong></span> <span class='ocrx_word' id='word_1_290' title='bbox 268 3275 410 3324; x_wconf 92' lang='lat' dir='ltr'><strong>omnem</strong></span> <span class='ocrx_word' id='word_1_291' title='bbox 428 3254 578 3324; x_wconf 91' lang='lat' dir='ltr'><strong>laborem</strong></span> <span class='ocrx_word' id='word_1_292' title='bbox 599 3255 786 3345; x_wconf 88' lang='lat' dir='ltr'><strong>suscipere,</strong></span> <span class='ocrx_word' id='word_1_293' title='bbox 802 3267 835 3325; x_wconf 89' lang='lat' dir='ltr'><strong>et</strong></span> <span class='ocrx_word' id='word_1_294' title='bbox 849 3255 992 3326; x_wconf 82' lang='lat' dir='ltr'><strong>fratrom</strong></span> <span class='ocrx_word' id='word_1_295' title='bbox 1012 3253 1183 3322; x_wconf 83' lang='lat' dir='ltr'><strong>utilitatis.</strong></span> <span class='ocrx_word' id='word_1_296' title='bbox 1202 3257 1274 3322; x_wconf 87' lang='lat' dir='ltr'><strong>Hac</strong></span> 
     </span>
     <span class='ocr_line' id='line_1_35' title="bbox 21 3333 1271 3433; baseline 0.002 -29"><span class='ocrx_word' id='word_1_297' title='bbox 21 3333 156 3411; x_wconf 80' lang='lat' dir='ltr'><strong>derauso</strong></span> <span class='ocrx_word' id='word_1_298' title='bbox 179 3342 282 3412; x_wconf 88' lang='lat' dir='ltr'><strong>lacile</strong></span> <span class='ocrx_word' id='word_1_299' title='bbox 305 3343 444 3429; x_wconf 90' lang='lat' dir='ltr'><strong>quidem</strong></span> <span class='ocrx_word' id='word_1_300' title='bbox 474 3343 614 3424; x_wconf 87' lang='lat' dir='ltr'><strong>recedit,</strong></span> <span class='ocrx_word' id='word_1_301' title='bbox 641 3357 673 3414; x_wconf 90' lang='lat' dir='ltr'><strong>et</strong></span> <span class='ocrx_word' id='word_1_302' title='bbox 699 3345 792 3417; x_wconf 89' lang='lat' dir='ltr'><strong>venit</strong></span> <span class='ocrx_word' id='word_1_303' title='bbox 818 3344 861 3413; x_wconf 92' lang='lat' dir='ltr'><strong>ad</strong></span> <span class='ocrx_word' id='word_1_304' title='bbox 893 3356 1005 3433; x_wconf 91' lang='lat' dir='ltr'><strong>partes</strong></span> <span class='ocrx_word' id='word_1_305' title='bbox 1030 3340 1271 3430; x_wconf 88' lang='lat' dir='ltr'><strong>Scythopolis:</strong></span> 
     </span>
     <span class='ocr_line' id='line_1_36' title="bbox 21 3430 1276 3520; baseline 0.004 -30"><span class='ocrx_word' id='word_1_306' title='bbox 21 3441 112 3498; x_wconf 83' lang='lat' dir='ltr'><strong>manet</strong></span> <span class='ocrx_word' id='word_1_307' title='bbox 130 3452 204 3500; x_wconf 89' lang='lat' dir='ltr'><strong>vero</strong></span> <span class='ocrx_word' id='word_1_308' title='bbox 224 3432 261 3500; x_wconf 92' lang='lat' dir='ltr'><strong>in</strong></span> <span class='ocrx_word' id='word_1_309' title='bbox 284 3431 436 3517; x_wconf 88' lang='lat' dir='ltr'><strong>quodam</strong></span> <span class='ocrx_word' id='word_1_310' title='bbox 456 3431 540 3514; x_wconf 90' lang='lat' dir='ltr'><strong>loco,</strong></span> <span class='ocrx_word' id='word_1_311' title='bbox 559 3433 619 3520; x_wconf 93' lang='lat' dir='ltr'><strong>qui</strong></span> <span class='ocrx_word' id='word_1_312' title='bbox 635 3445 708 3504; x_wconf 90' lang='lat' dir='ltr'><strong>erat</strong></span> <span class='ocrx_word' id='word_1_313' title='bbox 727 3432 868 3520; x_wconf 89' lang='lat' dir='ltr'><strong>quidam</strong></span> <span class='ocrx_word' id='word_1_314' title='bbox 893 3432 1061 3510; x_wconf 90' lang='lat' dir='ltr'><strong>desertus,</strong></span> <span class='ocrx_word' id='word_1_315' title='bbox 1089 3430 1276 3498; x_wconf 89' lang='lat' dir='ltr'><strong>vocabatur</strong></span> 
     </span>
     <span class='ocr_line' id='line_1_37' title="bbox 21 3519 500 3590; baseline 0.017 -10"><span class='ocrx_word' id='word_1_316' title='bbox 21 3527 109 3584; x_wconf 81' lang='lat' dir='ltr'><strong>antem</strong></span> <span class='ocrx_word' id='word_1_317' title='bbox 126 3519 254 3590; x_wconf 84' lang='lat' dir='ltr'><strong>fluvius</strong></span> <span class='ocrx_word' id='word_1_318' title='bbox 272 3520 500 3590; x_wconf 84' lang='lat' dir='ltr'><strong>Gadarornm.</strong></span> 
     </span>
    </p>

    <p class='ocr_par' dir='ltr' id='par_1_6' title="bbox 23 3604 1279 4501">
     <span class='ocr_line' id='line_1_38' title="bbox 51 3604 1274 3700; baseline -0.003 -23"><span class='ocrx_word' id='word_1_319' title='bbox 51 3604 157 3688; x_wconf 66' lang='lat' dir='ltr'><strong>ltu.</strong></span> <span class='ocrx_word' id='word_1_320' title='bbox 184 3613 272 3678; x_wconf 83' lang='lat' dir='ltr'><strong>Cum</strong></span> <span class='ocrx_word' id='word_1_321' title='bbox 299 3610 328 3680; x_wconf 90' lang='lat' dir='ltr'><strong>is</strong></span> <span class='ocrx_word' id='word_1_322' title='bbox 351 3631 432 3700; x_wconf 89' lang='lat' dir='ltr'><strong>ergo</strong></span> <span class='ocrx_word' id='word_1_323' title='bbox 457 3609 527 3680; x_wconf 87' lang='lat' dir='ltr'><strong>illic</strong></span> <span class='ocrx_word' id='word_1_324' title='bbox 549 3623 753 3691; x_wconf 85' lang='lat' dir='ltr'><strong>versaretur,</strong></span> <span class='ocrx_word' id='word_1_325' title='bbox 782 3608 881 3680; x_wconf 89' lang='lat' dir='ltr'><strong>multi</strong></span> <span class='ocrx_word' id='word_1_326' title='bbox 898 3631 938 3679; x_wconf 92' lang='lat' dir='ltr'><strong>ex</strong></span> <span class='ocrx_word' id='word_1_327' title='bbox 958 3608 1117 3678; x_wconf 87' lang='lat' dir='ltr'><strong>finitimis</strong></span> <span class='ocrx_word' id='word_1_328' title='bbox 1134 3606 1177 3676; x_wconf 90' lang='lat' dir='ltr'><strong>ad</strong></span> <span class='ocrx_word' id='word_1_329' title='bbox 1194 3625 1274 3674; x_wconf 92' lang='lat' dir='ltr'><strong>enm</strong></span> 
     </span>
     <span class='ocr_line' id='line_1_39' title="bbox 23 3695 1276 3789; baseline 0.006 -33"><span class='ocrx_word' id='word_1_330' title='bbox 23 3695 214 3778; x_wconf 69' lang='lat' dir='ltr'><strong>ventitabant,</strong></span> <span class='ocrx_word' id='word_1_331' title='bbox 233 3711 269 3768; x_wconf 88' lang='lat' dir='ltr'><strong>et</strong></span> <span class='ocrx_word' id='word_1_332' title='bbox 287 3698 436 3770; x_wconf 89' lang='lat' dir='ltr'><strong>maxime</strong></span> <span class='ocrx_word' id='word_1_333' title='bbox 459 3701 672 3789; x_wconf 89' lang='lat' dir='ltr'><strong>quicumque</strong></span> <span class='ocrx_word' id='word_1_334' title='bbox 695 3698 899 3769; x_wconf 90' lang='lat' dir='ltr'><strong>habitabant</strong></span> <span class='ocrx_word' id='word_1_335' title='bbox 914 3695 1147 3788; x_wconf 80' lang='lat' dir='ltr'><strong>scythopolim</strong></span> <span class='ocrx_word' id='word_1_336' title='bbox 1166 3708 1198 3765; x_wconf 89' lang='lat' dir='ltr'><strong>et</strong></span> <span class='ocrx_word' id='word_1_337' title='bbox 1213 3699 1276 3764; x_wconf 85' lang='lat' dir='ltr'><strong>Ga-</strong></span> 
     </span>
     <span class='ocr_line' id='line_1_40' title="bbox 23 3777 1277 3873; baseline 0.009 -31"><span class='ocrx_word' id='word_1_338' title='bbox 23 3777 104 3860; x_wconf 84' lang='lat' dir='ltr'><strong>dara;</strong></span> <span class='ocrx_word' id='word_1_339' title='bbox 128 3807 184 3856; x_wconf 89' lang='lat' dir='ltr'><strong>eos</strong></span> <span class='ocrx_word' id='word_1_340' title='bbox 203 3787 301 3855; x_wconf 91' lang='lat' dir='ltr'><strong>enim</strong></span> <span class='ocrx_word' id='word_1_341' title='bbox 334 3787 491 3873; x_wconf 89' lang='lat' dir='ltr'><strong>undique</strong></span> <span class='ocrx_word' id='word_1_342' title='bbox 521 3789 663 3858; x_wconf 88' lang='lat' dir='ltr'><strong>vocabat</strong></span> <span class='ocrx_word' id='word_1_343' title='bbox 693 3787 788 3858; x_wconf 90' lang='lat' dir='ltr'><strong>illius</strong></span> <span class='ocrx_word' id='word_1_344' title='bbox 812 3787 929 3867; x_wconf 89' lang='lat' dir='ltr'><strong>lama,</strong></span> <span class='ocrx_word' id='word_1_345' title='bbox 957 3807 1024 3856; x_wconf 93' lang='lat' dir='ltr'><strong>non</strong></span> <span class='ocrx_word' id='word_1_346' title='bbox 1051 3805 1151 3856; x_wconf 90' lang='lat' dir='ltr'><strong>secus</strong></span> <span class='ocrx_word' id='word_1_347' title='bbox 1176 3797 1277 3870; x_wconf 91' lang='lat' dir='ltr'><strong>atque</strong></span> 
     </span>
     <span class='ocr_line' id='line_1_41' title="bbox 24 3865 1278 3968; baseline 0.01 -38"><span class='ocrx_word' id='word_1_348' title='bbox 24 3865 90 3967; x_wconf 80' lang='lat' dir='ltr'><strong>tlara</strong></span> <span class='ocrx_word' id='word_1_349' title='bbox 102 3876 191 3954; x_wconf 91' lang='lat' dir='ltr'><strong>tuba,</strong></span> <span class='ocrx_word' id='word_1_350' title='bbox 208 3875 325 3945; x_wconf 86' lang='lat' dir='ltr'><strong>virum</strong></span> <span class='ocrx_word' id='word_1_351' title='bbox 345 3874 449 3946; x_wconf 88' lang='lat' dir='ltr'><strong>veluti</strong></span> <span class='ocrx_word' id='word_1_352' title='bbox 467 3878 650 3967; x_wconf 89' lang='lat' dir='ltr'><strong>praeconio</strong></span> <span class='ocrx_word' id='word_1_353' title='bbox 667 3877 881 3968; x_wconf 88' lang='lat' dir='ltr'><strong>praedicans.</strong></span> <span class='ocrx_word' id='word_1_354' title='bbox 901 3883 975 3959; x_wconf 92' lang='lat' dir='ltr'><strong>Quo</strong></span> <span class='ocrx_word' id='word_1_355' title='bbox 990 3873 1132 3964; x_wconf 89' lang='lat' dir='ltr'><strong>quidem</strong></span> <span class='ocrx_word' id='word_1_356' title='bbox 1150 3874 1184 3942; x_wconf 96' lang='lat' dir='ltr'><strong>in</strong></span> <span class='ocrx_word' id='word_1_357' title='bbox 1201 3872 1278 3943; x_wconf 92' lang='lat' dir='ltr'><strong>loco</strong></span> 
     </span>
     <span class='ocr_line' id='line_1_42' title="bbox 25 3957 1278 4059; baseline -0.006 -21"><span class='ocrx_word' id='word_1_358' title='bbox 25 3957 135 4059; x_wconf 69' lang='lat' dir='ltr'><strong>illlam</strong></span> <span class='ocrx_word' id='word_1_359' title='bbox 151 3984 191 4032; x_wconf 91' lang='lat' dir='ltr'><strong>ex</strong></span> <span class='ocrx_word' id='word_1_360' title='bbox 211 3963 507 4052; x_wconf 85' lang='lat' dir='ltr'><strong>Scythopolitanis</strong></span> <span class='ocrx_word' id='word_1_361' title='bbox 531 3987 655 4056; x_wconf 90' lang='lat' dir='ltr'><strong>genere</strong></span> <span class='ocrx_word' id='word_1_362' title='bbox 679 3967 806 4048; x_wconf 91' lang='lat' dir='ltr'><strong>clarus,</strong></span> <span class='ocrx_word' id='word_1_363' title='bbox 829 3965 963 4056; x_wconf 90' lang='lat' dir='ltr'><strong>juvenis</strong></span> <span class='ocrx_word' id='word_1_364' title='bbox 988 3974 1109 4044; x_wconf 91' lang='lat' dir='ltr'><strong>aetate,</strong></span> <span class='ocrx_word' id='word_1_365' title='bbox 1137 3963 1278 4032; x_wconf 91' lang='lat' dir='ltr'><strong>nomine</strong></span> 
     </span>
     <span class='ocr_line' id='line_1_43' title="bbox 28 4043 1279 4142; baseline 0.005 -28"><span class='ocrx_word' id='word_1_366' title='bbox 28 4043 162 4133; x_wconf 81' lang='lat' dir='ltr'><strong>lasrlrus,</strong></span> <span class='ocrx_word' id='word_1_367' title='bbox 188 4075 210 4122; x_wconf 89' lang='lat' dir='ltr'><strong>a</strong></span> <span class='ocrx_word' id='word_1_368' title='bbox 234 4057 305 4122; x_wconf 90' lang='lat' dir='ltr'><strong>Deo</strong></span> <span class='ocrx_word' id='word_1_369' title='bbox 330 4063 445 4124; x_wconf 89' lang='lat' dir='ltr'><strong>motus</strong></span> <span class='ocrx_word' id='word_1_370' title='bbox 468 4054 510 4123; x_wconf 91' lang='lat' dir='ltr'><strong>ad</strong></span> <span class='ocrx_word' id='word_1_371' title='bbox 536 4077 686 4142; x_wconf 86' lang='lat' dir='ltr'><strong>eaquae</strong></span> <span class='ocrx_word' id='word_1_372' title='bbox 716 4067 797 4126; x_wconf 89' lang='lat' dir='ltr'><strong>sunt</strong></span> <span class='ocrx_word' id='word_1_373' title='bbox 821 4055 989 4136; x_wconf 88' lang='lat' dir='ltr'><strong>honesta,</strong></span> <span class='ocrx_word' id='word_1_374' title='bbox 1016 4075 1097 4124; x_wconf 89' lang='lat' dir='ltr'><strong>cum</strong></span> <span class='ocrx_word' id='word_1_375' title='bbox 1123 4052 1279 4122; x_wconf 88' lang='lat' dir='ltr'><strong>lrumana</strong></span> 
     </span>
     <span class='ocr_line' id='line_1_44' title="bbox 30 4139 1278 4232; baseline 0.005 -30"><span class='ocrx_word' id='word_1_376' title='bbox 30 4139 114 4205; x_wconf 77' lang='lat' dir='ltr'><strong>tnnia</strong></span> <span class='ocrx_word' id='word_1_377' title='bbox 132 4139 300 4226; x_wconf 72' lang='lat' dir='ltr'><strong>iussisset</strong></span> <span class='ocrx_word' id='word_1_378' title='bbox 317 4140 440 4221; x_wconf 89' lang='lat' dir='ltr'><strong>valere,</strong></span> <span class='ocrx_word' id='word_1_379' title='bbox 460 4142 503 4212; x_wconf 90' lang='lat' dir='ltr'><strong>ad</strong></span> <span class='ocrx_word' id='word_1_380' title='bbox 523 4143 639 4232; x_wconf 92' lang='lat' dir='ltr'><strong>ipsum</strong></span> <span class='ocrx_word' id='word_1_381' title='bbox 658 4144 790 4215; x_wconf 88' lang='lat' dir='ltr'><strong>accedit</strong></span> <span class='ocrx_word' id='word_1_382' title='bbox 806 4157 838 4214; x_wconf 93' lang='lat' dir='ltr'><strong>et</strong></span> <span class='ocrx_word' id='word_1_383' title='bbox 856 4149 975 4212; x_wconf 90' lang='lat' dir='ltr'><strong>Deum.</strong></span> <span class='ocrx_word' id='word_1_384' title='bbox 1000 4147 1039 4213; x_wconf 88' lang='lat' dir='ltr'><strong>Et</strong></span> <span class='ocrx_word' id='word_1_385' title='bbox 1058 4139 1117 4210; x_wconf 92' lang='lat' dir='ltr'><strong>ille</strong></span> <span class='ocrx_word' id='word_1_386' title='bbox 1136 4140 1278 4228; x_wconf 89' lang='lat' dir='ltr'><strong>quidem</strong></span> 
     </span>
     <span class='ocr_line' id='line_1_45' title="bbox 32 4225 1279 4323; baseline 0.004 -30"><span class='ocrx_word' id='word_1_387' title='bbox 32 4225 193 4299; x_wconf 67' lang='lat' dir='ltr'><strong>&#39;ersabatur</strong></span> <span class='ocrx_word' id='word_1_388' title='bbox 218 4251 302 4300; x_wconf 91' lang='lat' dir='ltr'><strong>cum</strong></span> <span class='ocrx_word' id='word_1_389' title='bbox 337 4229 450 4314; x_wconf 86' lang='lat' dir='ltr'><strong>Saba,</strong></span> <span class='ocrx_word' id='word_1_390' title='bbox 477 4244 508 4301; x_wconf 89' lang='lat' dir='ltr'><strong>et</strong></span> <span class='ocrx_word' id='word_1_391' title='bbox 532 4231 625 4322; x_wconf 91' lang='lat' dir='ltr'><strong>apud</strong></span> <span class='ocrx_word' id='word_1_392' title='bbox 655 4233 770 4323; x_wconf 90' lang='lat' dir='ltr'><strong>ipsum</strong></span> <span class='ocrx_word' id='word_1_393' title='bbox 797 4233 956 4313; x_wconf 87' lang='lat' dir='ltr'><strong>vivebat,</strong></span> <span class='ocrx_word' id='word_1_394' title='bbox 982 4243 1016 4302; x_wconf 91' lang='lat' dir='ltr'><strong>et</strong></span> <span class='ocrx_word' id='word_1_395' title='bbox 1046 4251 1085 4300; x_wconf 92' lang='lat' dir='ltr'><strong>eo</strong></span> <span class='ocrx_word' id='word_1_396' title='bbox 1117 4228 1279 4298; x_wconf 91' lang='lat' dir='ltr'><strong>utebatur</strong></span> 
     </span>
     <span class='ocr_line' id='line_1_46' title="bbox 34 4316 1279 4412; baseline 0.006 -35"><span class='ocrx_word' id='word_1_397' title='bbox 34 4325 225 4405; x_wconf 78' lang='lat' dir='ltr'><strong>traeceptore.</strong></span> <span class='ocrx_word' id='word_1_398' title='bbox 255 4316 408 4402; x_wconf 88' lang='lat' dir='ltr'><strong>Quidam</strong></span> <span class='ocrx_word' id='word_1_399' title='bbox 433 4333 545 4390; x_wconf 89' lang='lat' dir='ltr'><strong>autem</strong></span> <span class='ocrx_word' id='word_1_400' title='bbox 564 4318 723 4403; x_wconf 89' lang='lat' dir='ltr'><strong>latrones,</strong></span> <span class='ocrx_word' id='word_1_401' title='bbox 743 4321 902 4412; x_wconf 88' lang='lat' dir='ltr'><strong>pecuniis</strong></span> <span class='ocrx_word' id='word_1_402' title='bbox 919 4320 1098 4391; x_wconf 88' lang='lat' dir='ltr'><strong>abundare</strong></span> <span class='ocrx_word' id='word_1_403' title='bbox 1122 4317 1279 4386; x_wconf 85' lang='lat' dir='ltr'><strong>arbitrati</strong></span> 
     </span>
     <span class='ocr_line' id='line_1_47' title="bbox 35 4393 1279 4501; baseline 0.004 -32"><span class='ocrx_word' id='word_1_404' title='bbox 35 4393 185 4492; x_wconf 81' lang='lat' dir='ltr'><strong>lasilium,</strong></span> <span class='ocrx_word' id='word_1_405' title='bbox 218 4407 315 4481; x_wconf 90' lang='lat' dir='ltr'><strong>circa</strong></span> <span class='ocrx_word' id='word_1_406' title='bbox 347 4405 494 4478; x_wconf 88' lang='lat' dir='ltr'><strong>mediam</strong></span> <span class='ocrx_word' id='word_1_407' title='bbox 524 4403 655 4480; x_wconf 85' lang='lat' dir='ltr'><strong>noc&#39;tem</strong></span> <span class='ocrx_word' id='word_1_408' title='bbox 681 4432 740 4499; x_wconf 91' lang='lat' dir='ltr'><strong>spe</strong></span> <span class='ocrx_word' id='word_1_409' title='bbox 769 4409 864 4501; x_wconf 88' lang='lat' dir='ltr'><strong>pleni</strong></span> <span class='ocrx_word' id='word_1_410' title='bbox 888 4405 931 4478; x_wconf 90' lang='lat' dir='ltr'><strong>ad</strong></span> <span class='ocrx_word' id='word_1_411' title='bbox 957 4431 1014 4480; x_wconf 91' lang='lat' dir='ltr'><strong>eos</strong></span> <span class='ocrx_word' id='word_1_412' title='bbox 1046 4416 1279 4478; x_wconf 84' lang='lat' dir='ltr'><strong>accesserunt.</strong></span> 
     </span>
    </p>
   </div>
   <div class='ocr_carea' id='block_1_5' title="bbox 0 0 1511 4832">
    <p class='ocr_par' dir='ltr' id='par_1_7' title="bbox 0 0 1511 4832">
     <span class='ocr_line' id='line_1_48' title="bbox 0 0 1511 4832; baseline 0 0"><span class='ocrx_word' id='word_1_413' title='bbox 0 0 1511 4832; x_wconf 95' lang='lat' dir='ltr'><strong> </strong></span> 
     </span>
    </p>
   </div>
  </div>
 </body>
</html>
