2932 4812
233 309 296 370 otte
509 324 546 369 nn
571 323 598 370 s.
626 323 801 370 srnvrsrao
826 323 905 368 nara
930 323 967 368 ar
991 321 1138 370 conrsss.
1288 301 1356 365 ott„
1377 302 1400 362 :tt

187 409 341 498 quidem,
364 409 424 495 qui
448 407 635 478 simulacra
660 406 860 488 adorabant,
883 407 1041 478 timorem
1067 406 1186 490 attulit;
1209 418 1246 474 ut
1268 405 1404 474 Christian

189 511 304 568 autem
326 499 415 568 bono
440 509 473 566 et
491 495 677 566 confidenti
700 498 819 565 animo
842 507 967 576 essent,
994 495 1123 575 ellecit;
1158 505 1301 565 sanctum
1326 505 1405 560 auten

190 587 291 657 solvit
314 607 333 654 a
355 583 514 665 vinculis;
531 599 563 655 ct
578 585 628 655 sic
653 584 817 655 liberatus
842 583 907 654 luit
926 606 944 653 a
962 584 1132 655 custodia.
1151 583 1210 666 Qui
1225 585 1406 652 autemlrae·
1448 613 1450 662 t

190 675 277 746 lecto
295 673 548 755 ministrabant,
567 694 647 742 cum
669 695 708 743 ex
736 694 787 752 eo,
813 672 904 760 quod
938 673 989 742 illi
1018 673 1198 749 acciderat,
1222 671 1286 741 sibi
1315 669 1404 738 tinnis·
1448 669 1450 740 l

191 777 277 845 sent,
297 775 415 833 sancto
435 760 660 852 procidebant
684 761 876 862 supplices,
904 774 936 830 et
964 761 1134 850 provoluti
1158 759 1199 830 ad
1221 759 1311 829 illius
1329 756 1403 852 pedes.

192 854 359 944 rogabant
375 864 413 920 ut
436 850 553 921 divina
569 851 622 919 ira
645 850 689 921 ab
709 872 758 919 ers
777 861 997 920 averteretur.
1028 852 1111 938 Ejus
1130 861 1237 920 autam
1262 849 1360 916 virtute
1376 865 1406 912 sn

191 963 312 1011 omnes
336 939 528 1010 adducente
544 941 578 1008 in
600 937 876 1020 admirationem,
904 939 961 1008 ille
986 960 1054 1008 non
1073 939 1183 1009 solum
1203 950 1272 1008 erat
1293 953 1412 1006 veneran-

193 1031 259 1098 dus
275 1028 449 1111 fidelibus,
477 1027 535 1096 sed
552 1029 653 1098 etiam
672 1028 758 1117 ipsis
778 1026 990 1098 infidelibus.

235 1121 254 1206 ἕ
276 1123 319 1190 ὅ.
339 1123 415 1187 lam
434 1128 549 1186 autem
575 1117 789 1186 tricesimum
813 1137 945 1186 annum
962 1138 982 1186 a
1007 1137 1069 1186 ens
1088 1119 1219 1198 aetatis,
1244 1137 1264 1184 a
1283 1129 1412 1184 sacroue

191 1220 244 1278 cto
262 1205 429 1286 llilciade,
458 1227 560 1293 quem
585 1205 684 1294 prius
706 1205 859 1274 diximus
876 1217 958 1276 tunc
977 1139 1086 1276 titisse
1109 1206 1310 1296 Episcopum
1331 1206 1414 1269 nom·
1449 1247 1450 1268 2

193 1317 257 1366 nae
281 1294 463 1376 Ecclesiae,
491 1294 671 1364 ordinatur
697 1294 868 1364 Diaconus
883 1293 912 1375 *‚
938 1306 971 1364 et
995 1294 1140 1364 retertur
1168 1297 1201 1363 in
1225 1292 1304 1363 cleri
1329 1285 1415 1358 catala-

192 1405 288 1542 {um
308 1398 341 1454 et
364 1396 436 1454 erat
457 1397 630 1471 tamquam
647 1382 818 1470 quaedam
843 1381 899 1452 fax
915 1383 1035 1454 lucens
1052 1384 1086 1452 in
1114 1383 1270 1463 tenebris,
1286 1374 1416 1450 etmulti*
1448 1409 1450 1498 Ι

217 1472 368 1544 educens
392 1471 434 1542 ad
458 1473 545 1542 viam
572 1471 718 1560 pietatis.
741 1475 879 1562 Oportet
902 1485 1016 1542 autem
1043 1471 1160 1542 lumen
1187 1469 1314 1562 imponi
1334 1461 1416 1536 cande
1449 1535 1450 1548 ,

194 1561 301 1644 labro,
321 1575 359 1632 ut
385 1562 434 1632 sic
460 1562 535 1652 ejus
559 1559 742 1649 splendore
770 1559 888 1651 plures
919 1559 1219 1632 illuminarentur:
1249 1573 1341 1646 atque
1365 1551 1414 1620 ado

194 1651 258 1720 suit
282 1651 433 1741 positum
448 1687 458 1728 ‚·
487 1651 536 1720 sic
561 1649 678 1718 divina
713 1648 912 1738 providente
936 1671 956 1719 a
986 1651 1122 1750 superis
1155 1643 1408 1734 administrationi.

193 1745 276 1810 Nam
302 1761 382 1810 cum
401 1737 575 1808 llilciades
598 1759 617 1807 e
638 1738 705 1808 vita
720 1738 929 1818 excessisset,
947 1759 1106 1809 omniurn
1130 1737 1302 1829 suffragiis
1316 1741 1414 1804 morto·

195 1829 305 1898 simus
332 1828 501 1918 sylvester
519 1826 584 1896 luit
601 1826 637 1862 ⁸
653 1826 782 1896 electus
812 1831 1046 1897 Romanorum
1072 1828 1271 1918 Episcopus.
1294 1829 1324 1894 ls
1343 1829 1415 1890 auten

195 1917 331 1988 dicebat
349 1915 436 1986 illud
456 1937 585 1986 munus
601 1935 676 1986 esse
701 1915 826 2006 majus,
853 1937 958 2003 quam
977 1927 1015 1987 ut
1038 1915 1072 1985 id
1097 1928 1211 2006 posset
1234 1915 1387 1986 sustinere.
1400 1921 1415 2003 tf

194 2029 230 2076 se
253 2005 438 2076 excusabat
456 2015 592 2096 propter
602 2003 791 2094 juvenilem
817 2016 973 2074 aetatem.
999 2005 1064 2088 Qui
1089 2017 1204 2074 autem
1221 2003 1360 2074 serebant
1377 2006 1409 2063 stt

194 2094 316 2186 fragia,
348 2094 511 2182 quoniam
541 2090 598 2162 ille
629 2113 697 2162 non
722 2092 882 2163 currebat
904 2092 946 2162 od
975 2095 1228 2184 magistratum,
1255 2095 1351 2163 immo
1373 2102 1415 2149 ren

194 2207 270 2254 oum
299 2182 411 2252 modis
436 2182 600 2253 omnibus
625 2180 822 2285 repellebat,
856 2203 936 2252 eum
964 2184 1075 2273 magis
1093 2183 1124 2252 ei
1159 2183 1233 2254 suis
1257 2173 1415 2252 mandata:

195 2271 382 2362 suffragiim
400 2283 433 2341 et
446 2269 583 2340 tandem
605 2270 685 2341 vicit
708 2270 841 2340 instans
860 2270 977 2361 populi
997 2271 1202 2352 constantia,
1225 2272 1306 2342 etin
1324 2263 1416 2358 Epist*

195 2373 296 2450 patus
320 2359 400 2430 sede
424 2357 488 2430 luit
503 2359 702 2442 collocatus,
728 2360 789 2447 qui
813 2379 852 2428 eo
869 2371 941 2430 erat
965 2359 1114 2451 dignus:
1140 2372 1174 2429 et
1194 2381 1272 2430 vere
1292 2367 1415 2429 eratct‘t·

197 2467 248 2521 tos
265 2471 372 2540 supra
389 2460 540 2520 montem
569 2449 691 2538 posita,
714 2461 747 2518 et
767 2448 906 2519 lucerua
937 2449 971 2518 iu
997 2449 1066 2519 alto
1090 2448 1270 2530 collocata,
1292 2460 1322 2518 et
1341 2443 1416 2512 lucet*

195 2538 370 2620 omnibus,
391 2537 519 2628 quibus
532 2557 600 2607 non
617 2537 727 2608 luerat
742 2538 889 2608 extincta
906 2539 1031 2607 mentis
1063 2537 1202 2607 videndi
1227 2536 1365 2610 facultas
1378 2541 1414 2592 aa·

195 2627 345 2699 tenebris
360 2626 546 2717 impietatis
568 2639 667 2696 erant
685 2627 823 2696 animae
846 2625 940 2696 oculi
955 2627 1097 2696 omnino
1117 2627 1300 2698 occaecati.

239 2719 257 2805 ς
282 2721 328 2788 θ.
356 2719 439 2786 Cum
464 2725 578 2784 autem
600 2715 649 2784 sic
664 2713 786 2786 suisset
802 2714 967 2805 dignatus
990 2715 1307 2806 Archiepiscopatu‚
1323 2719 1416 2796 etpra-

133 2849 144 2873 .
196 2805 304 2877 lectus
319 2818 408 2874 esset
433 2801 614 2894 pascendis
636 2804 759 2874 ovibus
784 2804 931 2884 bomini,
952 2804 1041 2875 sicut
1060 2809 1180 2874 Petrus
1204 2817 1351 2876 summus
1368 2800 1417 2878 lpo-

196 2893 316 2972 stolus‚
334 2893 435 2981 cujus
451 2893 552 2962 etiam
571 2890 674 2973 sedis,
694 2891 743 2962 vel
767 2892 879 2982 potius
895 2891 958 2962 zeli
982 2904 1015 2963 et
1038 2892 1173 2964 ardoris
1197 2892 1264 2964 luit
1279 2895 1410 2964 successes

196 3003 255 3081 cos
270 2981 311 3052 ad
331 2965 497 3050 salutaria
513 2979 706 3050 adducebat
724 3003 866 3070 pascuo,
887 2980 955 3064 Dei,
978 2982 1134 3070 inquam,
1156 2995 1189 3052 et
1206 2975 1417 3069 servatorem·

197 3082 256 3142 stri
276 3068 450 3151 mandata,
477 3081 509 3139 et
528 3068 571 3140 ad
595 3091 704 3156 aquas
731 3071 943 3159 poculentas,
964 3091 1087 3160 nempe
1103 3070 1306 3161 dogmatum
1328 3069 1418 3136 rectit·
1446 3151 1447 3154 Ἴ

196 3158 326 3239 dinem,
345 3172 482 3246 atquae
508 3179 575 3229 non
602 3158 810 3248 participant
826 3157 953 3228 salsam
968 3179 1101 3242 eorum,
1124 3161 1184 3247 qui
1201 3160 1292 3231 male
1306 3151 1416 3242 sentium·
1446 3155 1447 3160 ’

197 3247 409 3336 qualitatem.
437 3247 564 3316 Deinde
587 3249 690 3316 etiam
715 3268 834 3318 curam
860 3247 966 3336 gessit
986 3249 1068 3318 boni
1082 3249 1118 3317 in
1136 3248 1289 3320 Ecclesia
1311 3241 1416 3317 ordino

196 3350 228 3407 et
245 3359 325 3408 cum
352 3335 538 3406 invenisset
560 3335 703 3406 clericos
723 3335 911 3406 mundanis
934 3358 974 3405 ac
998 3337 1215 3408 secularibus
1240 3319 1417 3408 vacantestl·

198 3425 522 3507 ministrationibus,
550 3424 765 3512 intentosque
791 3426 1005 3508 mercaturis,
1024 3427 1325 3518 emptionibusque
1340 3429 1418 3510 etio·

198 3514 400 3616 ditionibus,
427 3512 486 3583 ille
509 3513 645 3602 primus
669 3513 777 3604 legem
804 3513 892 3596 tulit,
919 3516 1042 3616 utqui
1065 3516 1189 3586 sacrati
1213 3529 1329 3596 erant,
1351 3507 1381 3578 ab
1396 3515 1417 3592 ¹1⁵

198 3605 421 3684 abstinerent,
449 3615 607 3672 vacarent
630 3615 745 3673 autem
771 3603 943 3694 precibus,
969 3625 1020 3676 ers
1044 3603 1207 3675 dictitans
1232 3603 1279 3688 id,
1301 3597 1375 3692 quod
1390 3587 1417 3688 lt·

197 3703 292 3764 ctum
311 3691 421 3762 suerat
444 3714 464 3761 a
488 3713 566 3762 vase
580 3689 779 3762 electionis:
807 3697 907 3762 Nemo
931 3695 1084 3764 militans
1103 3696 1300 3785 amplicator
1314 3693 1415 3780 rrepottt·

198 3804 285 3874 quoe
309 3783 354 3850 od
376 3785 501 3850 victum
523 3783 702 3872 pertinent,
724 3792 761 3850 ut
786 3784 871 3850 Duri
890 3785 1025 3872 placeat
1053 3785 1223 3853 coercitus
1237 3784 1284 3873 (E.
1303 3784 1369 3850 Tim.
1384 3780 1416 3839 11¹·

198 3884 231 3940 et
247 3869 337 3958 quod
364 3870 449 3938 dixit
465 3868 581 3949 David,
609 3874 728 3939 Vocote
743 3880 775 3938 ct
791 3874 974 3968 copnosct'te
988 3871 1058 3960 (Pa.
1078 3872 1147 4029 bbg.
1167 3871 1281 3942 Hu'us
1295 3853 1417 3940 stianit·

197 3961 268 4029 vini
290 3958 485 4060 patrislnit
508 3959 699 4038 inventum,
726 3971 764 4029 ut
788 3979 922 4048 primus
941 3959 1015 4030 dies
1044 3961 1110 4031 heb
1136 3895 1290 4039 omadis,
1312 3952 1416 4027 nomint·

199 4061 293 4119 retur
317 4051 516 4116 Domnilaus
532 4045 601 4113 aaa..
615 4051 697 4116 Cum
724 4047 815 4116 enim
840 4047 963 4118 tudaei
987 4069 1066 4119 eum
1085 4050 1237 4139 primurn
1255 4044 1416 4118 vocarenttl

225 4225 410 4320 basfflglliir'
421 4225 552 4278 Augustino
563 4227 666 4268 testante
677 4231 760 4276 (contro
772 4229 840 4276 Petit..
850 4239 900 4281 cap.
913 4227 953 4280 lt).
962 4229 1095 4273 Hucellinl
1104 4239 1178 4282 papas
1189 4232 1306 4282 presbster
1315 4233 1359 4269 ent

227 4327 268 4354 *⁸*
282 4331 448 4374 portentosum
462 4333 619 4374 mendacrum!
634 4335 754 4376 exoletum
768 4336 883 4378 Baroutus
894 4334 919 4378 iu
930 4335 1061 4389 Annalibus,
1070 4339 1115 4380 sub
1126 4347 1187 4379 auno
1197 4341 1241 4380 tlt.
1258 4335 1374 4378 &mamert
1382 4327 1416 4364 Ψ

199 4375 759 4490 llllffssdltnfflff,ffiffiiffiffimwlbm
773 4391 899 4452 inreritum
912 4399 975 4436 esser
989 4391 1159 4454 praetereaque
1173 4396 1267 4434 nomina
1274 4389 1390 4437 reboamus
1396 4379 1415 4414 *θ’

293 4459 298 4476 .
573 4471 577 4488 ,
645 4441 702 4483 oltra
713 4443 738 4484 tn
748 4439 854 4484 Ecclesia
866 4445 1004 4487 institutum
1013 4445 1094 4488 misae.

1440 4607 1443 4650 l

1442 4653 1443 4680 t
