2972 4826
53 270 112 334 hiC.
134 272 151 334 9
395 287 431 332 nn
455 287 499 334 ss.
527 285 605 334 sino
629 287 666 332 nr
690 287 815 333 tvnnrto
839 287 889 332 rr.
1165 267 1230 333 239

51 371 218 440 sanctissimi
242 370 467 460 prosternitur
494 371 582 460 Syri,
611 371 812 460 promittens
829 392 864 440 se
889 391 1039 460 suosque
1062 371 1274 442 Christianae

49 459 186 549 religionis
209 461 391 550 participes
413 459 498 540 fieri,
526 459 555 528 si
579 458 793 530 orationibus
826 460 901 548 ejus
924 459 1075 530 sobolem
1105 459 1170 531 sibi
1198 481 1273 529 cer·

46 561 114 618 namt
127 547 321 619 restitutam.
349 549 450 637 Cujus
475 548 547 617 voci
580 548 736 638 protinus
761 548 892 618 vinnai
919 549 1117 638 respondit:
1138 572 1156 616 a
1176 549 1209 620 Si
1233 569 1274 617 ex

45 637 200 706 totocorde
222 636 419 716 credideris,
445 637 563 706 omnia
586 636 737 706 credenti
764 635 942 726 possibilia
966 650 1096 708 sunt.»
1121 637 1184 708 Illa
1210 659 1274 708 au-

45 738 90 793 tern
110 725 138 794 in
157 725 218 797 hac
242 737 463 816 permanente
479 726 682 806 constantia,
706 726 757 794 vir
775 725 830 794 [lei
854 724 996 796 domum
1014 727 1090 815 ejus
1116 728 1273 817 protinus

45 815 163 902 perunit.
188 813 304 902 ibique
319 835 423 904 super
442 815 589 903 jacentis
612 814 766 905 corporis
796 813 901 886 funus
925 816 1112 888 orationem
1138 815 1180 886 ad
1206 821 1272 887 tto-

42 903 141 973 nninum
158 902 255 986 fudit,
282 915 384 990 atque
400 903 487 972 vitae
509 917 542 972 et
566 901 670 972 saluti
694 903 859 992 pristinae
883 902 1082 974 defunctum
1109 905 1269 975 restituit.

41 993 125 1081 Coepit
138 993 247 1083 itaque
263 991 463 1062 adolescens
478 991 671 1081 glorificare
685 992 880 1074 Dominum,
896 992 986 1080 quod
1005 1015 1065 1082 per
1081 995 1271 1064 orationem

38 1079 130 1151 famuli
156 1083 226 1172 ejus
249 1103 271 1151 a
301 1081 478 1151 tenebrosa
501 1080 623 1150 fuisset
651 1102 706 1150 ere
734 1093 788 1150 tus
811 1080 978 1150 custodia.
1008 1082 1054 1152 td
1075 1082 1167 1170 quod
1193 1105 1272 1153 vero

36 1169 208 1240 miraculum
235 1169 336 1239 multi
360 1181 614 1250 concurrentes,
636 1103 814 1240 dicebant:
841 1175 986 1240 «Verus
1000 1185 1051 1241 est
1069 1175 1158 1242 Deus
1178 1171 1272 1241 Chri-

36 1257 204 1342 stianorum,
233 1281 337 1346 quem
364 1257 539 1348 praedicat
562 1258 618 1327 hic
641 1257 794 1328 famulus
816 1259 902 1346 ejus,
925 1260 935 1326 i
963 1281 1040 1329 sum
1069 1260 1160 1329 enim
1188 1261 1272 1330 ado-

35 1345 297 1418 raredebemus.n
312 1343 502 1416 lllaautetn
518 1346 733 1423 nobilissima
751 1347 865 1429 vidua,
892 1348 924 1415 vi
950 1369 1012 1417 ens
1035 1347 1147 1418 filium
1165 1371 1270 1420 suum

33 1454 141 1517 sanum,
164 1437 255 1523 quod
297 1435 426 1506 oflicita
451 1434 571 1516 fuerat,
591 1434 790 1506 festinanter
814 1435 978 1526 implevit;
1002 1437 1187 1525 statimque
1211 1438 1271 1508 ba·

32 1524 217 1609 ptizatacum
242 1459 319 1594 filio
341 1536 374 1594 et
404 1526 585 1612 utriusque
609 1546 710 1595 sexus
738 1524 881 1610 familia,
908 1523 1105 1613 relinquens
1130 1527 1271 1598 sacrile-

29 1612 103 1699 gium
115 1613 334 1694 idololatriae,
351 1613 474 1683 Christi
491 1635 526 1684 se
545 1611 688 1703 collegio
701 1613 851 1684 sociavit.
868 1612 930 1682 Sed
947 1627 980 1683 et
997 1615 1168 1686 immensa
1182 1615 1270 1686 mul-

29 1699 115 1771 titudo
140 1723 365 1794 paganorum,
392 1701 457 1772 hoc
481 1701 553 1772 viso
579 1701 766 1782 miraculo,
798 1702 967 1792 baptizata
992 1714 1064 1784 est,
1097 1703 1268 1776 Christum

29 1791 181 1861 bominum
201 1791 417 1861 confitentes.

58 1879 73 1966 ξ
91 1883 131 1952 8.
155 1885 324 1971 Egressus
340 1879 466 1948 dehinc
483 1901 502 1948 a
519 1877 705 1948 Veronensi
720 1877 815 1948 urbe·
829 1880 880 1948 vir
899 1881 1035 1949 Domini
1053 1886 1170 1971 Syrus,
1188 1901 1268 1951 cum

27 1968 138 2056 Papiam
163 1969 330 2050 tenderet,
356 1967 446 2037 fama
473 1978 724 2058 praecurrente,
752 1967 879 2039 relatus
902 1981 964 2038 est.
989 1973 1065 2039 Jam
1091 1983 1270 2038 vernante

27 2055 189 2146 ingressum
206 2059 290 2147 ejus
307 2056 478 2147 plurimae
507 2056 626 2146 populi
654 2055 774 2126 turbae
797 2079 836 2126 ex
859 2057 994 2127 civitate
1018 2059 1266 2138 confluxerant,

26 2159 227 2234 exspectantes
252 2165 396 2217 summo
412 2165 491 2215 cum
508 2144 678 2215 desiderio
693 2144 877 2216 adventum
897 2146 980 2216 tanti
994 2147 1103 2216 Patris
1117 2158 1151 2215 et
1169 2151 1269 2215 Prae-

26 2231 156 2308 dicatoris
179 2236 309 2307 salutis
329 2255 423 2304 suae.
451 2233 496 2303 td
514 2255 615 2321 quem
638 2232 856 2305 advenientes
871 2235 1021 2326 vestigiis
1046 2247 1267 2326 prosternun-

26 2333 77 2400 tur,
97 2325 143 2393 his
166 2325 316 2396 vocibus
333 2322 582 2394 exclamantes:
610 2327 687 2391 «ln
716 2321 843 2402 redere,
873 2323 1063 2414 ingredere,
1095 2323 1269 2394 desidera-

27 2407 191 2494 ntttstater,
203 2435 333 2484 revoca
343 2424 507 2494 errantes,
522 2411 659 2512 suscipe
670 2345 832 2570 abssectos,
847 2410 931 2482 doce
944 2413 1131 2504 imperitos,
1146 2412 1266 2492 libera,

26 2519 91 2581 quos
105 2504 253 2592 captivos
280 2500 545 2572 crudelissimus
560 2501 688 2570 detinet
736 2501 830 2582 ostis,
850 2523 931 2571 erue
948 2523 1021 2584 nos,
1048 2525 1087 2572 ac
1104 2501 1269 2572 institutis

25 2585 203 2662 salutaribus
220 2589 387 2672 informa,
413 2601 446 2659 et
462 2588 608 2660 transfer
623 2611 685 2659 nos
702 2589 737 2659 in
755 2601 888 2660 coetum
911 2592 980 2660 veri
999 2592 1067 2672 Dei,
1086 2603 1124 2661 ut
1140 2611 1267 2681 coguo-

21 2695 131 2749 scamus
147 2703 253 2770 quem
285 2699 348 2748 nos
362 2677 504 2748 adorare
516 2690 703 2769 oporteat.»
721 2683 811 2749 Hora
827 2690 940 2749 autem
956 2680 1088 2762 eadem,
1107 2690 1269 2770 operante

22 2765 62 2832 ilci
81 2767 272 2850 elementia,
293 2767 448 2854 quinque
470 2768 655 2858 tetigerunt
676 2789 756 2837 cum
782 2767 930 2850 infirmi,
957 2780 990 2838 et
1012 2767 1189 2840 confestim
1216 2768 1269 2836 in-

21 2857 194 2940 tegerrimae
227 2856 339 2928 saluti
364 2869 444 2926 sunt
481 2857 637 2926 restituti.
677 2861 928 2945 Ingressusque
962 2856 1107 2939 urbem,
1134 2857 1269 2927 futurae

20 2947 228 3102 prnffcritatis
253 2945 334 3037 ejus
358 2945 575 3014 annuncians
599 2944 802 3033 depromisit
827 2947 1065 3035 praesagium:
1098 2945 1269 3016 Delectare

17 3049 66 3185 gau
90 3034 140 3118 iis,
156 3037 244 3107 urbs
262 3033 427 3127 gloriosa,
446 3034 561 3123 Papia,
587 3033 668 3120 quia
694 3033 804 3102 veniet
827 3033 889 3103 tibi
905 3033 948 3103 ab
972 3035 1119 3104 aeternis
1140 3035 1268 3104 monti-

34 3141 65 3190 us
84 3123 256 3210 erultatio,
286 3144 350 3192 nec
374 3121 550 3192 vocaberis
583 3123 747 3203 minima,
782 3121 839 3191 sed
878 3121 1015 3212 copiosa
1045 3123 1078 3190 in
1110 3122 1269 3192 finitimis

16 3208 196 3296 civitatibus
217 3225 255 3284 et
280 3233 342 3282 vae
358 3211 430 3292 tibi,
452 3209 616 3300 aquileja,
640 3231 718 3280 cum
744 3211 779 3278 in
800 3209 987 3301 impiorum
1012 3209 1176 3281 incideris
1197 3232 1269 3280 ma·

17 3317 73 3381 nns,
96 3302 301 3382 destrueris,
322 3321 383 3370 nee
399 3300 489 3371 ultra
508 3298 723 3369 reaedificata
745 3320 934 3391 consurges
952 3299 980 3368 *.
1006 3298 1128 3390 Populi
1152 3311 1267 3368 autem

17 3389 175 3463 multitudo
190 3389 392 3464 clamabat:
419 3393 531 3479 «Ipse
548 3409 624 3458 vere
647 3387 742 3458 solus
767 3401 818 3458 est
841 3393 940 3470 Deus,
967 3409 1068 3477 quem
1093 3385 1269 3479 praedicat

16 3471 54 3544 hie
73 3480 297 3552 beatissimus
314 3482 422 3559 Pater;
448 3478 508 3565 qui
524 3487 637 3548 autem
660 3474 752 3547 idola
776 3477 904 3560 colunt,
932 3477 1078 3548 vanitate
1102 3475 1267 3548 stultitiae

18 3563 85 3649 pleni
107 3583 245 3640 sunt.»
281 3571 445 3636 hunuens
470 3579 584 3637 autem
616 3566 776 3636 universo
800 3565 944 3668 collegio
972 3567 1024 3636 vir
1053 3566 1123 3648 Dei,
1156 3565 1264 3635 dixit:

17 3659 220 3730 tinnstantes
234 3667 357 3734 estote,
376 3655 546 3725 carissimi
560 3653 635 3736 filii,
651 3655 874 3741 certatimque
888 3654 1027 3745 implete
1050 3677 1152 3747 opere
1173 3653 1266 3744 quod

17 3759 73 3813 tnce
93 3747 266 3837 profertis.
297 3744 428 3815 Credite
442 3749 560 3815 lesum
586 3743 759 3814 Christum
784 3743 842 3813 Dei
866 3764 942 3814 esse
961 3743 1085 3823 filium,
1106 3755 1182 3812 ante
1213 3765 1264 3812 se.-

17 3831 158 3927 mlacum
188 3842 293 3906 Patre
313 3845 520 3912 manentem,
549 3835 655 3902 Deum
680 3853 720 3901 ex
744 3837 822 3914 Deo,
850 3832 1058 3903 invisibilem
1080 3831 1122 3904 de
1146 3832 1267 3901 innisi·

18 3913 67 4002 hli,
85 3926 360 4016 omnipotentem
390 3922 432 3992 de
454 3921 699 4010 omnipotente;
722 3933 754 3990 et
770 3932 808 3992 ut
838 3942 901 3991 nos
924 3920 1107 3991 redimeret
1130 3942 1268 3992 assum-

21 4011 98 4090 psisse
119 4035 264 4085 carnem
291 4033 333 4081 ex
362 4011 510 4100 Virgine,
542 4023 574 4079 et
602 4031 661 4099 pen·
689 4022 844 4100 tempora
875 4021 908 4080 et
931 4023 1028 4080 actus
1052 4011 1199 4080 crevisse
1230 4022 1268 4078 ut

21 4115 90 4169 tetus
111 4103 228 4184 horno,
250 4103 290 4170 in
307 4099 435 4170 Deitate
460 4119 666 4188 permanens
689 4103 943 4168 recusimus.»
969 4104 1180 4186 Secutusque
1207 4103 1268 4168 Dn-

24 4185 134 4262 uinieae
157 4189 341 4283 passionis
364 4199 397 4257 et
422 4187 694 4268 resurrectionis,
725 4200 827 4275 atque
858 4187 893 4255 in
917 4187 1030 4258 coelos
1055 4186 1268 4258 ascensionis

24 4271 143 4361 aternam,
170 4277 345 4350 omnibus
369 4275 590 4347 audientibus
616 4276 750 4367 aperuit
766 4290 1032 4358 sacramentum,
1048 4275 1268 4346 annuncians

40 4399 180 4449 'tammum
188 4407 237 4448 hoc
248 4403 326 4446 refert
336 4399 496 4452 Liutprutdtatt
505 4405 580 4446 Tictn.
591 4403 633 4451 lib.
644 4406 663 4451 ³.
673 4413 723 4454 cup.
734 4406 753 4445 2.
