2994 4832
65 253 166 316 bll.5
422 271 460 317 ou
482 271 509 318 s.
536 271 614 318 snm
638 271 710 318 aas.
735 272 774 318 ur
797 270 888 318 conr.
1181 255 1244 320 tos

64 377 174 442 quorum
199 355 352 424 omnium
380 369 496 426 auctor
518 369 549 424 et
572 356 669 446 origo
693 368 744 425 est
773 359 928 438 Severus,
958 355 1026 436 cui,
1053 366 1092 424 ut
1115 355 1149 424 in
1175 358 1288 428 Antio·

60 447 141 512 clena
161 443 350 533 praesideat
374 443 533 526 Ecclesia,
560 445 761 516 mandatum
785 445 898 516 estad
919 465 1065 534 poenam
1090 457 1285 515 nostrorum

60 546 263 618 peccatomm,
291 533 334 602 ad
360 533 488 603 malum
513 534 652 620 quidem
687 533 783 622 prius
818 555 900 603 suae
936 533 1094 614 animae,
1121 546 1154 602 et
1185 535 1288 606 totius

57 621 194 690 [rolesiae
217 621 463 692 multitudinis.
490 621 667 705 Quomodo
690 623 781 690 enim
813 643 880 691 non
912 636 962 692 est
985 621 1201 703 absurdum,
1224 643 1289 693 nos

55 710 97 796 qui
117 731 229 779 sumus
252 711 542 800 Jerosotymttanr,
573 710 675 780 modo
699 710 813 781 doceri
839 710 881 780 de
908 711 986 792 side,
1013 711 1130 797 etqui
1157 710 1288 780 luimus

53 800 178 868 omnium
203 811 318 887 patres
340 799 384 868 ad
410 799 548 870 verbum
575 800 721 888 pietatis,
742 811 811 868 tam
829 801 904 870 se'ro
920 799 1028 869 videri
1046 799 1210 871 didicisse
1234 821 1287 870 ve·

53 909 107 956 rarn
128 887 347 978 religionem?
370 886 547 970 Quomodo
572 910 638 957 non
659 901 710 957 est
730 887 810 957 binc
830 888 1063 962 manifestum.
1082 888 1174 976 quod
1190 889 1286 968 haec,

48 997 115 1060 quae
146 989 295 1045 recenter
319 988 459 1066 apparet
485 989 518 1046 ct
542 977 772 1048 videturesse
796 978 959 1048 correctio
987 989 1098 1046 rectae
1127 989 1159 1046 et
1184 999 1288 1048 sanae

46 1063 118 1144 fidei,
134 1087 216 1151 quae
239 1065 307 1134 suit
327 1065 447 1134 tradita
478 1066 689 1153 epatribuS,
709 1087 777 1136 non
805 1078 855 1135 est
881 1087 995 1136 revera
1020 1066 1198 1145 eorrectio,
1226 1065 1284 1136 sed

47 1155 190 1238 perversio
211 1167 243 1223 et
263 1153 467 1223 adulteratio
484 1154 596 1242 potius
610 1155 697 1242 ejus,
715 1153 807 1240 quod
829 1167 917 1224 recte
941 1154 1054 1236 habet,
1072 1155 1146 1243 ejus
1173 1175 1288 1224 susce-

47 1255 108 1326 ptae
128 1242 311 1312 mercedem
337 1242 401 1324 iis,
420 1243 480 1330 qui
505 1243 766 1330 persuadentur,
795 1263 984 1332 procurans
1008 1243 1144 1313 animae
1168 1243 1287 1312 interi-

47 1335 128 1398 tum?
148 1335 213 1400 Non
237 1353 321 1421 ergo
347 1351 408 1400 nec
443 1331 613 1420 patiemur
640 1330 771 1418 aliquid
796 1330 890 1400 aliud
921 1331 1047 1400 addere
1077 1341 1211 1420 praeter
1234 1353 1286 1413 ea,

45 1439 115 1502 quae
135 1420 263 1490 decreta
288 1432 371 1490 sunt
396 1441 414 1489 a
439 1420 597 1490 trecentis
621 1431 653 1488 et
677 1419 793 1489 decem
814 1432 847 1489 et
861 1431 936 1490 octo
953 1419 1121 1509 patribus,
1137 1420 1198 1506 qui
1214 1419 1288 1490 lue-

47 1519 110 1576 runt
123 1508 244 1590 Niceae,
260 1521 296 1578 et
311 1509 423 1578 tribus
446 1529 534 1595 quae
555 1522 668 1599 postea
686 1519 890 1579 consecutae
905 1521 985 1580 suot
1000 1507 1160 1597 synodis:
1180 1529 1290 1596 neque

45 1595 202 1682 quiequam
226 1598 328 1666 aliter
352 1599 527 1668 innovare:
555 1597 612 1666 sed
639 1618 700 1688 pro
726 1619 765 1666 eo
789 1597 892 1667 etiam
910 1598 1044 1666 animas
1067 1595 1286 1686 profundere,

46 1695 71 1750 rt
84 1683 351 1768 innumerabiles,
374 1687 497 1756 silleri
523 1688 642 1776 possit,
671 1697 796 1756 mortes
822 1687 930 1775 parati
951 1707 1074 1755 sumus
1097 1686 1286 1775 suscipere.

48 1777 98 1839 Par
120 1787 221 1844 autem
246 1777 332 1855 Dei,
359 1796 448 1861 quae
471 1787 611 1865 superat
635 1795 772 1844 omnem
802 1774 1078 1865 intelligentiam,
1098 1773 1200 1842 fidem
1229 1797 1290 1845 no-

50 1871 131 1930 stram
152 1863 317 1933 custodiet
343 1877 521 1944 sanctam,
543 1875 575 1933 et
599 1862 732 1932 sedabit
757 1875 990 1953 tempestatem
1007 1918 1015 1944 ,
1032 1885 1131 1950 uuae
1154 1875 1205 1932 est
1228 1864 1290 1933 ad-

53 1969 144 2020 sersus
162 1973 230 2022 earn
255 1952 417 2033 excitata,
437 1963 525 2022 nutu
549 1961 678 2021 vestrae
704 1953 884 2052 potentiae,
903 1953 946 2022 ad
971 1950 1048 2039 ejus
1072 1951 1231 2042 gloriam,
1258 1967 1291 2023 et

57 2035 137 2106 «tenus
154 2041 194 2126 pii
217 2041 324 2112 vestri
345 2051 379 2109 et
402 2040 554 2130 religiosi
579 2040 768 2130 imperii.»

93 2127 182 2208 §bd
203 2133 385 2200 Caeterum
406 2133 595 2218 Imperator
618 2129 757 2216 quidem
783 2151 863 2198 cum
889 2130 978 2200 hanc
1005 2128 1193 2218 accepisset
1216 2132 1290 2220 epi-

59 2209 164 2294 stolam,
182 2218 211 2285 in
229 2217 332 2288 aliud
360 2229 495 2307 tempus
525 2217 661 2288 distulit
694 2217 923 2307 respondere:
961 2239 1041 2286 curn
1079 2218 1170 2288 enim
1208 2231 1290 2288 tunc

60 2301 170 2400 tepebat
187 2307 356 2393 praedam
380 2306 559 2376 barbarica
583 2307 764 2396 expeditio.
783 2307 885 2378 Nobis
909 2319 1022 2378 autent
1049 2317 1131 2376 sunt
1159 2308 1291 2394 reliqua

59 2386 209 2472 adpetenda
237 2397 353 2486 hujus
388 2395 450 2465 tiri
486 2396 755 2467 narrationibus,
788 2401 867 2466 Post
892 2397 1060 2485 injustum
1087 2395 1173 2465 illud
1199 2396 1290 2468 Eliae

55 2475 222 2553 Palaestinae
246 2483 421 2554 antistitis
440 2485 611 2566 exsilium,
629 2484 738 2554 sames
760 2484 929 2571 quaedam
954 2495 987 2555 et
1005 2486 1150 2574 penuria
1174 2507 1289 2556 rerum

51 2574 306 2654 necessariarum,
334 2573 469 2643 siccitas
504 2595 641 2661 quoque
671 2586 704 2642 et
734 2573 877 2654 locusta,
905 2586 937 2645 et
967 2595 1087 2664 graves
1120 2575 1288 2661 quaedam

47 2653 157 2744 plegae,
183 2662 334 2753 integris
360 2662 514 2749 quinque
537 2662 640 2732 annis
664 2673 910 2752 oppresserunt
937 2663 1178 2732 Palaestinam.
1206 2668 1289 2733 Cum

46 2765 104 2814 tero
124 2763 229 2820 essent
253 2760 402 2840 septem,
420 2771 508 2838 quae
530 2751 575 2821 ab
595 2751 671 2840 ipso
690 2751 877 2822 constituta
901 2750 1047 2831 lucrant,
1069 2752 1287 2832 monasteria,

43 2845 222 2922 equorum
249 2841 330 2928 ipse
353 2859 471 2908 curam
497 2840 659 2929 gerebat,
687 2838 776 2909 nulli
800 2861 918 2910 eorum
944 2839 1116 2910 redditum
1147 2863 1186 2910 ac
1212 2862 1292 2931 pro·

42 2937 155 2994 rentum
172 2927 344 3018 providit:
371 2927 430 2997 sed
454 2949 534 2997 cum
560 2933 626 2998 Deo
647 2949 765 2998 eorum
782 2949 918 2998 omnem
938 2929 1136 3000 mandasset
1155 2951 1288 3010 curam,

41 3021 64 3078 et
82 3033 116 3082 ea
137 3016 298 3086 similiter
315 3019 553 3116 premerentur
570 3039 684 3086 rerum
702 3016 859 3088 omnium
878 3017 1006 3107 inopia,
1025 3018 1084 3087 ille
1104 3039 1170 3087 non
1189 3017 1291 3088 modo

40 3099 107 3169 nibil
126 3103 188 3174 vile
211 3119 245 3175 et
265 3104 439 3194 abjectum
456 3117 508 3176 est
524 3105 673 3177 locutus:
692 3104 872 3175 sedetiam
892 3127 1085 3176 convocans
1101 3106 1291 3178 Praefectos

39 3194 319 3275 monasteriorum,
336 3193 503 3264 suadebat
518 3205 557 3264 ut
574 3205 713 3285 propter
727 3195 811 3264 haec
829 3193 916 3264 nibil
934 3205 1144 3284 angerentur
1158 3197 1287 3276 animo,

38 3297 128 3364 oeque
150 3282 191 3352 de
214 3305 278 3352 cor
303 3303 362 3352 ore
385 3283 570 3370 quicquam
595 3295 710 3352 essent
733 3283 892 3353 solliciti:
915 3282 973 3352 sed
991 3282 1093 3352 fidem
1110 3282 1288 3364 baberent,

38 3369 120 3450 patri,
134 3372 192 3456 qui
208 3303 342 3441 scielrat
365 3391 423 3441 eos
446 3371 502 3442 his
525 3371 692 3462 indigere,
709 3383 742 3441 et
756 3371 989 3463 omnipotente
1013 3392 1076 3442 sua
1100 3371 1234 3441 dextera
1251 3391 1292 3440 ea

38 3459 267 3545 suppeditabit.
284 3464 368 3529 Cum
394 3460 442 3530 sic
466 3483 547 3550 ergo
567 3461 742 3532 statuisset
766 3461 883 3542 Sabas,
900 3481 1094 3550 magnoque
1110 3471 1143 3528 et
1158 3459 1291 3529 excelso

38 3550 238 3619 essetanimo
264 3547 452 3638 praeditus
477 3550 510 3618 in
535 3572 586 3632 ea,
612 3571 701 3636 quae
725 3550 756 3618 ei
781 3551 934 3639 parebat,
963 3553 1073 3618 laura
1091 3547 1177 3618 adeo
1201 3547 1262 3616 del
1277 3587 1292 3600 -

38 3647 136 3704 rorant
159 3637 367 3718 necessaria,
385 3651 423 3708 ut
443 3659 485 3708 ne
509 3649 705 3728 suppeteret
723 3637 864 3728 quidem
891 3638 991 3739 panis
1011 3637 1054 3708 ad
1081 3642 1146 3706 beo
1164 3635 1293 3706 sacrifi·

39 3724 168 3820 candum
192 3738 227 3796 ct
250 3726 478 3797 offerendum.
504 3727 641 3798 Accedit
664 3749 746 3816 ergo
770 3727 819 3808 is,
846 3749 904 3796 cur
927 3727 1153 3797 commissum
1183 3724 1295 3796 luerat

40 3812 265 3908 ministerium,
285 3815 487 3905 significans
510 3816 542 3886 ei
565 3815 810 3886 calamitatcmr
836 3827 869 3886 et
893 3815 997 3885 simul
1014 3815 1295 3905 appropinquare

39 3895 112 3968 diem
133 3903 349 3972 bominicum
365 3905 395 3973 ei
412 3904 447 3974 in
473 3905 672 3974 memoriam
699 3925 878 3974 revocans:
905 3916 938 3974 et
960 3903 1052 3991 quod
1079 3925 1146 3972 non
1172 3901 1295 3993 poterit

40 3987 138 4074 utique
160 3991 329 4062 celebrari
353 3991 508 4062 divinum
534 3993 764 4082 mysterium,
797 4014 877 4062 cum
913 4013 1024 4079 neque
1057 3993 1159 4082 panis
1186 3991 1293 4063 sitin

42 4077 130 4175 laura
152 4081 195 4148 ad
221 4080 442 4163 oblationem,
472 4103 583 4170 neque
606 4080 738 4169 aliquid
763 4079 858 4151 aliud
884 4102 924 4152 ax
948 4081 1051 4152 rebus
1076 4079 1292 4152 necessariis.

42 4165 89 4232 bed
113 4167 194 4238 baec
219 4169 360 4255 quidem
386 4170 455 4240 ille.

73 4255 172 4338 lob.
192 4261 318 4347 llagna
332 4272 444 4328 autem
467 4258 525 4328 illa
542 4279 658 4328 revera
675 4270 707 4328 et
723 4257 940 4328 admirabilis
956 4258 1085 4340 anima,
1104 4279 1146 4328 ne
1159 4256 1208 4328 sic
1221 4257 1294 4345 qui·

46 4335 102 4410 lem
126 4345 320 4436 desperarit
342 4345 384 4416 de
407 4348 465 4417 Dei
488 4347 675 4430 curatione,
702 4357 735 4417 et
758 4346 895 4416 arcanis
918 4356 951 4417 et
974 4345 1209 4418 ineffabilibus
1230 4343 1293 4414 viis
