2960 4824
64 277 120 342 lll.
139 280 168 342 ll
282 283 287 291 '
434 299 475 344 on
498 299 526 345 s.
553 297 687 344 nantem
711 297 837 345 srrmrn
1166 278 1229 346 2⁹79

60 379 135 449 talem
151 381 307 469 jussisset,
324 381 482 472 permisit
505 394 544 452 ut
566 383 655 452 irent
677 405 747 469 quo
771 382 908 452 vellent.
933 382 996 452 llle
1019 393 1133 452 autem
1157 395 1191 452 et
1214 383 1274 470 qui

57 489 111 536 cun
130 489 162 538 eo
181 483 280 553 erant,
307 471 578 542 renunciationis
602 493 734 542 sacram
761 483 941 558 sequentes
972 471 1141 561 regulam,
1176 471 1276 540 babi-

56 569 104 626 tum
124 560 350 630 nronaclrorum
373 561 487 630 Sancti
512 560 674 630 manibus
698 559 884 651 accipiunt,
906 571 939 630 et
963 561 1120 630 Edranus
1146 572 1276 631 mutato

54 646 156 714 nornine
175 649 223 736 pie
236 661 373 720 vocatur
395 649 501 719 Titus.
520 655 635 737 Neque
649 666 727 720 vero
742 650 817 738 ipse
830 655 1023 738 imperator
1038 649 1208 740 ignoravit
1225 649 1273 731 id,

52 733 115 819 quod
135 733 249 806 lactum
274 738 407 823 luerat,
437 738 497 807 sed
532 759 612 808 cum
638 739 848 820 rescivisset,
878 739 913 807 id
939 758 1040 828 aegre
1067 737 1219 819 ferebat;
1246 751 1279 808 et

53 823 134 902 mittit,
148 826 202 914 qui
216 826 346 896 Edrano
363 828 542 917 exprobret
565 829 640 916 ejus
657 846 843 897 recessum.
862 831 1046 913 Postquam
1071 839 1198 908 autem,
1216 829 1277 914 qui

52 910 146 982 missus
166 913 280 997 luerat,
306 937 345 985 co
373 916 463 985 novit
492 915 591 984 illum
617 915 890 998 immutabilem,
921 927 953 984 et
984 915 1048 985 tuit
1074 911 1139 985 hoc
1171 916 1276 986 etiam

51 1001 134 1068 Sancti
154 1001 266 1075 litteris
279 937 536 1086 confirmatum,
552 1005 731 1094 desperato
747 1005 871 1086 reditu,
887 1005 1006 1074 statuit
1020 1003 1107 1073 nibil
1124 1004 1276 1095 amplius

49 1086 152 1158 addere.
169 1095 281 1181 Ipsum
306 1115 384 1164 vero
404 1093 517 1163 'litum
541 1105 656 1186 tantus
680 1093 785 1164 subiit
810 1094 927 1183 magni
947 1093 1041 1164 zelus
1064 1104 1096 1163 et
1116 1093 1273 1175 imitatio,

50 1176 164 1275 utillius
186 1181 283 1251 etiarn
305 1182 554 1252 nutrimentum
582 1182 717 1252 curiose
744 1183 944 1269 inquireret,
970 1193 1003 1252 et
1030 1181 1277 1272 magnifaceret

51 1268 273 1354 scirequidnam
294 1271 502 1351 comederet;
520 1280 555 1339 et
569 1271 733 1358 quoniam
759 1291 827 1342 non
848 1271 996 1351 videbat,
1019 1270 1097 1340 aliis
1111 1270 1277 1342 fratribus

51 1365 104 1438 post
115 1359 232 1428 cantica
256 1361 449 1450 vespertina
475 1379 511 1430 se
537 1359 581 1428 ad
610 1361 759 1447 quietem
792 1359 1061 1440 conferentibus,
1088 1359 1162 1450 ipse
1185 1360 1274 1430 clam

48 1443 187 1538 ¹qrrediens
200 1469 218 1516 e
233 1447 445 1532 dormitorio,
465 1447 591 1518 latebat
607 1461 683 1538 post
697 1451 891 1530 columnas,
913 1459 946 1519 et
961 1452 1124 1518 Sanctum
1141 1449 1277 1520 curiose

47 1530 188 1622 indagans,
211 1537 368 1626 praebuit
389 1537 555 1608 fratribus
578 1537 728 1628 speciem
754 1537 931 1624 quandam
948 1549 981 1606 et
1003 1537 1203 1626 opinionem
1221 1560 1277 1609 sc·

47 1619 158 1691 cordiae.
174 1625 234 1694 Sed
259 1649 340 1696 curn
366 1628 444 1696 totis
459 1638 588 1717 septem
604 1625 728 1696 diebus
745 1626 832 1695 nihil
850 1647 903 1695 arn
910 1625 1001 1716 plius
1017 1625 1164 1708 rescivit,
1183 1649 1224 1696 co
1249 1627 1277 1696 i-

48 1707 170 1808 tationem
192 1733 289 1784 suam
311 1720 436 1785 Sancto
452 1715 573 1805 aperit,
589 1728 623 1785 et
647 1711 754 1805 rogat,
774 1726 812 1785 ut
835 1715 927 1785 dicat
950 1732 993 1783 an
1019 1713 1102 1802 quid
1120 1649 1277 1786 comedint

46 1797 257 1873 abbandum
279 1805 310 1872 is
334 1818 447 1874 autem
465 1825 502 1874 se
521 1803 699 1873 comedere
718 1804 858 1891 quidem
875 1815 907 1873 et
923 1803 1039 1874 bibere
1054 1801 1272 1887 affirmasset,

46 1884 87 1952 sed
105 1888 290 1978 adjecisset:
309 1913 328 1958 s
346 1898 451 1962 Tanto
475 1905 553 1963 utor
568 1893 743 1975 alimento,
761 1903 930 1980 quantum
951 1891 1079 1962 sufficit
1096 1892 1138 1960 ad
1157 1894 1276 1963 vinou-

46 1969 98 2040 lun
115 1981 254 2067 corporis
273 1981 536 2051 continendum.
552 1985 623 2051 Non
643 1981 737 2050 enim
753 1981 900 2052 vivimus
925 1982 1035 2072 gratia
1055 1979 1273 2064 deliciarum,

46 2061 85 2128 ted
98 2067 193 2152 potius
208 2070 396 2150 nutrimur,
414 2083 452 2140 ut
475 2071 650 2160 possimus
666 2069 788 2151 vivere3
808 2093 825 2137 »
842 2069 900 2138 ille
914 2069 1055 2156 quidem
1076 2068 1276 2139 adoratione

46 2167 116 2220 sucu
130 2157 324 2247 significans
341 2159 621 2240 submissionem,
641 2159 737 2228 abiit:
756 2158 946 2228 decaetero
963 2171 1078 2228 autem
1097 2159 1131 2226 in
1150 2158 1228 2227 cibo
1244 2167 1277 2229 et

47 2256 134 2310 sonno
157 2259 246 2317 tanta
276 2247 436 2316 cautione
460 2269 546 2318 usus
570 2259 621 2316 est
643 2258 677 2318 et
706 2247 954 2330 observatione,
977 2259 1016 2317 ut
1039 2247 1107 2316 cibi
1134 2247 1275 2335 quidem

48 2336 141 2398 tantun
159 2348 322 2417 sumeret,
340 2349 508 2424 quantum
529 2335 657 2406 sufficit
681 2337 723 2406 ad
744 2336 941 2406 vivendum.

67 2417 94 2511 ¹l
107 2423 172 2490 80.
190 2425 362 2494 Adversus
379 2445 540 2495 somnum
565 2438 678 2494 autem
700 2425 837 2512 qualern
853 2423 1002 2494 ostendit
1018 2445 1205 2514 generosus
1220 2423 1276 2495 hic

50 2519 86 2598 nr
96 2504 356 2582 decertationem?
370 2518 452 2584 Cum
472 2533 507 2582 se
522 2513 665 2584 funibus
680 2513 723 2583 ab
738 2514 852 2583 axillis
867 2513 1020 2584 medium
1040 2513 1278 2602 suspendisset

47 2607 70 2655 u
87 2597 156 2680 aire,
172 2601 212 2670 ad
241 2613 364 2692 pectus
386 2602 536 2672 extendit
559 2603 725 2683 tabulam,
747 2615 780 2671 et
803 2601 931 2671 librum
958 2603 1104 2690 imponit
1124 2600 1274 2684 tabulae,

45 2691 69 2776 ut
83 2697 246 2777 utrumque
269 2690 410 2772 faceret,
433 2711 557 2779 nempe
579 2704 618 2761 ut
637 2703 668 2760 et
684 2691 735 2761 sic
752 2711 944 2781 suspensus
969 2701 1082 2779 posset
1102 2689 1225 2780 legere,
1245 2701 1278 2760 et

43 2786 61 2832 st
74 2771 199 2869 allabore
212 2779 406 2867 aliquando
423 2791 592 2868 oporteret
615 2779 658 2849 ad
684 2798 846 2849 somnum
864 2780 1027 2858 converti,
1043 2779 1159 2848 tabula
1174 2787 1278 2869 capul

40 2875 181 2954 occiperet,
201 2887 329 2958 parum
354 2867 538 2938 consolans
561 2868 630 2938 rim
652 2881 806 2938 naturae.
829 2874 936 2956 Atque
957 2879 1029 2937 erat
1048 2869 1122 2957 ipse
1141 2887 1278 2956 quoque

40 2945 109 3018 litus
129 2957 328 3046 Imperatori
344 2979 446 3028 carus
470 2969 608 3046 propter
627 2957 810 3027 virtutem:
833 2969 865 3026 et
885 2957 1025 3045 quando
1048 2956 1092 3026 ad
1116 2969 1277 3027 sanctum

38 3039 208 3115 recondebat
234 3051 441 3134 Imperator,
460 3046 502 3115 ad
528 3047 643 3134 ipsum
670 3065 808 3136 quoque
832 3045 903 3115 ibat
932 3057 965 3114 et
992 3045 1141 3126 redibat,
1171 3065 1215 3115 ex
1238 3067 1279 3116 eo

38 3141 167 3221 magnam
189 3137 336 3224 capiens
360 3134 555 3204 utilitatem.
574 3138 680 3222 Atque
701 3133 758 3204 ille
773 3135 913 3220 quidem
939 3155 1018 3204 cum
1040 3134 1090 3203 sic
1105 3134 1209 3204 vitem
1225 3134 1279 3202 in-

38 3218 180 3304 stituisset,
198 3223 233 3292 in
255 3244 343 3314 pace
367 3221 494 3292 ibidem
520 3221 717 3293 obdormiit.
748 3228 819 3294 Non
848 3222 959 3294 solum
987 3233 1102 3292 autem
1130 3221 1205 3313 ipse
1228 3222 1280 3291 sic

36 3299 161 3390 adspexit
182 3313 223 3380 ad
248 3313 426 3393 virtutem,
446 3309 504 3380 sed
533 3330 627 3381 unus
644 3331 782 3402 quoque
809 3329 849 3382 cr
874 3312 949 3399 ejus
965 3309 1118 3392 famulis,
1138 3309 1280 3380 nomine

35 3389 194 3466 lnatolius:
215 3401 279 3488 qui
305 3399 364 3468 illo
384 3401 527 3481 vivente,
553 3419 625 3469 una
654 3421 734 3470 cum
762 3421 802 3470 eo
829 3398 958 3469 decebat
980 3399 1107 3490 jugum
1128 3399 1216 3468 vitae
1240 3416 1280 3469 ex

34 3475 138 3553 llristo
152 3489 321 3580 agendae:
338 3500 372 3558 et
390 3509 429 3557 eo
445 3489 660 3570 abscedente,
677 3487 792 3559 adbuc
809 3491 921 3578 magis
937 3489 1098 3559 virtutem
1114 3487 1278 3570 exercuit,

35 3571 182 3645 ttnultos
210 3578 303 3648 alios
326 3577 512 3667 participes
540 3575 619 3646 lecit
643 3577 814 3646 utilitatis.
835 3578 890 3646 Sic
915 3577 1081 3667 spiritalis
1108 3577 1217 3668 patris
1244 3577 1282 3646 in

35 3653 133 3744 triplici
148 3667 243 3753 prole
254 3665 526 3737 conservabatur
540 3665 662 3823 gloria,
677 3678 710 3735 et
725 3666 777 3736 sic
792 3665 857 3734 luit
870 3685 981 3756 genus
995 3665 1117 3748 fertile,
1130 3664 1222 3766 quod
1239 3663 1284 3735 ad

35 3741 160 3820 lunum
187 3755 323 3837 attinet,
351 3755 517 3824 Anatolio.
569 3753 728 3824 uodecim
757 3753 922 3844 discipuli
939 3755 969 3824 ei
988 3755 1133 3824 chorum
1154 3752 1286 3844 ample·

35 3825 101 3916 lant,
121 3862 237 3928 parem
252 3843 306 3913 illi
324 3843 436 3913 zelum
454 3843 627 3934 spirantes
641 3843 685 3912 ad
702 3864 753 3924 ea,
771 3863 861 3930 quae
884 3853 966 3912 sunt
990 3842 1111 3932 pulcra
1128 3853 1161 3912 et
1177 3841 1288 3913 hone·

36 3929 83 3988 Slt:
103 3941 133 3996 et
153 3932 184 4000 ei
209 3943 332 4023 postea
351 3953 450 4002 sacra
473 3931 575 4004 aedes
603 3931 827 4002 constituitur
848 3943 882 4001 et
902 3930 1163 4012 monasterium,
1184 3943 1217 4001 et
1234 3933 1288 4001 vir

38 4014 204 4090 aratctarus
219 4033 254 4091 et
270 4018 431 4112 insignis.
451 4020 515 4091 Sed
532 4020 617 4090 haec
633 4019 773 4108 quidem
794 4021 972 4090 hactenus.

67 4099 174 4183 54⁰.
204 4110 310 4180 Nobis
334 4121 450 4180 auum
486 4107 726 4180 revertendum
756 4119 810 4178 est
838 4109 931 4179 unde
965 4108 1113 4198 digressi
1146 4127 1284 4180 sumus.

44 4181 184 4286 lucenam
200 4211 284 4269 sunt
297 4219 349 4281 ea,
369 4217 458 4285 quae
474 4209 590 4286 postea
604 4196 694 4267 sacta
708 4209 789 4268 sunt
805 4197 849 4267 ab
864 4197 1063 4268 admirabili
1075 4195 1238 4267 Daniele?
1250 4201 1291 4267 Et

46 4277 217 4354 llibusnam
236 4287 416 4359 miraculis
429 4288 517 4357 vitae
531 4287 776 4357 convenienter
793 4287 934 4358 effectus
945 4299 997 4356 est
1036 4285 1286 4357 loriosus‘llm-

49 4373 297 4463 uniusquidem
315 4381 382 4448 Leo
405 4397 504 4450 suam
522 4375 631 4447 filiam
646 4375 830 4448 Ariadnam
841 4375 916 4466 jam
933 4307 1089 4447 uubiiem
1105 4372 1285 4464 conjungit
