<?xml version="1.0" encoding="UTF-8"?>
<!DOCTYPE html PUBLIC "-//W3C//DTD XHTML 1.0 Transitional//EN"
    "http://www.w3.org/TR/xhtml1/DTD/xhtml1-transitional.dtd">
<html xmlns="http://www.w3.org/1999/xhtml" xml:lang="en" lang="en">
 <head>
  <title>
</title>
<meta http-equiv="Content-Type" content="text/html;charset=utf-8" />
  <meta name='ocr-system' content='tesseract 3.04.00' />
  <meta name='ocr-capabilities' content='ocr_page ocr_carea ocr_par ocr_line ocrx_word'/>
</head>
<body>
  <div class='ocr_page' id='page_1' title='image "./historiaeseuvit00lippgoog_0409.png"; bbox 0 0 2954 4816; ppageno 0'>
   <div class='ocr_carea' id='block_1_1' title="bbox 243 259 1427 328">
    <p class='ocr_par' dir='ltr' id='par_1_1' title="bbox 243 259 1427 328">
     <span class='ocr_line' id='line_1_1' title="bbox 243 259 1427 328; baseline -0.005 -3"><span class='ocrx_word' id='word_1_1' title='bbox 243 261 306 326; x_wconf 76' lang='lat' dir='ltr'><strong>art</strong></span> <span class='ocrx_word' id='word_1_2' title='bbox 632 281 670 328; x_wconf 80' lang='lat' dir='ltr'><strong>nu</strong></span> <span class='ocrx_word' id='word_1_3' title='bbox 694 282 721 328; x_wconf 92' lang='lat' dir='ltr'><strong>s.</strong></span> <span class='ocrx_word' id='word_1_4' title='bbox 749 281 856 328; x_wconf 79' lang='lat' dir='ltr'><strong>ruoui</strong></span> <span class='ocrx_word' id='word_1_5' title='bbox 881 279 1037 326; x_wconf 82' lang='lat' dir='ltr'><strong>trosroto</strong></span> <span class='ocrx_word' id='word_1_6' title='bbox 1313 259 1384 322; x_wconf 78' lang='lat' dir='ltr'><strong>out.</strong></span> <span class='ocrx_word' id='word_1_7' title='bbox 1401 259 1427 320; x_wconf 73' lang='lat' dir='ltr'><strong>at</strong></span> 
     </span>
    </p>
   </div>
   <div class='ocr_carea' id='block_1_2' title="bbox 188 363 1466 4346">
    <p class='ocr_par' dir='ltr' id='par_1_2' title="bbox 194 363 1466 2486">
     <span class='ocr_line' id='line_1_2' title="bbox 242 363 1431 453; baseline -0.005 -20"><span class='ocrx_word' id='word_1_8' title='bbox 242 364 321 450; x_wconf 61' lang='grc' dir='ltr'><strong>Μ.</strong></span> <span class='ocrx_word' id='word_1_9' title='bbox 349 367 431 432; x_wconf 87' lang='lat' dir='ltr'><strong>Cum</strong></span> <span class='ocrx_word' id='word_1_10' title='bbox 457 375 570 433; x_wconf 90' lang='lat' dir='ltr'><strong>autem</strong></span> <span class='ocrx_word' id='word_1_11' title='bbox 588 363 661 452; x_wconf 87' lang='lat' dir='ltr'><strong>jam</strong></span> <span class='ocrx_word' id='word_1_12' title='bbox 686 363 820 434; x_wconf 76' lang='lat' dir='ltr'><strong>adesset</strong></span> <span class='ocrx_word' id='word_1_13' title='bbox 845 376 980 453; x_wconf 90' lang='lat' dir='ltr'><strong>tempus</strong></span> <span class='ocrx_word' id='word_1_14' title='bbox 1005 363 1267 450; x_wconf 90' lang='lat' dir='ltr'><strong>Assumptionis‚</strong></span> <span class='ocrx_word' id='word_1_15' title='bbox 1293 382 1354 450; x_wconf 92' lang='lat' dir='ltr'><strong>quo</strong></span> <span class='ocrx_word' id='word_1_16' title='bbox 1372 381 1431 428; x_wconf 88' lang='lat' dir='ltr'><strong>cum</strong></span> 
     </span>
     <span class='ocr_line' id='line_1_3' title="bbox 197 447 1428 542; baseline -0.005 -22"><span class='ocrx_word' id='word_1_17' title='bbox 197 471 248 531; x_wconf 86' lang='lat' dir='ltr'><strong>co,</strong></span> <span class='ocrx_word' id='word_1_18' title='bbox 266 451 355 539; x_wconf 89' lang='lat' dir='ltr'><strong>quod</strong></span> <span class='ocrx_word' id='word_1_19' title='bbox 381 474 421 521; x_wconf 83' lang='lat' dir='ltr'><strong>er</strong></span> <span class='ocrx_word' id='word_1_20' title='bbox 440 453 538 522; x_wconf 93' lang='lat' dir='ltr'><strong>nobis</strong></span> <span class='ocrx_word' id='word_1_21' title='bbox 561 467 807 542; x_wconf 77' lang='lat' dir='ltr'><strong>assumpserat,</strong></span> <span class='ocrx_word' id='word_1_22' title='bbox 825 452 1002 541; x_wconf 77' lang='lat' dir='ltr'><strong>oportebat</strong></span> <span class='ocrx_word' id='word_1_23' title='bbox 1026 451 1194 522; x_wconf 82' lang='lat' dir='ltr'><strong>Christum</strong></span> <span class='ocrx_word' id='word_1_24' title='bbox 1218 447 1428 520; x_wconf 84' lang='lat' dir='ltr'><strong>ascenderead</strong></span> 
     </span>
     <span class='ocr_line' id='line_1_4' title="bbox 200 537 1431 639; baseline -0.001 -32"><span class='ocrx_word' id='word_1_25' title='bbox 200 545 344 639; x_wconf 78' lang='lat' dir='ltr'><strong>Patrem,</strong></span> <span class='ocrx_word' id='word_1_26' title='bbox 371 541 445 630; x_wconf 90' lang='lat' dir='ltr'><strong>ipse</strong></span> <span class='ocrx_word' id='word_1_27' title='bbox 468 539 583 610; x_wconf 81' lang='lat' dir='ltr'><strong>educit</strong></span> <span class='ocrx_word' id='word_1_28' title='bbox 603 554 730 630; x_wconf 85' lang='lat' dir='ltr'><strong>mystas</strong></span> <span class='ocrx_word' id='word_1_29' title='bbox 749 556 844 611; x_wconf 82' lang='lat' dir='ltr'><strong>extra</strong></span> <span class='ocrx_word' id='word_1_30' title='bbox 857 541 1055 611; x_wconf 82' lang='lat' dir='ltr'><strong>bethaniam</strong></span> <span class='ocrx_word' id='word_1_31' title='bbox 1077 561 1186 628; x_wconf 89' lang='lat' dir='ltr'><strong>usque</strong></span> <span class='ocrx_word' id='word_1_32' title='bbox 1210 539 1254 609; x_wconf 92' lang='lat' dir='ltr'><strong>ad</strong></span> <span class='ocrx_word' id='word_1_33' title='bbox 1279 537 1431 608; x_wconf 79' lang='lat' dir='ltr'><strong>olivetum:</strong></span> 
     </span>
     <span class='ocr_line' id='line_1_5' title="bbox 197 625 1431 719; baseline 0 -23"><span class='ocrx_word' id='word_1_34' title='bbox 197 641 230 696; x_wconf 89' lang='lat' dir='ltr'><strong>et</strong></span> <span class='ocrx_word' id='word_1_35' title='bbox 245 627 316 698; x_wconf 82' lang='lat' dir='ltr'><strong>illic</strong></span> <span class='ocrx_word' id='word_1_36' title='bbox 340 627 382 697; x_wconf 90' lang='lat' dir='ltr'><strong>dc</strong></span> <span class='ocrx_word' id='word_1_37' title='bbox 406 650 442 697; x_wconf 90' lang='lat' dir='ltr'><strong>sc</strong></span> <span class='ocrx_word' id='word_1_38' title='bbox 461 627 646 706; x_wconf 89' lang='lat' dir='ltr'><strong>disserens;</strong></span> <span class='ocrx_word' id='word_1_39' title='bbox 672 643 706 699; x_wconf 88' lang='lat' dir='ltr'><strong>et</strong></span> <span class='ocrx_word' id='word_1_40' title='bbox 733 651 773 699; x_wconf 84' lang='lat' dir='ltr'><strong>ex</strong></span> <span class='ocrx_word' id='word_1_41' title='bbox 797 629 983 718; x_wconf 83' lang='lat' dir='ltr'><strong>scripturis</strong></span> <span class='ocrx_word' id='word_1_42' title='bbox 1010 628 1228 719; x_wconf 91' lang='lat' dir='ltr'><strong>conjungens</strong></span> <span class='ocrx_word' id='word_1_43' title='bbox 1258 625 1431 696; x_wconf 87' lang='lat' dir='ltr'><strong>testimonia.</strong></span> 
     </span>
     <span class='ocr_line' id='line_1_6' title="bbox 197 713 1433 810; baseline -0.004 -26"><span class='ocrx_word' id='word_1_44' title='bbox 197 737 276 784; x_wconf 88' lang='lat' dir='ltr'><strong>cum</strong></span> <span class='ocrx_word' id='word_1_45' title='bbox 301 729 333 785; x_wconf 94' lang='lat' dir='ltr'><strong>et</strong></span> <span class='ocrx_word' id='word_1_46' title='bbox 349 737 463 786; x_wconf 93' lang='lat' dir='ltr'><strong>coram</strong></span> <span class='ocrx_word' id='word_1_47' title='bbox 487 717 537 786; x_wconf 92' lang='lat' dir='ltr'><strong>eis</strong></span> <span class='ocrx_word' id='word_1_48' title='bbox 559 717 775 800; x_wconf 85' lang='lat' dir='ltr'><strong>comedisset,</strong></span> <span class='ocrx_word' id='word_1_49' title='bbox 801 731 833 788; x_wconf 88' lang='lat' dir='ltr'><strong>et</strong></span> <span class='ocrx_word' id='word_1_50' title='bbox 853 718 1090 788; x_wconf 86' lang='lat' dir='ltr'><strong>confirmasset</strong></span> <span class='ocrx_word' id='word_1_51' title='bbox 1108 740 1144 788; x_wconf 93' lang='lat' dir='ltr'><strong>se</strong></span> <span class='ocrx_word' id='word_1_52' title='bbox 1170 739 1237 787; x_wconf 92' lang='lat' dir='ltr'><strong>non</strong></span> <span class='ocrx_word' id='word_1_53' title='bbox 1264 737 1335 785; x_wconf 87' lang='lat' dir='ltr'><strong>esse</strong></span> <span class='ocrx_word' id='word_1_54' title='bbox 1356 713 1433 810; x_wconf 80' lang='lat' dir='ltr'><strong>spiri·</strong></span> 
     </span>
     <span class='ocr_line' id='line_1_7' title="bbox 197 805 1435 893; baseline -0.005 -21"><span class='ocrx_word' id='word_1_55' title='bbox 197 817 284 884; x_wconf 91' lang='lat' dir='ltr'><strong>tum,</strong></span> <span class='ocrx_word' id='word_1_56' title='bbox 304 818 341 874; x_wconf 94' lang='lat' dir='ltr'><strong>ut</strong></span> <span class='ocrx_word' id='word_1_57' title='bbox 366 806 430 893; x_wconf 82' lang='lat' dir='ltr'><strong>ipsi</strong></span> <span class='ocrx_word' id='word_1_58' title='bbox 455 805 742 888; x_wconf 86' lang='lat' dir='ltr'><strong>existimaverant,</strong></span> <span class='ocrx_word' id='word_1_59' title='bbox 762 819 795 876; x_wconf 89' lang='lat' dir='ltr'><strong>et</strong></span> <span class='ocrx_word' id='word_1_60' title='bbox 818 805 953 886; x_wconf 87' lang='lat' dir='ltr'><strong>deinde,</strong></span> <span class='ocrx_word' id='word_1_61' title='bbox 980 805 1114 875; x_wconf 89' lang='lat' dir='ltr'><strong>sublata</strong></span> <span class='ocrx_word' id='word_1_62' title='bbox 1140 827 1260 886; x_wconf 90' lang='lat' dir='ltr'><strong>manu,</strong></span> <span class='ocrx_word' id='word_1_63' title='bbox 1282 805 1330 873; x_wconf 90' lang='lat' dir='ltr'><strong>eis</strong></span> <span class='ocrx_word' id='word_1_64' title='bbox 1348 805 1435 870; x_wconf 89' lang='lat' dir='ltr'><strong>imm·</strong></span> 
     </span>
     <span class='ocr_line' id='line_1_8' title="bbox 197 893 1433 984; baseline -0.004 -24"><span class='ocrx_word' id='word_1_65' title='bbox 197 893 296 962; x_wconf 90' lang='lat' dir='ltr'><strong>sisset</strong></span> <span class='ocrx_word' id='word_1_66' title='bbox 313 893 595 974; x_wconf 91' lang='lat' dir='ltr'><strong>benedictionem,</strong></span> <span class='ocrx_word' id='word_1_67' title='bbox 618 894 676 963; x_wconf 92' lang='lat' dir='ltr'><strong>ille</strong></span> <span class='ocrx_word' id='word_1_68' title='bbox 695 894 835 983; x_wconf 89' lang='lat' dir='ltr'><strong>quidem</strong></span> <span class='ocrx_word' id='word_1_69' title='bbox 856 894 1011 964; x_wconf 87' lang='lat' dir='ltr'><strong>ascendit</strong></span> <span class='ocrx_word' id='word_1_70' title='bbox 1031 895 1063 962; x_wconf 95' lang='lat' dir='ltr'><strong>in</strong></span> <span class='ocrx_word' id='word_1_71' title='bbox 1079 893 1211 964; x_wconf 90' lang='lat' dir='ltr'><strong>coelos:</strong></span> <span class='ocrx_word' id='word_1_72' title='bbox 1241 894 1326 984; x_wconf 89' lang='lat' dir='ltr'><strong>ipsis</strong></span> <span class='ocrx_word' id='word_1_73' title='bbox 1347 902 1433 960; x_wconf 84' lang='lat' dir='ltr'><strong>auten</strong></span> 
     </span>
     <span class='ocr_line' id='line_1_9' title="bbox 196 981 1466 1072; baseline -0.003 -24"><span class='ocrx_word' id='word_1_74' title='bbox 196 1001 277 1049; x_wconf 94' lang='lat' dir='ltr'><strong>cum</strong></span> <span class='ocrx_word' id='word_1_75' title='bbox 305 1003 430 1069; x_wconf 89' lang='lat' dir='ltr'><strong>magno</strong></span> <span class='ocrx_word' id='word_1_76' title='bbox 453 983 580 1072; x_wconf 90' lang='lat' dir='ltr'><strong>gaudio</strong></span> <span class='ocrx_word' id='word_1_77' title='bbox 601 981 664 1053; x_wconf 90' lang='lat' dir='ltr'><strong>suit</strong></span> <span class='ocrx_word' id='word_1_78' title='bbox 682 983 811 1054; x_wconf 90' lang='lat' dir='ltr'><strong>reditus</strong></span> <span class='ocrx_word' id='word_1_79' title='bbox 836 984 869 1052; x_wconf 95' lang='lat' dir='ltr'><strong>in</strong></span> <span class='ocrx_word' id='word_1_80' title='bbox 886 982 1090 1052; x_wconf 83' lang='lat' dir='ltr'><strong>Jerusalem.</strong></span> <span class='ocrx_word' id='word_1_81' title='bbox 1117 981 1247 1065; x_wconf 83' lang='lat' dir='ltr'><strong>Quidni</strong></span> <span class='ocrx_word' id='word_1_82' title='bbox 1266 981 1353 1051; x_wconf 92' lang='lat' dir='ltr'><strong>enim</strong></span> <span class='ocrx_word' id='word_1_83' title='bbox 1374 999 1435 1066; x_wconf 78' lang='lat' dir='ltr'><strong>gau·</strong></span> <span class='ocrx_word' id='word_1_84' title='bbox 1465 1005 1466 1010; x_wconf 42' lang='lat'>¹</span> 
     </span>
     <span class='ocr_line' id='line_1_10' title="bbox 196 1067 1466 1160; baseline -0.005 -22"><span class='ocrx_word' id='word_1_85' title='bbox 196 1067 301 1151; x_wconf 88' lang='lat' dir='ltr'><strong>daret,</strong></span> <span class='ocrx_word' id='word_1_86' title='bbox 317 1082 349 1138; x_wconf 92' lang='lat' dir='ltr'><strong>ct</strong></span> <span class='ocrx_word' id='word_1_87' title='bbox 369 1091 447 1138; x_wconf 93' lang='lat' dir='ltr'><strong>cum</strong></span> <span class='ocrx_word' id='word_1_88' title='bbox 468 1069 546 1141; x_wconf 92' lang='lat' dir='ltr'><strong>aliis</strong></span> <span class='ocrx_word' id='word_1_89' title='bbox 567 1071 749 1142; x_wconf 88' lang='lat' dir='ltr'><strong>laetaretur</strong></span> <span class='ocrx_word' id='word_1_90' title='bbox 763 1071 958 1160; x_wconf 85' lang='lat' dir='ltr'><strong>discipulis,</strong></span> <span class='ocrx_word' id='word_1_91' title='bbox 984 1085 1225 1142; x_wconf 89' lang='lat' dir='ltr'><strong>sacrosanctus</strong></span> <span class='ocrx_word' id='word_1_92' title='bbox 1249 1071 1323 1148; x_wconf 88' lang='lat' dir='ltr'><strong>iste,</strong></span> <span class='ocrx_word' id='word_1_93' title='bbox 1341 1080 1370 1136; x_wconf 92' lang='lat' dir='ltr'><strong>et</strong></span> <span class='ocrx_word' id='word_1_94' title='bbox 1386 1087 1435 1132; x_wconf 86' lang='lat' dir='ltr'><strong>ma·</strong></span> <span class='ocrx_word' id='word_1_95' title='bbox 1464 1115 1466 1146; x_wconf 74' lang='lat'><strong>,</strong></span> 
     </span>
     <span class='ocr_line' id='line_1_11' title="bbox 196 1157 1466 1252; baseline -0.004 -26"><span class='ocrx_word' id='word_1_96' title='bbox 196 1179 287 1247; x_wconf 88' lang='lat' dir='ltr'><strong>gnus</strong></span> <span class='ocrx_word' id='word_1_97' title='bbox 310 1157 499 1246; x_wconf 78' lang='lat' dir='ltr'><strong>Apostolus,</strong></span> <span class='ocrx_word' id='word_1_98' title='bbox 523 1158 641 1230; x_wconf 91' lang='lat' dir='ltr'><strong>videns</strong></span> <span class='ocrx_word' id='word_1_99' title='bbox 666 1161 766 1230; x_wconf 91' lang='lat' dir='ltr'><strong>verba</strong></span> <span class='ocrx_word' id='word_1_100' title='bbox 781 1160 928 1230; x_wconf 89' lang='lat' dir='ltr'><strong>deducta</strong></span> <span class='ocrx_word' id='word_1_101' title='bbox 943 1181 1017 1230; x_wconf 88' lang='lat' dir='ltr'><strong>esse</strong></span> <span class='ocrx_word' id='word_1_102' title='bbox 1034 1159 1077 1228; x_wconf 87' lang='lat' dir='ltr'><strong>ad</strong></span> <span class='ocrx_word' id='word_1_103' title='bbox 1094 1160 1267 1240; x_wconf 90' lang='lat' dir='ltr'><strong>ellectum,</strong></span> <span class='ocrx_word' id='word_1_104' title='bbox 1293 1173 1325 1227; x_wconf 90' lang='lat' dir='ltr'><strong>et</strong></span> <span class='ocrx_word' id='word_1_105' title='bbox 1346 1175 1434 1224; x_wconf 82' lang='lat' dir='ltr'><strong>susce·</strong></span> <span class='ocrx_word' id='word_1_106' title='bbox 1465 1187 1466 1252; x_wconf 64' lang='lat'>3</span> 
     </span>
     <span class='ocr_line' id='line_1_12' title="bbox 198 1247 1435 1338; baseline -0.006 -25"><span class='ocrx_word' id='word_1_107' title='bbox 198 1258 273 1333; x_wconf 89' lang='lat' dir='ltr'><strong>ptae</strong></span> <span class='ocrx_word' id='word_1_108' title='bbox 290 1247 405 1315; x_wconf 90' lang='lat' dir='ltr'><strong>carnis</strong></span> <span class='ocrx_word' id='word_1_109' title='bbox 426 1268 543 1316; x_wconf 90' lang='lat' dir='ltr'><strong>verum</strong></span> <span class='ocrx_word' id='word_1_110' title='bbox 560 1269 635 1317; x_wconf 86' lang='lat' dir='ltr'><strong>essa</strong></span> <span class='ocrx_word' id='word_1_111' title='bbox 656 1250 870 1338; x_wconf 84' lang='lat' dir='ltr'><strong>mysterium,</strong></span> <span class='ocrx_word' id='word_1_112' title='bbox 895 1269 1003 1335; x_wconf 86' lang='lat' dir='ltr'><strong>neque</strong></span> <span class='ocrx_word' id='word_1_113' title='bbox 1020 1247 1148 1318; x_wconf 85' lang='lat' dir='ltr'><strong>trustra</strong></span> <span class='ocrx_word' id='word_1_114' title='bbox 1173 1249 1206 1316; x_wconf 92' lang='lat' dir='ltr'><strong>in</strong></span> <span class='ocrx_word' id='word_1_115' title='bbox 1233 1269 1273 1318; x_wconf 92' lang='lat' dir='ltr'><strong>eo</strong></span> <span class='ocrx_word' id='word_1_116' title='bbox 1299 1257 1435 1313; x_wconf 86' lang='lat' dir='ltr'><strong>versatam</strong></span> 
     </span>
     <span class='ocr_line' id='line_1_13' title="bbox 196 1329 1435 1424; baseline -0.005 -22"><span class='ocrx_word' id='word_1_117' title='bbox 196 1333 301 1404; x_wconf 88' lang='lat' dir='ltr'><strong>iuisse</strong></span> <span class='ocrx_word' id='word_1_118' title='bbox 318 1334 613 1404; x_wconf 78' lang='lat' dir='ltr'><strong>incredulitatem?</strong></span> <span class='ocrx_word' id='word_1_119' title='bbox 638 1340 742 1424; x_wconf 89' lang='lat' dir='ltr'><strong>Atque</strong></span> <span class='ocrx_word' id='word_1_120' title='bbox 765 1336 839 1406; x_wconf 91' lang='lat' dir='ltr'><strong>dics</strong></span> <span class='ocrx_word' id='word_1_121' title='bbox 862 1335 1000 1423; x_wconf 86' lang='lat' dir='ltr'><strong>quidem</strong></span> <span class='ocrx_word' id='word_1_122' title='bbox 1026 1336 1084 1406; x_wconf 84' lang='lat' dir='ltr'><strong>illa</strong></span> <span class='ocrx_word' id='word_1_123' title='bbox 1107 1360 1125 1405; x_wconf 90' lang='lat' dir='ltr'><strong>a</strong></span> <span class='ocrx_word' id='word_1_124' title='bbox 1151 1339 1298 1406; x_wconf 84' lang='lat' dir='ltr'><strong>Domino</strong></span> <span class='ocrx_word' id='word_1_125' title='bbox 1323 1329 1435 1424; x_wconf 86' lang='lat' dir='ltr'><strong>praesti·</strong></span> 
     </span>
     <span class='ocr_line' id='line_1_14' title="bbox 198 1419 1466 1522; baseline -0.009 -32"><span class='ocrx_word' id='word_1_126' title='bbox 198 1433 311 1522; x_wconf 77' lang='lat' dir='ltr'><strong>tutus,</strong></span> <span class='ocrx_word' id='word_1_127' title='bbox 341 1423 411 1506; x_wconf 79' lang='lat' dir='ltr'><strong>jam</strong></span> <span class='ocrx_word' id='word_1_128' title='bbox 453 1423 555 1494; x_wconf 85' lang='lat' dir='ltr'><strong>finem</strong></span> <span class='ocrx_word' id='word_1_129' title='bbox 580 1425 770 1515; x_wconf 84' lang='lat' dir='ltr'><strong>accipiebat</strong></span> <span class='ocrx_word' id='word_1_130' title='bbox 793 1424 1035 1494; x_wconf 89' lang='lat' dir='ltr'><strong>convenienter</strong></span> <span class='ocrx_word' id='word_1_131' title='bbox 1058 1425 1100 1494; x_wconf 92' lang='lat' dir='ltr'><strong>iis</strong></span> <span class='ocrx_word' id='word_1_132' title='bbox 1123 1447 1211 1513; x_wconf 89' lang='lat' dir='ltr'><strong>quae</strong></span> <span class='ocrx_word' id='word_1_133' title='bbox 1238 1424 1295 1493; x_wconf 88' lang='lat' dir='ltr'><strong>ille</strong></span> <span class='ocrx_word' id='word_1_134' title='bbox 1318 1423 1435 1492; x_wconf 77' lang='lat' dir='ltr'><strong>dixerat:</strong></span> <span class='ocrx_word' id='word_1_135' title='bbox 1464 1419 1466 1478; x_wconf 90' lang='lat' dir='ltr'><strong>l</strong></span> 
     </span>
     <span class='ocr_line' id='line_1_15' title="bbox 196 1509 1435 1601; baseline -0.005 -24"><span class='ocrx_word' id='word_1_136' title='bbox 196 1521 228 1578; x_wconf 89' lang='lat' dir='ltr'><strong>et</strong></span> <span class='ocrx_word' id='word_1_137' title='bbox 244 1509 382 1580; x_wconf 84' lang='lat' dir='ltr'><strong>divinus</strong></span> <span class='ocrx_word' id='word_1_138' title='bbox 400 1512 542 1601; x_wconf 90' lang='lat' dir='ltr'><strong>spiritus</strong></span> <span class='ocrx_word' id='word_1_139' title='bbox 555 1512 669 1584; x_wconf 89' lang='lat' dir='ltr'><strong>ad-eos</strong></span> <span class='ocrx_word' id='word_1_140' title='bbox 685 1513 860 1592; x_wconf 81' lang='lat' dir='ltr'><strong>advolans,</strong></span> <span class='ocrx_word' id='word_1_141' title='bbox 883 1525 1054 1600; x_wconf 88' lang='lat' dir='ltr'><strong>tamquam</strong></span> <span class='ocrx_word' id='word_1_142' title='bbox 1072 1535 1178 1582; x_wconf 92' lang='lat' dir='ltr'><strong>sonus</strong></span> <span class='ocrx_word' id='word_1_143' title='bbox 1202 1513 1343 1600; x_wconf 90' lang='lat' dir='ltr'><strong>quidam</strong></span> <span class='ocrx_word' id='word_1_144' title='bbox 1360 1509 1435 1576; x_wconf 84' lang='lat' dir='ltr'><strong>ssatus</strong></span> 
     </span>
     <span class='ocr_line' id='line_1_16' title="bbox 196 1597 1437 1692; baseline -0.006 -26"><span class='ocrx_word' id='word_1_145' title='bbox 196 1597 417 1681; x_wconf 68' lang='lat' dir='ltr'><strong>vehementis</strong></span> <span class='ocrx_word' id='word_1_146' title='bbox 438 1602 550 1671; x_wconf 91' lang='lat' dir='ltr'><strong>statim</strong></span> <span class='ocrx_word' id='word_1_147' title='bbox 570 1603 604 1670; x_wconf 94' lang='lat' dir='ltr'><strong>in</strong></span> <span class='ocrx_word' id='word_1_148' title='bbox 623 1600 760 1692; x_wconf 83' lang='lat' dir='ltr'><strong>linguas</strong></span> <span class='ocrx_word' id='word_1_149' title='bbox 780 1603 898 1692; x_wconf 85' lang='lat' dir='ltr'><strong>igneas</strong></span> <span class='ocrx_word' id='word_1_150' title='bbox 915 1600 1140 1670; x_wconf 86' lang='lat' dir='ltr'><strong>dividebatur.</strong></span> <span class='ocrx_word' id='word_1_151' title='bbox 1160 1602 1226 1684; x_wconf 82' lang='lat' dir='ltr'><strong>Qui</strong></span> <span class='ocrx_word' id='word_1_152' title='bbox 1247 1622 1327 1684; x_wconf 88' lang='lat' dir='ltr'><strong>cum</strong></span> <span class='ocrx_word' id='word_1_153' title='bbox 1346 1597 1437 1665; x_wconf 88' lang='lat' dir='ltr'><strong>luisset</strong></span> 
     </span>
     <span class='ocr_line' id='line_1_17' title="bbox 197 1686 1433 1788; baseline -0.007 -30"><span class='ocrx_word' id='word_1_154' title='bbox 197 1708 302 1788; x_wconf 88' lang='lat' dir='ltr'><strong>super</strong></span> <span class='ocrx_word' id='word_1_155' title='bbox 319 1709 613 1788; x_wconf 84' lang='lat' dir='ltr'><strong>unumquemque,</strong></span> <span class='ocrx_word' id='word_1_156' title='bbox 631 1689 777 1760; x_wconf 86' lang='lat' dir='ltr'><strong>faciebat</strong></span> <span class='ocrx_word' id='word_1_157' title='bbox 792 1711 850 1760; x_wconf 91' lang='lat' dir='ltr'><strong>eos</strong></span> <span class='ocrx_word' id='word_1_158' title='bbox 871 1689 964 1776; x_wconf 91' lang='lat' dir='ltr'><strong>loqui</strong></span> <span class='ocrx_word' id='word_1_159' title='bbox 989 1688 1118 1778; x_wconf 84' lang='lat' dir='ltr'><strong>linguis</strong></span> <span class='ocrx_word' id='word_1_160' title='bbox 1141 1689 1279 1768; x_wconf 89' lang='lat' dir='ltr'><strong>alienis,</strong></span> <span class='ocrx_word' id='word_1_161' title='bbox 1306 1686 1383 1757; x_wconf 89' lang='lat' dir='ltr'><strong>adeo</strong></span> <span class='ocrx_word' id='word_1_162' title='bbox 1402 1695 1433 1778; x_wconf 80' lang='lat' dir='ltr'><strong>ut.</strong></span> 
     </span>
     <span class='ocr_line' id='line_1_18' title="bbox 195 1771 1436 1876; baseline -0.001 -32"><span class='ocrx_word' id='word_1_163' title='bbox 195 1796 257 1862; x_wconf 85' lang='lat' dir='ltr'><strong>qui</strong></span> <span class='ocrx_word' id='word_1_164' title='bbox 286 1775 495 1859; x_wconf 79' lang='lat' dir='ltr'><strong>audiebant,</strong></span> <span class='ocrx_word' id='word_1_165' title='bbox 527 1777 746 1848; x_wconf 88' lang='lat' dir='ltr'><strong>afficerentur</strong></span> <span class='ocrx_word' id='word_1_166' title='bbox 774 1801 827 1848; x_wconf 89' lang='lat' dir='ltr'><strong>ma</strong></span> <span class='ocrx_word' id='word_1_167' title='bbox 857 1799 899 1847; x_wconf 94' lang='lat' dir='ltr'><strong>na</strong></span> <span class='ocrx_word' id='word_1_168' title='bbox 923 1777 1161 1847; x_wconf 86' lang='lat' dir='ltr'><strong>admiratione.</strong></span> <span class='ocrx_word' id='word_1_169' title='bbox 1188 1783 1285 1848; x_wconf 87' lang='lat' dir='ltr'><strong>Tunc</strong></span> <span class='ocrx_word' id='word_1_170' title='bbox 1308 1796 1381 1876; x_wconf 86' lang='lat' dir='ltr'><strong>ergo</strong></span> <span class='ocrx_word' id='word_1_171' title='bbox 1399 1771 1436 1867; x_wconf 79' lang='lat' dir='ltr'><strong>htt</strong></span> 
     </span>
     <span class='ocr_line' id='line_1_19' title="bbox 196 1801 1434 1964; baseline -0.005 -30"><span class='ocrx_word' id='word_1_172' title='bbox 196 1885 334 1964; x_wconf 78' lang='lat' dir='ltr'><strong>quoque</strong></span> <span class='ocrx_word' id='word_1_173' title='bbox 352 1887 499 1956; x_wconf 90' lang='lat' dir='ltr'><strong>magnus</strong></span> <span class='ocrx_word' id='word_1_174' title='bbox 510 1867 689 1955; x_wconf 79' lang='lat' dir='ltr'><strong>Apostolus</strong></span> <span class='ocrx_word' id='word_1_175' title='bbox 701 1887 780 1937; x_wconf 92' lang='lat' dir='ltr'><strong>cum</strong></span> <span class='ocrx_word' id='word_1_176' title='bbox 795 1801 925 1937; x_wconf 60' lang='lat' dir='ltr'><strong>sederet</strong></span> <span class='ocrx_word' id='word_1_177' title='bbox 940 1888 1011 1936; x_wconf 89' lang='lat' dir='ltr'><strong>una</strong></span> <span class='ocrx_word' id='word_1_178' title='bbox 1022 1889 1102 1936; x_wconf 88' lang='lat' dir='ltr'><strong>oum</strong></span> <span class='ocrx_word' id='word_1_179' title='bbox 1115 1865 1259 1957; x_wconf 89' lang='lat' dir='ltr'><strong>reliquis</strong></span> <span class='ocrx_word' id='word_1_180' title='bbox 1272 1858 1434 1952; x_wconf 81' lang='lat' dir='ltr'><strong>discipulis.</strong></span> 
     </span>
     <span class='ocr_line' id='line_1_20' title="bbox 196 1954 1434 2053; baseline -0.006 -32"><span class='ocrx_word' id='word_1_181' title='bbox 196 1974 423 2053; x_wconf 24' lang='lat' dir='ltr'><strong>ipsanquoque</strong></span> <span class='ocrx_word' id='word_1_182' title='bbox 447 1954 481 2022; x_wconf 92' lang='lat' dir='ltr'><strong>in</strong></span> <span class='ocrx_word' id='word_1_183' title='bbox 506 1954 618 2044; x_wconf 82' lang='lat' dir='ltr'><strong>igneis</strong></span> <span class='ocrx_word' id='word_1_184' title='bbox 638 1955 768 2046; x_wconf 89' lang='lat' dir='ltr'><strong>linguis</strong></span> <span class='ocrx_word' id='word_1_185' title='bbox 791 1956 923 2045; x_wconf 90' lang='lat' dir='ltr'><strong>accepit</strong></span> <span class='ocrx_word' id='word_1_186' title='bbox 950 1956 1115 2046; x_wconf 79' lang='lat' dir='ltr'><strong>gratiam:</strong></span> <span class='ocrx_word' id='word_1_187' title='bbox 1140 1967 1278 2026; x_wconf 90' lang='lat' dir='ltr'><strong>etcum</strong></span> <span class='ocrx_word' id='word_1_188' title='bbox 1302 1955 1334 2022; x_wconf 92' lang='lat' dir='ltr'><strong>in</strong></span> <span class='ocrx_word' id='word_1_189' title='bbox 1360 1965 1434 2020; x_wconf 90' lang='lat' dir='ltr'><strong>suun</strong></span> 
     </span>
     <span class='ocr_line' id='line_1_21' title="bbox 195 2039 1436 2128; baseline -0.006 -19"><span class='ocrx_word' id='word_1_190' title='bbox 195 2039 432 2112; x_wconf 86' lang='lat' dir='ltr'><strong>habitaculum</strong></span> <span class='ocrx_word' id='word_1_191' title='bbox 449 2055 556 2112; x_wconf 89' lang='lat' dir='ltr'><strong>totum</strong></span> <span class='ocrx_word' id='word_1_192' title='bbox 573 2041 814 2116; x_wconf 89' lang='lat' dir='ltr'><strong>intromisisset</strong></span> <span class='ocrx_word' id='word_1_193' title='bbox 834 2043 1008 2128; x_wconf 90' lang='lat' dir='ltr'><strong>spiritum,</strong></span> <span class='ocrx_word' id='word_1_194' title='bbox 1028 2055 1118 2114; x_wconf 92' lang='lat' dir='ltr'><strong>totus</strong></span> <span class='ocrx_word' id='word_1_195' title='bbox 1137 2043 1201 2113; x_wconf 90' lang='lat' dir='ltr'><strong>luit</strong></span> <span class='ocrx_word' id='word_1_196' title='bbox 1227 2043 1323 2113; x_wconf 89' lang='lat' dir='ltr'><strong>illius</strong></span> <span class='ocrx_word' id='word_1_197' title='bbox 1339 2041 1436 2108; x_wconf 91' lang='lat' dir='ltr'><strong>instru-</strong></span> 
     </span>
     <span class='ocr_line' id='line_1_22' title="bbox 195 2129 1434 2223; baseline -0.006 -27"><span class='ocrx_word' id='word_1_198' title='bbox 195 2141 363 2212; x_wconf 89' lang='lat' dir='ltr'><strong>mentum,</strong></span> <span class='ocrx_word' id='word_1_199' title='bbox 389 2129 487 2200; x_wconf 90' lang='lat' dir='ltr'><strong>valde</strong></span> <span class='ocrx_word' id='word_1_200' title='bbox 504 2131 676 2220; x_wconf 88' lang='lat' dir='ltr'><strong>sapienter</strong></span> <span class='ocrx_word' id='word_1_201' title='bbox 690 2145 723 2203; x_wconf 88' lang='lat' dir='ltr'><strong>et</strong></span> <span class='ocrx_word' id='word_1_202' title='bbox 738 2145 931 2223; x_wconf 91' lang='lat' dir='ltr'><strong>opportune</strong></span> <span class='ocrx_word' id='word_1_203' title='bbox 948 2133 1136 2223; x_wconf 86' lang='lat' dir='ltr'><strong>pulsatum.</strong></span> <span class='ocrx_word' id='word_1_204' title='bbox 1154 2131 1207 2202; x_wconf 88' lang='lat' dir='ltr'><strong>Sic</strong></span> <span class='ocrx_word' id='word_1_205' title='bbox 1224 2151 1307 2222; x_wconf 88' lang='lat' dir='ltr'><strong>ergo</strong></span> <span class='ocrx_word' id='word_1_206' title='bbox 1320 2129 1434 2214; x_wconf 73' lang='lat' dir='ltr'><strong>thomas</strong></span> 
     </span>
     <span class='ocr_line' id='line_1_23' title="bbox 194 2214 1434 2312; baseline -0.007 -25"><span class='ocrx_word' id='word_1_207' title='bbox 194 2218 239 2288; x_wconf 89' lang='lat' dir='ltr'><strong>ab</strong></span> <span class='ocrx_word' id='word_1_208' title='bbox 255 2217 323 2288; x_wconf 92' lang='lat' dir='ltr'><strong>alto</strong></span> <span class='ocrx_word' id='word_1_209' title='bbox 340 2219 575 2302; x_wconf 85' lang='lat' dir='ltr'><strong>confirmatus,</strong></span> <span class='ocrx_word' id='word_1_210' title='bbox 596 2220 660 2290; x_wconf 91' lang='lat' dir='ltr'><strong>luit</strong></span> <span class='ocrx_word' id='word_1_211' title='bbox 676 2235 839 2312; x_wconf 87' lang='lat' dir='ltr'><strong>perpetuo</strong></span> <span class='ocrx_word' id='word_1_212' title='bbox 859 2221 1045 2299; x_wconf 91' lang='lat' dir='ltr'><strong>accinctus,</strong></span> <span class='ocrx_word' id='word_1_213' title='bbox 1069 2233 1298 2310; x_wconf 89' lang='lat' dir='ltr'><strong>promptoque</strong></span> <span class='ocrx_word' id='word_1_214' title='bbox 1313 2230 1344 2288; x_wconf 91' lang='lat' dir='ltr'><strong>et</strong></span> <span class='ocrx_word' id='word_1_215' title='bbox 1358 2214 1434 2307; x_wconf 81' lang='lat' dir='ltr'><strong>aloru</strong></span> 
     </span>
     <span class='ocr_line' id='line_1_24' title="bbox 195 2306 1434 2406; baseline -0.008 -32"><span class='ocrx_word' id='word_1_216' title='bbox 195 2307 311 2406; x_wconf 80' lang='lat' dir='ltr'><strong>animo</strong></span> <span class='ocrx_word' id='word_1_217' title='bbox 335 2306 377 2376; x_wconf 89' lang='lat' dir='ltr'><strong>ad</strong></span> <span class='ocrx_word' id='word_1_218' title='bbox 405 2306 706 2397; x_wconf 88' lang='lat' dir='ltr'><strong>praedicationem,</strong></span> <span class='ocrx_word' id='word_1_219' title='bbox 733 2309 821 2380; x_wconf 89' lang='lat' dir='ltr'><strong>nihil</strong></span> <span class='ocrx_word' id='word_1_220' title='bbox 843 2310 1109 2378; x_wconf 90' lang='lat' dir='ltr'><strong>timens.eorum</strong></span> <span class='ocrx_word' id='word_1_221' title='bbox 1134 2331 1224 2396; x_wconf 88' lang='lat' dir='ltr'><strong>quae</strong></span> <span class='ocrx_word' id='word_1_222' title='bbox 1255 2320 1335 2378; x_wconf 91' lang='lat' dir='ltr'><strong>sunt</strong></span> <span class='ocrx_word' id='word_1_223' title='bbox 1364 2317 1434 2372; x_wconf 91' lang='lat' dir='ltr'><strong>tem·</strong></span> 
     </span>
     <span class='ocr_line' id='line_1_25' title="bbox 194 2394 1370 2486; baseline -0.004 -22"><span class='ocrx_word' id='word_1_224' title='bbox 194 2394 289 2476; x_wconf 86' lang='lat' dir='ltr'><strong>bilia,</strong></span> <span class='ocrx_word' id='word_1_225' title='bbox 319 2417 381 2464; x_wconf 91' lang='lat' dir='ltr'><strong>nec</strong></span> <span class='ocrx_word' id='word_1_226' title='bbox 405 2407 549 2486; x_wconf 91' lang='lat' dir='ltr'><strong>stupens</strong></span> <span class='ocrx_word' id='word_1_227' title='bbox 565 2396 696 2485; x_wconf 90' lang='lat' dir='ltr'><strong>aliquid</strong></span> <span class='ocrx_word' id='word_1_228' title='bbox 720 2419 838 2468; x_wconf 90' lang='lat' dir='ltr'><strong>eorum</strong></span> <span class='ocrx_word' id='word_1_229' title='bbox 856 2410 1042 2484; x_wconf 86' lang='lat' dir='ltr'><strong>quaesunt</strong></span> <span class='ocrx_word' id='word_1_230' title='bbox 1060 2396 1151 2468; x_wconf 91' lang='lat' dir='ltr'><strong>clara</strong></span> <span class='ocrx_word' id='word_1_231' title='bbox 1166 2410 1198 2466; x_wconf 91' lang='lat' dir='ltr'><strong>et</strong></span> <span class='ocrx_word' id='word_1_232' title='bbox 1213 2395 1370 2468; x_wconf 86' lang='lat' dir='ltr'><strong>illustria.</strong></span> 
     </span>
    </p>

    <p class='ocr_par' dir='ltr' id='par_1_3' title="bbox 188 2478 1465 4346">
     <span class='ocr_line' id='line_1_26' title="bbox 239 2478 1431 2588; baseline -0.01 -33"><span class='ocrx_word' id='word_1_233' title='bbox 239 2485 321 2570; x_wconf 70' lang='grc'><strong>58.</strong></span> <span class='ocrx_word' id='word_1_234' title='bbox 348 2488 432 2553; x_wconf 85' lang='lat' dir='ltr'><strong>Cum</strong></span> <span class='ocrx_word' id='word_1_235' title='bbox 461 2506 542 2574; x_wconf 87' lang='lat' dir='ltr'><strong>ergo</strong></span> <span class='ocrx_word' id='word_1_236' title='bbox 570 2507 623 2555; x_wconf 89' lang='lat' dir='ltr'><strong>res</strong></span> <span class='ocrx_word' id='word_1_237' title='bbox 647 2487 815 2588; x_wconf 89' lang='lat' dir='ltr'><strong>Apostolis</strong></span> <span class='ocrx_word' id='word_1_238' title='bbox 839 2507 875 2555; x_wconf 89' lang='lat' dir='ltr'><strong>se</strong></span> <span class='ocrx_word' id='word_1_239' title='bbox 902 2486 1065 2556; x_wconf 89' lang='lat' dir='ltr'><strong>haberent</strong></span> <span class='ocrx_word' id='word_1_240' title='bbox 1088 2487 1259 2556; x_wconf 83' lang='lat' dir='ltr'><strong>exanimi</strong></span> <span class='ocrx_word' id='word_1_241' title='bbox 1286 2478 1431 2554; x_wconf 87' lang='lat' dir='ltr'><strong>sententia.</strong></span> 
     </span>
     <span class='ocr_line' id='line_1_27' title="bbox 196 2574 1465 2664; baseline -0.005 -24"><span class='ocrx_word' id='word_1_242' title='bbox 196 2584 365 2660; x_wconf 89' lang='lat' dir='ltr'><strong>oporteret</strong></span> <span class='ocrx_word' id='word_1_243' title='bbox 379 2583 492 2642; x_wconf 87' lang='lat' dir='ltr'><strong>autern</strong></span> <span class='ocrx_word' id='word_1_244' title='bbox 513 2575 645 2643; x_wconf 84' lang='lat' dir='ltr'><strong>bomini</strong></span> <span class='ocrx_word' id='word_1_245' title='bbox 665 2596 804 2662; x_wconf 80' lang='lat' dir='ltr'><strong>Jussum</strong></span> <span class='ocrx_word' id='word_1_246' title='bbox 820 2575 924 2644; x_wconf 87' lang='lat' dir='ltr'><strong>finem</strong></span> <span class='ocrx_word' id='word_1_247' title='bbox 943 2575 1109 2664; x_wconf 89' lang='lat' dir='ltr'><strong>accipere,</strong></span> <span class='ocrx_word' id='word_1_248' title='bbox 1135 2575 1195 2661; x_wconf 85' lang='lat' dir='ltr'><strong>qui</strong></span> <span class='ocrx_word' id='word_1_249' title='bbox 1243 2574 1431 2660; x_wconf 80' lang='lat' dir='ltr'><strong>uidemerat:</strong></span> <span class='ocrx_word' id='word_1_250' title='bbox 1458 2584 1465 2632; x_wconf 78' lang='lat' dir='ltr'><strong>t</strong></span> 
     </span>
     <span class='ocr_line' id='line_1_28' title="bbox 194 2599 1465 2754; baseline 0.001 -25"><span class='ocrx_word' id='word_1_251' title='bbox 194 2665 317 2730; x_wconf 82' lang='lat' dir='ltr'><strong>Euctea</strong></span> <span class='ocrx_word' id='word_1_252' title='bbox 340 2663 375 2730; x_wconf 82' lang='lat' dir='ltr'><strong>in</strong></span> <span class='ocrx_word' id='word_1_253' title='bbox 395 2662 568 2744; x_wconf 85' lang='lat' dir='ltr'><strong>mundum,</strong></span> <span class='ocrx_word' id='word_1_254' title='bbox 588 2663 699 2734; x_wconf 87' lang='lat' dir='ltr'><strong>docete</strong></span> <span class='ocrx_word' id='word_1_255' title='bbox 718 2686 828 2734; x_wconf 84' lang='lat' dir='ltr'><strong>omnes</strong></span> <span class='ocrx_word' id='word_1_256' title='bbox 841 2673 953 2754; x_wconf 83' lang='lat' dir='ltr'><strong>pentes</strong></span> <span class='ocrx_word' id='word_1_257' title='bbox 971 2663 1105 2754; x_wconf 78' lang='lat' dir='ltr'><strong>(Movet.</strong></span> <span class='ocrx_word' id='word_1_258' title='bbox 1130 2599 1257 2754; x_wconf 54' lang='lat' dir='ltr'><strong>rumh,</strong></span> <span class='ocrx_word' id='word_1_259' title='bbox 1276 2662 1361 2732; x_wconf 90' lang='lat' dir='ltr'><strong>alius</strong></span> <span class='ocrx_word' id='word_1_260' title='bbox 1380 2674 1432 2742; x_wconf 83' lang='lat' dir='ltr'><strong>qut·</strong></span> <span class='ocrx_word' id='word_1_261' title='bbox 1457 2704 1465 2745; x_wconf 49' lang='grc' dir='ltr'><strong>Ξ,</strong></span> 
     </span>
     <span class='ocr_line' id='line_1_29' title="bbox 192 2744 1462 2849; baseline -0.003 -33"><span class='ocrx_word' id='word_1_262' title='bbox 192 2747 270 2849; x_wconf 87' lang='lat' dir='ltr'><strong>dem</strong></span> <span class='ocrx_word' id='word_1_263' title='bbox 288 2771 327 2819; x_wconf 83' lang='lat' dir='ltr'><strong>ex</strong></span> <span class='ocrx_word' id='word_1_264' title='bbox 342 2749 509 2838; x_wconf 92' lang='lat' dir='ltr'><strong>Apostolis</strong></span> <span class='ocrx_word' id='word_1_265' title='bbox 533 2749 636 2823; x_wconf 91' lang='lat' dir='ltr'><strong>aliam</strong></span> <span class='ocrx_word' id='word_1_266' title='bbox 656 2751 751 2822; x_wconf 92' lang='lat' dir='ltr'><strong>orbis</strong></span> <span class='ocrx_word' id='word_1_267' title='bbox 776 2764 884 2821; x_wconf 90' lang='lat' dir='ltr'><strong>terrae</strong></span> <span class='ocrx_word' id='word_1_268' title='bbox 902 2763 1030 2842; x_wconf 89' lang='lat' dir='ltr'><strong>partem</strong></span> <span class='ocrx_word' id='word_1_269' title='bbox 1048 2753 1188 2822; x_wconf 92' lang='lat' dir='ltr'><strong>sortitus</strong></span> <span class='ocrx_word' id='word_1_270' title='bbox 1212 2767 1277 2834; x_wconf 91' lang='lat' dir='ltr'><strong>est,</strong></span> <span class='ocrx_word' id='word_1_271' title='bbox 1297 2744 1430 2822; x_wconf 82' lang='lat' dir='ltr'><strong>sicuteis.</strong></span> <span class='ocrx_word' id='word_1_272' title='bbox 1461 2773 1462 2779; x_wconf 43' lang='lat'>¹</span> 
     </span>
     <span class='ocr_line' id='line_1_30' title="bbox 194 2835 1462 2936; baseline -0.006 -32"><span class='ocrx_word' id='word_1_273' title='bbox 194 2857 254 2923; x_wconf 85' lang='lat' dir='ltr'><strong>qur</strong></span> <span class='ocrx_word' id='word_1_274' title='bbox 272 2836 473 2936; x_wconf 82' lang='lat' dir='ltr'><strong>advenerat,</strong></span> <span class='ocrx_word' id='word_1_275' title='bbox 500 2839 654 2928; x_wconf 91' lang='lat' dir='ltr'><strong>spiritus,</strong></span> <span class='ocrx_word' id='word_1_276' title='bbox 675 2853 799 2911; x_wconf 88' lang='lat' dir='ltr'><strong>sortem</strong></span> <span class='ocrx_word' id='word_1_277' title='bbox 825 2839 1017 2910; x_wconf 86' lang='lat' dir='ltr'><strong>definierat.</strong></span> <span class='ocrx_word' id='word_1_278' title='bbox 1040 2839 1186 2910; x_wconf 86' lang='lat' dir='ltr'><strong>Thomas</strong></span> <span class='ocrx_word' id='word_1_279' title='bbox 1211 2840 1319 2932; x_wconf 90' lang='lat' dir='ltr'><strong>igitur</strong></span> <span class='ocrx_word' id='word_1_280' title='bbox 1337 2835 1433 2904; x_wconf 79' lang='lat' dir='ltr'><strong>missu</strong></span> <span class='ocrx_word' id='word_1_281' title='bbox 1461 2843 1462 2850; x_wconf 75' lang='grc'>’</span> 
     </span>
     <span class='ocr_line' id='line_1_31' title="bbox 195 2919 1432 3017; baseline -0.006 -25"><span class='ocrx_word' id='word_1_282' title='bbox 195 2936 246 2994; x_wconf 88' lang='lat' dir='ltr'><strong>est</strong></span> <span class='ocrx_word' id='word_1_283' title='bbox 269 2947 303 2993; x_wconf 94' lang='lat' dir='ltr'><strong>m</strong></span> <span class='ocrx_word' id='word_1_284' title='bbox 330 2925 464 2996; x_wconf 89' lang='lat' dir='ltr'><strong>Indiam</strong></span> <span class='ocrx_word' id='word_1_285' title='bbox 481 2927 509 3008; x_wconf 72' lang='lat'><strong>*,</strong></span> <span class='ocrx_word' id='word_1_286' title='bbox 528 2949 617 3014; x_wconf 88' lang='lat' dir='ltr'><strong>quac</strong></span> <span class='ocrx_word' id='word_1_287' title='bbox 633 2943 705 2998; x_wconf 88' lang='lat' dir='ltr'><strong>erat</strong></span> <span class='ocrx_word' id='word_1_288' title='bbox 728 2927 831 3017; x_wconf 85' lang='lat' dir='ltr'><strong>plana</strong></span> <span class='ocrx_word' id='word_1_289' title='bbox 854 2929 1012 3009; x_wconf 88' lang='lat' dir='ltr'><strong>barbara,</strong></span> <span class='ocrx_word' id='word_1_290' title='bbox 1031 2941 1064 2997; x_wconf 86' lang='lat' dir='ltr'><strong>et</strong></span> <span class='ocrx_word' id='word_1_291' title='bbox 1086 2927 1121 2996; x_wconf 93' lang='lat' dir='ltr'><strong>in</strong></span> <span class='ocrx_word' id='word_1_292' title='bbox 1143 2927 1285 2998; x_wconf 80' lang='lat' dir='ltr'><strong>nefariis</strong></span> <span class='ocrx_word' id='word_1_293' title='bbox 1309 2919 1432 2994; x_wconf 86' lang='lat' dir='ltr'><strong>versaba-</strong></span> 
     </span>
     <span class='ocr_line' id='line_1_32' title="bbox 193 3011 1460 3118; baseline -0.005 -38"><span class='ocrx_word' id='word_1_294' title='bbox 193 3025 249 3080; x_wconf 91' lang='lat' dir='ltr'><strong>tur</strong></span> <span class='ocrx_word' id='word_1_295' title='bbox 264 3014 468 3086; x_wconf 88' lang='lat' dir='ltr'><strong>actionibus.</strong></span> <span class='ocrx_word' id='word_1_296' title='bbox 490 3021 568 3105; x_wconf 91' lang='lat' dir='ltr'><strong>lpsa</strong></span> <span class='ocrx_word' id='word_1_297' title='bbox 584 3029 699 3086; x_wconf 89' lang='lat' dir='ltr'><strong>autem</strong></span> <span class='ocrx_word' id='word_1_298' title='bbox 717 3017 782 3086; x_wconf 91' lang='lat' dir='ltr'><strong>sita</strong></span> <span class='ocrx_word' id='word_1_299' title='bbox 794 3028 845 3086; x_wconf 88' lang='lat' dir='ltr'><strong>est</strong></span> <span class='ocrx_word' id='word_1_300' title='bbox 857 3016 1059 3118; x_wconf 88' lang='lat' dir='ltr'><strong>longissime</strong></span> <span class='ocrx_word' id='word_1_301' title='bbox 1072 3017 1117 3086; x_wconf 89' lang='lat' dir='ltr'><strong>ab</strong></span> <span class='ocrx_word' id='word_1_302' title='bbox 1133 3020 1303 3107; x_wconf 83' lang='lat' dir='ltr'><strong>Aegypto;</strong></span> <span class='ocrx_word' id='word_1_303' title='bbox 1318 3011 1431 3083; x_wconf 85' lang='lat' dir='ltr'><strong>alluitur</strong></span> <span class='ocrx_word' id='word_1_304' title='bbox 1459 3085 1460 3088; x_wconf 8' lang='grc' dir='ltr'><strong>Ἴ</strong></span> 
     </span>
     <span class='ocr_line' id='line_1_33' title="bbox 194 3101 1431 3200; baseline -0.005 -33"><span class='ocrx_word' id='word_1_305' title='bbox 194 3121 272 3200; x_wconf 72' lang='lat' dir='ltr'><strong>vero</strong></span> <span class='ocrx_word' id='word_1_306' title='bbox 293 3101 380 3171; x_wconf 93' lang='lat' dir='ltr'><strong>mari</strong></span> <span class='ocrx_word' id='word_1_307' title='bbox 405 3102 502 3174; x_wconf 93' lang='lat' dir='ltr'><strong>valde</strong></span> <span class='ocrx_word' id='word_1_308' title='bbox 517 3103 716 3196; x_wconf 88' lang='lat' dir='ltr'><strong>navigabili,</strong></span> <span class='ocrx_word' id='word_1_309' title='bbox 742 3117 775 3174; x_wconf 92' lang='lat' dir='ltr'><strong>et</strong></span> <span class='ocrx_word' id='word_1_310' title='bbox 799 3117 849 3175; x_wconf 93' lang='lat' dir='ltr'><strong>est</strong></span> <span class='ocrx_word' id='word_1_311' title='bbox 878 3104 1018 3192; x_wconf 83' lang='lat' dir='ltr'><strong>quidem</strong></span> <span class='ocrx_word' id='word_1_312' title='bbox 1038 3126 1146 3196; x_wconf 89' lang='lat' dir='ltr'><strong>egena</strong></span> <span class='ocrx_word' id='word_1_313' title='bbox 1170 3127 1286 3176; x_wconf 89' lang='lat' dir='ltr'><strong>rerum</strong></span> <span class='ocrx_word' id='word_1_314' title='bbox 1310 3115 1431 3173; x_wconf 86' lang='lat' dir='ltr'><strong>necessa·</strong></span> 
     </span>
     <span class='ocr_line' id='line_1_34' title="bbox 192 3192 1431 3283; baseline -0.003 -25"><span class='ocrx_word' id='word_1_315' title='bbox 192 3211 344 3259; x_wconf 85' lang='lat' dir='ltr'><strong>riarum:</strong></span> <span class='ocrx_word' id='word_1_316' title='bbox 370 3192 526 3261; x_wconf 90' lang='lat' dir='ltr'><strong>abundat</strong></span> <span class='ocrx_word' id='word_1_317' title='bbox 548 3205 662 3263; x_wconf 90' lang='lat' dir='ltr'><strong>autem</strong></span> <span class='ocrx_word' id='word_1_318' title='bbox 684 3193 786 3262; x_wconf 92' lang='lat' dir='ltr'><strong>rebus</strong></span> <span class='ocrx_word' id='word_1_319' title='bbox 808 3195 977 3283; x_wconf 86' lang='lat' dir='ltr'><strong>pretiosis,</strong></span> <span class='ocrx_word' id='word_1_320' title='bbox 1008 3205 1040 3262; x_wconf 89' lang='lat' dir='ltr'><strong>et</strong></span> <span class='ocrx_word' id='word_1_321' title='bbox 1062 3193 1104 3262; x_wconf 93' lang='lat' dir='ltr'><strong>ad</strong></span> <span class='ocrx_word' id='word_1_322' title='bbox 1129 3192 1253 3264; x_wconf 83' lang='lat' dir='ltr'><strong>luxum</strong></span> <span class='ocrx_word' id='word_1_323' title='bbox 1271 3203 1431 3262; x_wconf 83' lang='lat' dir='ltr'><strong>accommo·</strong></span> 
     </span>
     <span class='ocr_line' id='line_1_35' title="bbox 193 3271 1429 3380; baseline -0.001 -34"><span class='ocrx_word' id='word_1_324' title='bbox 193 3277 402 3380; x_wconf 46' lang='lat' dir='ltr'><strong>datis3Eam</strong></span> <span class='ocrx_word' id='word_1_325' title='bbox 424 3280 555 3351; x_wconf 89' lang='lat' dir='ltr'><strong>habitat</strong></span> <span class='ocrx_word' id='word_1_326' title='bbox 575 3281 608 3350; x_wconf 95' lang='lat' dir='ltr'><strong>id</strong></span> <span class='ocrx_word' id='word_1_327' title='bbox 637 3303 759 3372; x_wconf 82' lang='lat' dir='ltr'><strong>genus,</strong></span> <span class='ocrx_word' id='word_1_328' title='bbox 785 3282 878 3369; x_wconf 83' lang='lat' dir='ltr'><strong>quod</strong></span> <span class='ocrx_word' id='word_1_329' title='bbox 902 3282 1034 3352; x_wconf 90' lang='lat' dir='ltr'><strong>dictum</strong></span> <span class='ocrx_word' id='word_1_330' title='bbox 1059 3294 1121 3362; x_wconf 89' lang='lat' dir='ltr'><strong>est,</strong></span> <span class='ocrx_word' id='word_1_331' title='bbox 1139 3282 1232 3370; x_wconf 87' lang='lat' dir='ltr'><strong>quod</strong></span> <span class='ocrx_word' id='word_1_332' title='bbox 1262 3294 1311 3352; x_wconf 88' lang='lat' dir='ltr'><strong>est</strong></span> <span class='ocrx_word' id='word_1_333' title='bbox 1331 3291 1360 3346; x_wconf 87' lang='lat' dir='ltr'><strong>ct</strong></span> <span class='ocrx_word' id='word_1_334' title='bbox 1384 3271 1397 3340; x_wconf 86' lang='lat' dir='ltr'><strong>l</strong></span> <span class='ocrx_word' id='word_1_335' title='bbox 1421 3303 1429 3314; x_wconf 91' lang='lat'><em>·</em></span> 
     </span>
     <span class='ocr_line' id='line_1_36' title="bbox 191 3363 1427 3461; baseline -0.004 -24"><span class='ocrx_word' id='word_1_336' title='bbox 191 3381 472 3455; x_wconf 71' lang='lat' dir='ltr'><strong>cruentissimum,</strong></span> <span class='ocrx_word' id='word_1_337' title='bbox 491 3383 524 3440; x_wconf 90' lang='lat' dir='ltr'><strong>et</strong></span> <span class='ocrx_word' id='word_1_338' title='bbox 539 3369 694 3440; x_wconf 89' lang='lat' dir='ltr'><strong>deditum</strong></span> <span class='ocrx_word' id='word_1_339' title='bbox 720 3385 945 3452; x_wconf 86' lang='lat' dir='ltr'><strong>mercaturae,</strong></span> <span class='ocrx_word' id='word_1_340' title='bbox 964 3383 997 3440; x_wconf 89' lang='lat' dir='ltr'><strong>et</strong></span> <span class='ocrx_word' id='word_1_341' title='bbox 1009 3391 1135 3461; x_wconf 90' lang='lat' dir='ltr'><strong>magna</strong></span> <span class='ocrx_word' id='word_1_342' title='bbox 1150 3391 1190 3440; x_wconf 83' lang='lat' dir='ltr'><strong>cx</strong></span> <span class='ocrx_word' id='word_1_343' title='bbox 1206 3385 1301 3459; x_wconf 90' lang='lat' dir='ltr'><strong>parte</strong></span> <span class='ocrx_word' id='word_1_344' title='bbox 1313 3363 1427 3436; x_wconf 83' lang='lat' dir='ltr'><strong>nudum·</strong></span> 
     </span>
     <span class='ocr_line' id='line_1_37' title="bbox 191 3457 1427 3550; baseline 0.002 -26"><span class='ocrx_word' id='word_1_345' title='bbox 191 3467 224 3525; x_wconf 87' lang='lat' dir='ltr'><strong>et</strong></span> <span class='ocrx_word' id='word_1_346' title='bbox 247 3457 356 3527; x_wconf 90' lang='lat' dir='ltr'><strong>instar</strong></span> <span class='ocrx_word' id='word_1_347' title='bbox 370 3457 532 3540; x_wconf 89' lang='lat' dir='ltr'><strong>serarum,</strong></span> <span class='ocrx_word' id='word_1_348' title='bbox 548 3481 636 3546; x_wconf 86' lang='lat' dir='ltr'><strong>quae.</strong></span> <span class='ocrx_word' id='word_1_349' title='bbox 660 3458 790 3550; x_wconf 86' lang='lat' dir='ltr'><strong>degunt</strong></span> <span class='ocrx_word' id='word_1_350' title='bbox 815 3461 848 3530; x_wconf 93' lang='lat' dir='ltr'><strong>in</strong></span> <span class='ocrx_word' id='word_1_351' title='bbox 874 3458 1062 3540; x_wconf 91' lang='lat' dir='ltr'><strong>montibus,</strong></span> <span class='ocrx_word' id='word_1_352' title='bbox 1079 3459 1183 3528; x_wconf 91' lang='lat' dir='ltr'><strong>vitam</strong></span> <span class='ocrx_word' id='word_1_353' title='bbox 1208 3481 1323 3549; x_wconf 89' lang='lat' dir='ltr'><strong>agens.</strong></span> <span class='ocrx_word' id='word_1_354' title='bbox 1346 3457 1427 3547; x_wconf 54' lang='lat' dir='ltr'><strong>Quom</strong></span> 
     </span>
     <span class='ocr_line' id='line_1_38' title="bbox 193 3543 1428 3637; baseline -0.006 -24"><span class='ocrx_word' id='word_1_355' title='bbox 193 3544 237 3614; x_wconf 93' lang='lat' dir='ltr'><strong>ob</strong></span> <span class='ocrx_word' id='word_1_356' title='bbox 256 3565 397 3615; x_wconf 89' lang='lat' dir='ltr'><strong>causam</strong></span> <span class='ocrx_word' id='word_1_357' title='bbox 418 3567 601 3636; x_wconf 92' lang='lat' dir='ltr'><strong>corporum</strong></span> <span class='ocrx_word' id='word_1_358' title='bbox 620 3547 839 3637; x_wconf 82' lang='lat' dir='ltr'><strong>superficiem</strong></span> <span class='ocrx_word' id='word_1_359' title='bbox 856 3547 944 3618; x_wconf 89' lang='lat' dir='ltr'><strong>radii</strong></span> <span class='ocrx_word' id='word_1_360' title='bbox 956 3547 1084 3618; x_wconf 91' lang='lat' dir='ltr'><strong>solares</strong></span> <span class='ocrx_word' id='word_1_361' title='bbox 1103 3546 1273 3618; x_wconf 91' lang='lat' dir='ltr'><strong>invadunt</strong></span> <span class='ocrx_word' id='word_1_362' title='bbox 1283 3543 1428 3616; x_wconf 76' lang='lat' dir='ltr'><strong>ardentius</strong></span> 
     </span>
     <span class='ocr_line' id='line_1_39' title="bbox 192 3630 1424 3726; baseline -0.003 -26"><span class='ocrx_word' id='word_1_363' title='bbox 192 3632 359 3722; x_wconf 89' lang='lat' dir='ltr'><strong>valdeque</strong></span> <span class='ocrx_word' id='word_1_364' title='bbox 379 3634 580 3715; x_wconf 90' lang='lat' dir='ltr'><strong>incendunt,</strong></span> <span class='ocrx_word' id='word_1_365' title='bbox 607 3648 640 3705; x_wconf 88' lang='lat' dir='ltr'><strong>et</strong></span> <span class='ocrx_word' id='word_1_366' title='bbox 667 3635 861 3726; x_wconf 86' lang='lat' dir='ltr'><strong>denigrant,</strong></span> <span class='ocrx_word' id='word_1_367' title='bbox 887 3649 920 3706; x_wconf 86' lang='lat' dir='ltr'><strong>ct</strong></span> <span class='ocrx_word' id='word_1_368' title='bbox 938 3635 1092 3706; x_wconf 89' lang='lat' dir='ltr'><strong>efficiunt</strong></span> <span class='ocrx_word' id='word_1_369' title='bbox 1121 3636 1198 3706; x_wconf 90' lang='lat' dir='ltr'><strong>visu</strong></span> <span class='ocrx_word' id='word_1_370' title='bbox 1225 3630 1424 3706; x_wconf 79' lang='lat' dir='ltr'><strong>deformiores·</strong></span> 
     </span>
     <span class='ocr_line' id='line_1_40' title="bbox 192 3718 1462 3814; baseline -0.005 -24"><span class='ocrx_word' id='word_1_371' title='bbox 192 3721 354 3793; x_wconf 79' lang='lat' dir='ltr'><strong>colebant</strong></span> <span class='ocrx_word' id='word_1_372' title='bbox 373 3735 486 3793; x_wconf 90' lang='lat' dir='ltr'><strong>autem</strong></span> <span class='ocrx_word' id='word_1_373' title='bbox 512 3724 569 3794; x_wconf 91' lang='lat' dir='ltr'><strong>isti</strong></span> <span class='ocrx_word' id='word_1_374' title='bbox 592 3723 781 3794; x_wconf 90' lang='lat' dir='ltr'><strong>simulacra</strong></span> <span class='ocrx_word' id='word_1_375' title='bbox 800 3724 888 3794; x_wconf 88' lang='lat' dir='ltr'><strong>lacta</strong></span> <span class='ocrx_word' id='word_1_376' title='bbox 914 3747 953 3794; x_wconf 88' lang='lat' dir='ltr'><strong>ex</strong></span> <span class='ocrx_word' id='word_1_377' title='bbox 977 3745 1078 3796; x_wconf 90' lang='lat' dir='ltr'><strong>omne</strong></span> <span class='ocrx_word' id='word_1_378' title='bbox 1106 3745 1216 3814; x_wconf 91' lang='lat' dir='ltr'><strong>genus</strong></span> <span class='ocrx_word' id='word_1_379' title='bbox 1243 3718 1386 3795; x_wconf 86' lang='lat' dir='ltr'><strong>materia:</strong></span> <span class='ocrx_word' id='word_1_380' title='bbox 1405 3719 1426 3774; x_wconf 85' lang='lat' dir='ltr'><strong>et</strong></span> <span class='ocrx_word' id='word_1_381' title='bbox 1461 3745 1462 3748; x_wconf 40' lang='lat'>¹</span> 
     </span>
     <span class='ocr_line' id='line_1_41' title="bbox 188 3811 1425 3914; baseline -0.012 -34"><span class='ocrx_word' id='word_1_382' title='bbox 188 3811 283 3896; x_wconf 86' lang='lat' dir='ltr'><strong>quod</strong></span> <span class='ocrx_word' id='word_1_383' title='bbox 307 3811 343 3880; x_wconf 93' lang='lat' dir='ltr'><strong>in</strong></span> <span class='ocrx_word' id='word_1_384' title='bbox 362 3833 407 3911; x_wconf 33' lang='lat' dir='ltr'><strong>&#39;ea</strong></span> <span class='ocrx_word' id='word_1_385' title='bbox 430 3811 671 3882; x_wconf 88' lang='lat' dir='ltr'><strong>conferebatur</strong></span> <span class='ocrx_word' id='word_1_386' title='bbox 685 3812 852 3894; x_wconf 93' lang='lat' dir='ltr'><strong>studium,</strong></span> <span class='ocrx_word' id='word_1_387' title='bbox 878 3825 911 3883; x_wconf 91' lang='lat' dir='ltr'><strong>ct</strong></span> <span class='ocrx_word' id='word_1_388' title='bbox 925 3812 1075 3894; x_wconf 91' lang='lat' dir='ltr'><strong>cultura,</strong></span> <span class='ocrx_word' id='word_1_389' title='bbox 1093 3811 1197 3904; x_wconf 92' lang='lat' dir='ltr'><strong>longo</strong></span> <span class='ocrx_word' id='word_1_390' title='bbox 1215 3817 1425 3914; x_wconf 89' lang='lat' dir='ltr'><strong>temporecou-</strong></span> 
     </span>
     <span class='ocr_line' id='line_1_42' title="bbox 189 3887 1423 3992; baseline -0.001 -25"><span class='ocrx_word' id='word_1_391' title='bbox 189 3897 337 3978; x_wconf 84' lang='lat' dir='ltr'><strong>firmata,</strong></span> <span class='ocrx_word' id='word_1_392' title='bbox 359 3899 544 3971; x_wconf 84' lang='lat' dir='ltr'><strong>inducebat</strong></span> <span class='ocrx_word' id='word_1_393' title='bbox 558 3901 857 3982; x_wconf 91' lang='lat' dir='ltr'><strong>consuetudinem,</strong></span> <span class='ocrx_word' id='word_1_394' title='bbox 877 3902 1006 3972; x_wconf 87' lang='lat' dir='ltr'><strong>ratione</strong></span> <span class='ocrx_word' id='word_1_395' title='bbox 1025 3902 1147 3988; x_wconf 91' lang='lat' dir='ltr'><strong>quavis</strong></span> <span class='ocrx_word' id='word_1_396' title='bbox 1168 3911 1384 3992; x_wconf 83' lang='lat' dir='ltr'><strong>potentiorem·</strong></span> <span class='ocrx_word' id='word_1_397' title='bbox 1398 3887 1423 3951; x_wconf 75' lang='lat' dir='ltr'><strong>1ss</strong></span> 
     </span>
     <span class='ocr_line' id='line_1_43' title="bbox 188 3987 1424 4081; baseline -0.002 -25"><span class='ocrx_word' id='word_1_398' title='bbox 188 3987 341 4058; x_wconf 83' lang='lat' dir='ltr'><strong>bancor</strong></span> <span class='ocrx_word' id='word_1_399' title='bbox 365 4009 385 4057; x_wconf 97' lang='lat' dir='ltr'><strong>o</strong></span> <span class='ocrx_word' id='word_1_400' title='bbox 409 3990 582 4079; x_wconf 90' lang='lat' dir='ltr'><strong>regionem</strong></span> <span class='ocrx_word' id='word_1_401' title='bbox 599 4011 747 4080; x_wconf 86' lang='lat' dir='ltr'><strong>magnus</strong></span> <span class='ocrx_word' id='word_1_402' title='bbox 771 3990 970 4081; x_wconf 88' lang='lat' dir='ltr'><strong>ingrediens</strong></span> <span class='ocrx_word' id='word_1_403' title='bbox 994 3987 1186 4079; x_wconf 76' lang='lat' dir='ltr'><strong>Apostolus,</strong></span> <span class='ocrx_word' id='word_1_404' title='bbox 1215 3990 1342 4060; x_wconf 91' lang='lat' dir='ltr'><strong>nullum</strong></span> <span class='ocrx_word' id='word_1_405' title='bbox 1363 3989 1424 4076; x_wconf 68' lang='lat' dir='ltr'><strong>prae</strong></span> 
     </span>
     <span class='ocr_line' id='line_1_44' title="bbox 189 4009 1420 4170; baseline 0.001 -26"><span class='ocrx_word' id='word_1_406' title='bbox 189 4097 225 4146; x_wconf 86' lang='lat' dir='ltr'><strong>se</strong></span> <span class='ocrx_word' id='word_1_407' title='bbox 242 4076 320 4147; x_wconf 92' lang='lat' dir='ltr'><strong>tulit</strong></span> <span class='ocrx_word' id='word_1_408' title='bbox 335 4009 460 4146; x_wconf 51' lang='lat' dir='ltr'><strong>Pastum</strong></span> <span class='ocrx_word' id='word_1_409' title='bbox 479 4088 511 4148; x_wconf 89' lang='lat' dir='ltr'><strong>et</strong></span> <span class='ocrx_word' id='word_1_410' title='bbox 534 4099 613 4148; x_wconf 92' lang='lat' dir='ltr'><strong>arro</strong></span> <span class='ocrx_word' id='word_1_411' title='bbox 637 4079 783 4148; x_wconf 90' lang='lat' dir='ltr'><strong>antiam:</strong></span> <span class='ocrx_word' id='word_1_412' title='bbox 811 4099 922 4170; x_wconf 90' lang='lat' dir='ltr'><strong>nequo</strong></span> <span class='ocrx_word' id='word_1_413' title='bbox 936 4077 1023 4149; x_wconf 89' lang='lat' dir='ltr'><strong>elate</strong></span> <span class='ocrx_word' id='word_1_414' title='bbox 1037 4090 1097 4148; x_wconf 89' lang='lat' dir='ltr'><strong>aut</strong></span> <span class='ocrx_word' id='word_1_415' title='bbox 1113 4077 1263 4169; x_wconf 89' lang='lat' dir='ltr'><strong>gloriose</strong></span> <span class='ocrx_word' id='word_1_416' title='bbox 1277 4073 1420 4165; x_wconf 70' lang='lat' dir='ltr'><strong>quipptlffl</strong></span> 
     </span>
     <span class='ocr_line' id='line_1_45' title="bbox 188 4100 1421 4264; baseline -0.004 -33"><span class='ocrx_word' id='word_1_417' title='bbox 188 4175 248 4264; x_wconf 39' lang='lat' dir='ltr'><strong>cst·</strong></span> <span class='ocrx_word' id='word_1_418' title='bbox 268 4163 422 4245; x_wconf 88' lang='lat' dir='ltr'><strong>locutus,</strong></span> <span class='ocrx_word' id='word_1_419' title='bbox 449 4187 560 4254; x_wconf 84' lang='lat' dir='ltr'><strong>neque</strong></span> <span class='ocrx_word' id='word_1_420' title='bbox 590 4100 685 4238; x_wconf 70' lang='lat' dir='ltr'><strong>ahud</strong></span> <span class='ocrx_word' id='word_1_421' title='bbox 716 4166 797 4237; x_wconf 84' lang='lat' dir='ltr'><strong>fecit</strong></span> <span class='ocrx_word' id='word_1_422' title='bbox 827 4168 976 4256; x_wconf 86' lang='lat' dir='ltr'><strong>superba</strong></span> <span class='ocrx_word' id='word_1_423' title='bbox 1004 4177 1037 4237; x_wconf 91' lang='lat' dir='ltr'><strong>ct</strong></span> <span class='ocrx_word' id='word_1_424' title='bbox 1067 4166 1255 4238; x_wconf 89' lang='lat' dir='ltr'><strong>insolenter</strong></span> <span class='ocrx_word' id='word_1_425' title='bbox 1280 4163 1421 4260; x_wconf 69' lang='lat' dir='ltr'><strong>adostet·</strong></span> 
     </span>
     <span class='ocr_line' id='line_1_46' title="bbox 191 4237 1419 4346; baseline 0.002 -26"><span class='ocrx_word' id='word_1_426' title='bbox 191 4261 376 4323; x_wconf 83' lang='lat' dir='ltr'><strong>tattonem:</strong></span> <span class='ocrx_word' id='word_1_427' title='bbox 404 4252 463 4324; x_wconf 90' lang='lat' dir='ltr'><strong>sed</strong></span> <span class='ocrx_word' id='word_1_428' title='bbox 493 4265 635 4326; x_wconf 90' lang='lat' dir='ltr'><strong>ornatus</strong></span> <span class='ocrx_word' id='word_1_429' title='bbox 666 4255 789 4325; x_wconf 85' lang='lat' dir='ltr'><strong>Christi</strong></span> <span class='ocrx_word' id='word_1_430' title='bbox 817 4255 1062 4340; x_wconf 80' lang='lat' dir='ltr'><strong>moderatione,</strong></span> <span class='ocrx_word' id='word_1_431' title='bbox 1092 4269 1126 4324; x_wconf 89' lang='lat' dir='ltr'><strong>et</strong></span> <span class='ocrx_word' id='word_1_432' title='bbox 1153 4278 1214 4346; x_wconf 90' lang='lat' dir='ltr'><strong>pro</strong></span> <span class='ocrx_word' id='word_1_433' title='bbox 1245 4269 1351 4346; x_wconf 84' lang='lat' dir='ltr'><strong>quous</strong></span> <span class='ocrx_word' id='word_1_434' title='bbox 1372 4237 1419 4309; x_wconf 75' lang='lat'>³¹¹⁰</span> 
     </span>
    </p>
   </div>
   <div class='ocr_carea' id='block_1_3' title="bbox 213 4369 1460 4434">
    <p class='ocr_par' dir='ltr' id='par_1_4' title="bbox 213 4369 1460 4434">
     <span class='ocr_line' id='line_1_47' title="bbox 213 4369 1460 4434; baseline 0.006 -16"><span class='ocrx_word' id='word_1_435' title='bbox 213 4376 227 4404; x_wconf 74' lang='lat'>⁸</span> <span class='ocrx_word' id='word_1_436' title='bbox 241 4377 374 4420; x_wconf 75' lang='lat' dir='ltr'><strong>secundum</strong></span> <span class='ocrx_word' id='word_1_437' title='bbox 384 4381 508 4432; x_wconf 68' lang='lat' dir='ltr'><strong>origenem</strong></span> <span class='ocrx_word' id='word_1_438' title='bbox 518 4379 624 4431; x_wconf 75' lang='lat' dir='ltr'><strong>aliosque</strong></span> <span class='ocrx_word' id='word_1_439' title='bbox 635 4383 773 4432; x_wconf 73' lang='lat' dir='ltr'><strong>scriptam,</strong></span> <span class='ocrx_word' id='word_1_440' title='bbox 785 4383 808 4423; x_wconf 72' lang='lat' dir='ltr'><strong>fl.</strong></span> <span class='ocrx_word' id='word_1_441' title='bbox 818 4381 919 4424; x_wconf 74' lang='lat' dir='ltr'><strong>Thomu</strong></span> <span class='ocrx_word' id='word_1_442' title='bbox 929 4383 953 4424; x_wconf 78' lang='lat' dir='ltr'><strong>ot</strong></span> <span class='ocrx_word' id='word_1_443' title='bbox 963 4381 1059 4424; x_wconf 70' lang='lat' dir='ltr'><strong>Peribis</strong></span> <span class='ocrx_word' id='word_1_444' title='bbox 1068 4381 1223 4433; x_wconf 59' lang='lat' dir='ltr'><strong>avianum</strong></span> <span class='ocrx_word' id='word_1_445' title='bbox 1233 4369 1365 4434; x_wconf 55' lang='lat' dir='ltr'><strong>praedis„il</strong></span> <span class='ocrx_word' id='word_1_446' title='bbox 1459 4383 1460 4418; x_wconf 68' lang='lat' dir='ltr'><strong>t</strong></span> 
     </span>
    </p>
   </div>
   <div class='ocr_carea' id='block_1_4' title="bbox 0 0 1482 4816">
    <p class='ocr_par' dir='ltr' id='par_1_5' title="bbox 0 0 1482 4816">
     <span class='ocr_line' id='line_1_48' title="bbox 0 0 1482 4816; baseline 0 2"><span class='ocrx_word' id='word_1_447' title='bbox 0 0 1482 4816; x_wconf 95' lang='lat' dir='ltr'><strong> </strong></span> 
     </span>
    </p>
   </div>
  </div>
 </body>
</html>
