2954 4816
34 275 107 340 DEC.
133 277 175 340 25
425 295 464 340 ns
487 295 515 341 s.
541 293 717 342 nuusrnsnt
740 295 885 342 11311311
1179 279 1243 344 123

34 381 218 468 loquamini.
233 377 377 448 Dabitur
386 381 474 448 enim
484 379 574 448 oobt's
584 381 620 447 in
629 380 694 447 itta
705 379 878 470 horaquid
887 381 1084 470 loquamini.
1096 383 1192 450 Nunc
1207 403 1289 474 ergo

32 481 99 534 sunt
115 470 197 535 haec
214 487 282 536 non
298 485 386 546 mea,
405 488 513 554 neque
531 468 704 536 humanae
722 468 908 556 sapientiae
927 468 1050 537 verba:
1070 467 1126 536 sad
1144 471 1297 541 omnino·

32 556 155 641 quidem
171 577 246 624 mea
259 567 309 625 est
326 554 457 645 lingua,
476 566 592 642 aperte
606 568 720 625 numm
741 556 796 624 Dei
816 569 898 626 sunt
913 557 1026 626 verba.
1044 577 1062 622 v
1078 557 1102 626 J
1106 557 1192 626 udex
1209 579 1287 629 vero

31 643 121 712 veluti
137 643 180 713 de
204 657 312 713 matre
329 665 425 734 spem
450 644 628 736 abjiciens,
656 643 753 714 etde
778 645 890 734 primo
913 645 989 734 ejus
1013 644 1096 726 11113,
1114 667 1151 714 se
1175 659 1286 717 trans·

33 731 82 801 tort
97 731 136 802 ad
154 731 243 802 alios
259 733 451 814 tentandos,
467 753 525 804 eos
546 733 665 803 videns
690 746 797 802 aetate
819 753 893 803 esse
918 733 1197 820 imperfectiores,
1225 758 1287 825 pu·

33 833 95 890 tans
109 821 178 891 lore
195 833 306 892 utens
323 821 364 890 ad
383 843 480 891 suam
503 821 696 891 traduceret
720 823 935 892 sententiam.
964 827 1144 910 Postquam
1170 837 1283 894 autern

34 913 83 980 usi
99 923 176 980 sunt
192 911 281 980 rami
305 909 392 979 nihil
417 911 553 980 dillerre
580 933 597 979 a
626 932 790 1000 generosa
818 910 949 980 radice:
979 911 1037 980 sed
1062 911 1285 982 ostenderunt

35 1001 115 1082 pueri
139 1021 175 1068 se
206 998 302 1068 illius
321 997 460 1086 quidem
490 999 591 1080 filios,
620 999 725 1090 hujus
743 1021 819 1068 vero
839 1021 912 1070 esse
936 999 1068 1080 fratrea,
1098 1021 1134 1069 se
1164 1022 1285 1072 rursus

34 1087 177 1156 translert
191 1087 235 1156 ad
255 1099 395 1156 matrem
414 1087 573 1158 etlilium
592 1089 667 1178 ejus
684 1089 972 1189 primogenitum:
991 1090 1280 1172 «convertimini,

35 1173 146 1257 dicens,
176 1175 220 1244 ed
254 1189 363 1246 vestra
388 1179 527 1260 viscera.
555 1179 684 1246 Parcite
708 1190 832 1246 teneris
857 1177 1048 1247 infantibus
1073 1179 1280 1248 immaturis.

36 1262 123 1333 Nolite
138 1263 254 1334 videre
268 1286 326 1334 eos
346 1277 425 1333 ante
441 1279 570 1335 vestros
583 1265 701 1335 oeulos
719 1265 807 1336 male
824 1279 1014 1355 pereuntes.
1035 1287 1052 1332 n

70 1352 179 1437 132.
207 1358 291 1422 Cum
318 1353 425 1423 multa
449 1353 618 1440 e'nsmodi
643 1353 794 1433 dixisset,
819 1367 852 1424 et
876 1353 1016 1424 vidisset
1036 1355 1137 1424 verba
1158 1367 1283 1426 temere

33 1437 114 1508 lundi
132 1441 165 1510 in
183 1443 312 1524 aerem,
343 1443 435 1512 'ubet
458 1377 569 1512 lilium
594 1454 672 1511 ante
695 1443 813 1512 oculos
839 1443 957 1512 matris
976 1442 1162 1513 crudeliter
1185 1446 1282 1514 caedi

33 1528 130 1617 virgis.
157 1529 256 1613 Quod
286 1465 404 1600 veiens
432 1551 594 1622 generosa
614 1542 731 1607 mater,
752 1553 817 1599 non
841 1531 942 1600 modo
968 1531 1052 1600 nihil
1079 1531 1280 1603 indecorum

33 1620 213 1708 augessit,
242 1630 376 1688 autest
404 1619 527 1702 locuta,
554 1618 738 1688 sedetiam
765 1618 866 1688 veluti
904 1619 1059 1709 gaudens
1083 1621 1194 1712 plagis
1229 1644 1284 1691 ca·
1387 1675 1390 1682 .

34 1705 143 1775 rissimi
158 1707 235 1788 filii,
256 1708 385 1777 adstitit
400 1708 536 1790 alacris,
555 1729 713 1777 annuens
736 1708 858 1788 oculis,
877 1723 975 1799 gestu
994 1709 1151 1790 incitans,
1171 1711 1282 1780 verbis

36 1793 220 1866 adhortans:
251 1801 330 1864 «Ne
348 1797 565 1875 succumbas,
586 1796 715 1878 dicens,
737 1817 757 1864 o
781 1796 843 1877 lili,
863 1811 913 1866 sta
937 1796 1078 1877 fortiter,
1101 1811 1197 1866 nate:
1221 1799 1283 1868 has

37 1895 152 1969 propter
166 1885 340 1954 Christum
360 1885 491 1976 plagas,
511 1885 658 1954 honores
674 1897 706 1955 et
721 1905 867 1954 coronae
883 1886 1063 1974 excipient.
1082 1909 1099 1952 n
1125 1887 1185 1956 His
1205 1892 1282 1957 Pro-

35 1967 136 2040 coostil
148 1973 197 2042 vel
217 1973 337 2043 animo
356 1975 502 2043 maxime
515 1975 689 2050 incensus.
704 1973 847 2064 maligni
864 1973 1043 2043 daemonis
1059 1975 1279 2065 suggestione

36 2056 211 2147 improbum
234 2063 328 2150 capit
346 2063 544 2132 consilium.
564 2063 641 2133 Viro
659 2063 749 2131 enim
768 2061 948 2163 petulenti,
967 2062 1055 2132 etad
1075 2085 1210 2132 amores
1228 2064 1280 2132 in·

36 2150 203 2220 continenti
230 2151 336 2220 tradit
358 2152 448 2220 hanc
474 2151 651 2222 mulierem
669 2152 703 2218 in
722 2152 845 2241 primis
869 2151 1110 2220 venerandam.
1132 2151 1280 2221 sednon

37 2237 285 2310 eretinsolentis
310 2240 460 2311 hominis
478 2240 629 2309 lutnrum
648 2239 851 2309 diuturnum
877 2240 1056 2330 gaudium.
1082 2244 1165 2310 Nam
1192 2252 1281 2329 post-

39 2343 120 2405 quam
143 2349 217 2396 earn
246 2327 297 2396 vel
323 2329 433 2398 solurn
460 2328 570 2418 attigit
589 2332 757 2417 Hyrtacus
772 2329 835 2417 (113
849 2330 941 2398 enim
961 2329 1171 2418 vocabatur),
1193 2341 1282 2398 totus

40 2410 132 2484 vultus
153 2417 317 2506 protinus
339 2430 389 2485 est
413 2429 586 2498 mutatus,
612 2431 645 2504 et
670 2439 731 2486 nec
759 2438 960 2486 concessum
986 2417 1126 2506 qtridem
1157 2429 1207 2487 est
1231 2418 1281 2486 in·

38 2502 107 2568 tueri
123 2517 309 2594 martyrem
335 2505 408 2575 sine
426 2506 557 2574 timore.
588 2511 702 2591 ltaque
722 2527 847 2594 magna
866 2528 945 2575 voce
964 2505 1125 2575 clamavit
1140 2505 1181 2575 ad
1201 2510 1282 2576 Pro-

36 2592 206 2685 consulem,
226 2593 346 2662 dicens
370 2616 417 2670 se.
444 2594 693 2683 cumprimum
714 2615 855 2663 manum
872 2595 990 2683 inJecit
1007 2596 1040 2662 in
1062 2593 1279 2675 theodotem,

36 2676 350 2773 vidissequemdam.
364 2683 540 2773 juvenem,
564 2683 660 2752 vultu
684 2682 871 2754 formosum
900 2697 932 2754 et
955 2684 1076 2753 habitu
1104 2681 1279 2764 decorum,

36 2769 121 2835 simul
145 2771 265 2841 adesse
289 2791 367 2839 eum
394 2770 586 2852 Theodote,
613 2771 673 2858 qui
704 2771 733 2838 ei
759 2771 897 2841 incusso
922 2772 1091 2860 colapho,
1122 2783 1156 2842 et
1183 2793 1281 2841 nares

34 2857 185 2940 contrivit,
203 2871 238 2928 et
257 2871 295 2926 ut
312 2880 371 2948 per
387 2881 444 2929 eas
464 2861 606 2950 sanguis
630 2873 795 2941 manaret,
821 2861 941 2930 effecit.
963 2860 1025 2930 Sed
1054 2881 1122 2930 non
1147 2860 1283 2930 videbat

35 2961 151 3027 caecus,
177 2959 209 3016 et
228 2946 355 3017 stultus
385 2947 570 3019 Proconsul
603 2948 745 3016 minime
774 2949 1008 3038 intelligebat:
1043 2961 1075 3018 ot
1100 2971 1220 3036 oeque,
1253 2951 1281 3019 si

36 3029 106 3099 nihil
121 3033 226 3115 aliud,
246 3037 403 3105 miraculi
421 3038 586 3107 reveritus
610 3036 675 3106 luit
691 3036 908 3114 evidentiam.
937 3057 1046 3138 neque
1070 3037 1199 3108 destitit
1222 3038 1282 3108 ad-

36 3137 137 3190 versus
158 3145 234 3192 earn
259 3125 476 3194 contendere.
499 3126 560 3195 Sed
579 3147 658 3195 cum
683 3147 758 3194 eam
785 3149 905 3196 rursus
929 3127 1001 3197 sisti
1027 3139 1190 3207 curasset,
1219 3127 1281 3196 rni-

36 3221 191 3304 natusest
213 3231 252 3282 se
275 3214 304 3282 ei
330 3235 404 3283 esse
427 3214 618 3294 illaturum,
637 3235 725 3302 quae
748 3215 952 3284 videbantur
970 3215 1125 3284 omnium
1152 3214 1281 3305 gravis·

36 3313 128 3364 sima:
149 3322 167 3366 t
188 3301 259 3370 Nisi
275 3301 370 3382 deos,
388 3301 519 3382 dicens,
545 3302 757 3372 immortales
780 3302 940 3383 colueris,
968 3302 1134 3372 interlecti
1159 3302 1281 3373 cadent

36 3397 186 3480 antetuos
205 3388 323 3461 oculos
348 3390 458 3459 filii.»
483 3391 545 3462 llla
561 3403 694 3461 autern:
722 3415 739 3458 o
765 3391 821 3462 Vel
848 3391 924 3472 hoo,
951 3392 1075 3478 inquit,
1101 3391 1183 3462 olim
1210 3413 1279 3460 ma·

36 3477 205 3547 umesitio.
222 3479 276 3548 Sic
286 3479 379 3548 enim
390 3501 468 3550 curn
486 3501 578 3550 meos
590 3479 680 3550 lilios
690 3480 805 3549 vivens
816 3480 856 3548 ad
871 3481 1041 3551 Christum
1056 3481 1277 3570 praemisero,

36 3569 60 3624 et
76 3573 242 3652 tamquam
264 3568 298 3636 in
319 3580 390 3637 tuto
405 3581 503 3658 portu
516 3568 736 3649 constituero,
752 3569 875 3638 deinde
891 3591 954 3660 ego
967 3590 1091 3656 sequar
1106 3567 1277 3668 evestigio,

38 3645 105 3797 {deo
126 3668 162 3723 ut
185 3667 263 3746 apte
288 3655 416 3746 possim
442 3679 583 3727 canere:
609 3661 693 3728 Ecce
709 3679 772 3746 ego
788 3669 820 3727 et
840 3657 913 3736 filii,
935 3679 1023 3745 quos
1042 3658 1125 3726 mihi
1141 3655 1277 3737 dedisti,

59 3755 164 3808 eus.»

56 3827 86 3918 ,1
106 3833 181 3902 28.
208 3833 268 3903 His
293 3834 404 3924 magis
419 3836 656 3915 conturbatus,
676 3833 873 3915 Proconsul‚
890 3833 995 3922 jussit
1007 3854 1082 3904 earn
1103 3834 1176 3924 igni
1195 3833 1280 3903 tradi

41 3916 124 4004 simul
140 3940 216 3989 cum
234 3921 526 4009 aldemannum
544 3935 657 3992 autem
677 3921 797 3992 fornax
817 3922 879 3991 luit
895 3943 1041 3993 aceensa
1058 3922 1160 3992 citius
1177 3941 1279 4010 quam

39 4015 152 4102 luseum
177 4007 296 4090 luerat,
319 4009 368 4079 1111
387 4023 562 4099 tamquam
579 4010 705 4081 sontem
722 4031 832 4096 aquae
854 4033 934 4080 curn
955 4011 1083 4101 gaudio
1107 4011 1279 4082 fornacem

42 4087 171 4162 subtere:
196 4109 227 4166 et
252 4103 356 4168 Deum
374 4099 511 4190 quidem
533 4099 754 4170 benedicebat
771 4113 898 4169 mater:
926 4101 1198 4172 collaetabantur
1221 4121 1279 4168 au·

45 4181 194 4273 ι11111111ἰτ
219 4199 251 4255 et
284 4188 456 4258 sicambe
483 4188 561 4258 laeti
589 4201 622 4258 et
645 4187 775 4258 alacres
795 4188 931 4259 animas
951 4211 1033 4260 suas
1057 4191 1091 4259 in
1120 4187 1281 4258 manibus

48 4258 320 4360 berdeposuerunt
334 4276 362 4343 *.
380 4282 418 4346 Et
433 4277 511 4348 illos
534 4277 674 4366 quidem
696 4277 746 4346 sic
770 4277 902 4367 accepit
924 4278 1045 4350 beatus
1070 4279 1161 4350 linis.
1182 4281 1282 4348 Beata

86 4385 159 4438 florum
169 4399 247 4444 aaut·
255 4399 293 4444 tie
301 4403 314 4443 1
324 4401 416 4455 auruli
425 4403 568 4447 ntum-tar.
