2920 4810
8 305 83 370 DEC.
118 305 153 370 at
438 323 477 370 nn
502 322 528 370 s.
556 321 682 372 nnnnna
705 321 834 374 nonam
1161 307 1218 372 out

43 412 159 495 §vt
185 413 266 478 Cum
293 407 341 479 sic
366 419 479 478 autem
506 420 633 498 septem
659 430 769 479 annos
805 408 1032 490 decertasset,
1059 429 1134 478 eam
1160 410 1266 480 subiit

5 497 157 586 cogitatio
190 497 355 588 longioris
394 498 688 588 peregrinationis.
725 498 861 569 Dicebat
892 497 1008 579 enim,
1040 507 1196 587 oportere
1225 497 1269 567 ad

6 609 91 656 sacra
119 587 219 658 etiam
245 588 319 658 loca
339 587 511 668 accedere,
537 598 569 657 ct
591 587 694 658 etiam
720 587 834 657 videre
857 586 1046 659 Jerusalem
1068 589 1096 670 *,
1119 599 1152 658 et
1174 588 1271 658 obire

3 689 29 745 ct
44 677 187 747 adorare
210 678 338 760 omnia,
356 699 445 765 quae
469 677 540 746 illic
565 691 656 759 sunt,
678 677 855 747 miracula.
878 683 1030 765 Cumque
1046 677 1077 747 ei
1093 677 1140 747 ita
1156 677 1267 748 visum

2 778 95 848 esset,
125 789 218 838 mare
233 787 308 836 eam
325 767 488 857 suscepit,
506 789 586 836 cum
605 765 708 836 simul
726 766 860 837 ades'set
878 778 984 837 mater
1000 778 1033 837 et
1049 767 1268 858 Aponianus:

1 868 29 924 et
51 857 195 926 cumeis
223 877 385 958 prospera
408 855 528 928 luisset
553 856 735 957 navigatio,
760 867 987 947 pervenerunt
1006 856 1266 926 Alexandriam:

17 959 107 1016 aest
131 959 245 1016 autem
270 947 388 1016 civitas
417 950 505 1036 Aegy
535 945 580 1026 ti,
607 968 642 1014 m
667 967 736 1032 qua
760 945 951 1018 Pontificali
980 969 1122 1018 munere
1146 946 1268 1037 funge-

4 1035 96 1104 batur
121 1057 270 1128 magnus
296 1037 383 1105 inter
407 967 598 1106 sacertlotcs
623 1035 769 1124 Cyrillus
785 1037 830 1103 *Ἠ
858 1040 940 1106 Cum
966 1058 1005 1107 eo
1028 1037 1216 1128 congressi,
1236 1047 1269 1106 et

1 1147 73 1192 cum
105 1124 174 1194 alio
199 1125 269 1195 viro
300 1124 510 1215 prophetico,
537 1124 675 1193 nomine
704 1124 902 1207 Theodoro,
929 1135 961 1197 ct
992 1128 1029 1196 in
1054 1127 1203 1196 transitu
1227 1146 1267 1195 ex

6 1234 111 1284 eorum
139 1236 297 1284 sermone
331 1236 492 1305 magnam
525 1214 737 1302 accepissent
761 1214 968 1298 utilitatem,
995 1237 1115 1286 navem
1145 1237 1268 1286 rursus

7 1302 238 1387 ascenderunt,
265 1302 307 1374 ad
332 1326 430 1374 sacra
454 1304 525 1373 loca
550 1302 760 1385 festinantes,
780 1304 865 1374 nihil
890 1316 1004 1374 autem
1029 1325 1145 1376 secum
1172 1303 1235 1374 adl
1253 1343 1268 1354 -

9 1405 133 1476 rentes,
161 1406 400 1484 praeterquam
426 1393 455 1462 si
479 1391 562 1481 quid
593 1402 665 1462 crat
690 1393 945 1476 necessarium,
971 1405 1003 1462 et
1030 1394 1120 1482 quod
1155 1404 1269 1486 posset

8 1483 116 1568 paucis
140 1483 266 1554 diebus
289 1483 466 1565 sufficere,
494 1482 644 1553 volentes
673 1483 739 1640 ipsi
764 1505 900 1574 quoque
923 1505 997 1554 esse
1021 1507 1101 1554 cum
1133 1483 1267 1552 mendi-

6 1572 166 1644 cantibus.
186 1579 369 1661 Postquam
386 1595 463 1643 vero
480 1573 514 1642 in
541 1584 663 1642 terram
706 1573 944 1654 escenderunt,
971 1573 1115 1663 contigit
1131 1573 1267 1643 beatam

8 1661 163 1732 llelanam
192 1663 227 1732 in
254 1664 412 1733 morbum
438 1662 600 1732 incidere.
629 1662 755 1731 Deinde
783 1683 861 1732 cum
894 1662 1123 1734 convaluisset
1151 1687 1170 1731 a
1194 1685 1268 1732 cor-

9 1753 89 1838 poris
117 1752 340 1834 infirmitate,
367 1765 399 1822 et
423 1752 600 1822 Dominico
633 1752 792 1842 sepulcro
823 1764 1058 1843 recuperatam
1087 1754 1268 1822 sanitatem

10 1841 107 1926 primo
130 1842 335 1924 obtulisset,
361 1852 394 1911 et
417 1842 460 1911 ad
485 1841 520 1910 id
547 1842 657 1932 primo
681 1842 902 1924 accessisset,
940 1841 1043 1929 idque
1067 1841 1266 1922 adorasset,

10 1927 171 2002 decaetero
188 1931 307 2003 oculos
321 1941 353 2002 et
367 1931 522 2001 animum
540 1931 700 2021 pascebat
715 1931 792 2001 aliis
817 1931 1034 2023 spectaculis.
1061 1931 1269 2001 Versabatur

12 2031 111 2091 autem
134 2043 218 2092 cum
244 2021 309 2103 iis,
335 2020 395 2110 qui
421 2042 461 2090 er
485 2019 720 2090 sacerdotibus
744 2033 840 2091 erant
865 2021 1012 2092 maxime
1036 2020 1214 2112 insignes,
1238 2031 1271 2089 ct

12 2111 143 2181 maxime
167 2134 248 2182 cum
275 2111 340 2194 iis,
366 2111 426 2197 qui
451 2113 485 2178 in
511 2109 657 2180 dicendo
681 2122 777 2180 erant
805 2110 1075 2201 sapientissimi,
1103 2123 1140 2180 ut
1164 2110 1267 2180 etiam

13 2197 176 2272 utilitatem
203 2222 242 2270 ex
266 2200 315 2270 eis
339 2201 538 2301 perciperet.
567 2199 726 2270 alebatur
750 2221 827 2270 vero
851 2200 932 2283 illis,
951 2201 1080 2288 quibus
1098 2200 1131 2268 in
1149 2199 1267 2289 Lybie,

17 2299 55 2353 tot
74 2289 164 2374 dies,
193 2301 275 2378 quot
299 2289 370 2359 illic
396 2289 533 2371 mansit,
560 2311 706 2379 operans
732 2289 905 2373 manibus,
932 2289 1022 2360 sicut
1052 2289 1268 2380 Cartbagine.

17 2379 84 2444 turn
98 2380 311 2450 adventasset
326 2390 439 2448 autem
459 2401 610 2471 vespera,
630 2376 889 2469 ingrediebatur
903 2375 1045 2468 quidein
1062 2380 1097 2448 in
1121 2378 1271 2450 salutare

17 2467 197 2554 sepulcrum
224 2468 505 2541 resurrectionis:
532 2468 649 2540 clauso
666 2487 743 2537 vero
761 2469 899 2559 templo,
920 2469 1079 2539 manebat
1104 2469 1211 2551 intus,
1238 2481 1271 2537 et

15 2555 105 2626 oratio
128 2571 234 2630 noctu
258 2559 301 2628 ab
324 2581 363 2628 ea
388 2557 509 2628 tandiu
534 2558 809 2649 producebatur,
836 2559 945 2628 donec
978 2558 1125 2649 ingressi
1158 2569 1272 2627 essent

15 2647 166 2719 matutina
199 2649 370 2718 cantaturi
406 2648 550 2718 cantica.
587 2653 768 2734 Postquam
805 2661 918 2718 autem
953 2647 1057 2717 linem
1094 2658 1274 2738 acceperat

15 2733 226 2838 glorificatio,
258 2750 340 2810 tunc
373 2737 448 2830 ipsa
481 2759 617 2826 quoque
647 2758 774 2829 corpus
808 2760 929 2829 parum
961 2737 1065 2808 dabat
1094 2758 1216 2808 somno
1240 2747 1272 2806 ct

15 2837 117 2906 quieti.

51 2915 160 2998 Μ.
188 2921 271 2987 Cum
298 2937 385 2998 vero,
414 2917 502 2987 sicut
526 2939 545 2985 a
571 2937 623 2985 me
647 2916 776 2987 dictum
802 2925 864 2998 est,
883 2937 1012 3006 paucae
1031 2913 1199 3004 quaedam
1221 2914 1238 2983 s
1257 2955 1271 2965 -

15 3001 165 3078 cultetum
192 3005 358 3094 reliquiae
371 3006 402 3076 ei
418 3011 545 3076 Romae
571 3007 828 3087 remansissent,
850 3017 883 3076 et
899 3005 1037 3076 cuidam
1056 3027 1094 3076 ex
1111 3005 1273 3077 fidelibus

18 3095 202 3186 mandatum
219 3107 320 3178 esset,
339 3107 378 3167 ut
393 3118 451 3165 eas
468 3109 670 3186 proponeret
686 3095 851 3166 emendas
869 3095 1073 3178 volentibus,
1092 3106 1271 3184 postquam

19 3177 64 3247 ille
86 3183 145 3256 hoc
169 3184 330 3267 lecisset,
359 3207 483 3256 aurum
509 3185 551 3254 ad
577 3207 634 3254 cos
666 3185 769 3256 mittit
795 3183 1058 3276 lerosolymam.
1086 3184 1149 3268 Qui
1174 3184 1274 3255 solita

18 3280 134 3366 utentes
149 3275 372 3365 benignitate,
392 3297 449 3344 eas
464 3273 705 3346 haereditatem
731 3274 886 3346 lecerunt
906 3275 1094 3366 egentium.
1114 3273 1176 3343 Hic
1192 3295 1271 3342 cum

20 3354 204 3445 aliquandiu
228 3376 342 3435 essent
366 3365 514 3448 versati,
542 3364 668 3434 videret
692 3378 805 3435 autem
839 3364 969 3434 Melana
995 3376 1138 3434 matrem
1173 3382 1271 3432 suam

21 3449 99 3546 sertio
121 3465 152 3524 et
176 3465 329 3545 tempore
353 3454 500 3545 gravari,
527 3475 602 3524 eam
627 3453 699 3524 illic
724 3454 910 3542 relinquit,
938 3453 1147 3545 rogavitque,
1173 3464 1212 3522 ut
1235 3473 1275 3520 ea

25 3531 63 3602 ιΙΙι
91 3555 222 3630 pararet
253 3543 514 3614 tabernaculum
547 3544 582 3612 in
615 3556 729 3615 monte
755 3543 885 3614 Oliveti.
918 3543 981 3614 Illa
1013 3565 1090 3614 vero
1121 3541 1273 3612 venitin

25 3624 204 3725 ltgyptum,
231 3655 405 3705 unacum
431 3633 617 3724 alpeniano,
638 3645 708 3703 tum
732 3633 822 3720 quod
849 3632 974 3703 vellent
999 3633 1114 3702 videre
1140 3641 1274 3701 sanctos

25 3729 183 3814 luveram
206 3722 241 3791 in
268 3745 319 3806 ea,
347 3723 559 3804 tumeliam,
586 3735 623 3793 ut
647 3745 707 3793 sua
734 3723 945 3813 benignitate
970 3722 1185 3813 impertirent
1203 3741 1272 3800 eos,

25 3819 72 3881 qm
94 3807 157 3881 illic
180 3825 289 3894 erant,
319 3834 497 3902 pauperes.
519 3813 559 3881 lli
576 3835 657 3904 crgo
682 3813 866 3893 venientes,
894 3811 1065 3882 faciebant
1084 3811 1118 3880 id
1138 3823 1275 3901 propter

28 3894 100 3970 ‘tuod
117 3913 285 3984 venerant,
312 3914 345 3971 et
367 3924 424 3972 cos
448 3902 508 3989 qui
533 3925 568 3972 se
585 3903 618 3971 in
637 3901 760 3992 pietate
783 3902 996 3984 exercebant,
1019 3900 1171 3971 obibant.
1192 3905 1275 3968 Cum

30 3995 120 4054 autem
147 3991 370 4062 accessissent
398 3991 441 4060 ad
472 3990 645 4079 quoddam
681 3991 966 4075 tabernaculum,
1001 3991 1093 4080 quod
1119 3987 1212 4080 apud
1243 4009 1278 4058 se

29 4061 152 4166 trahebar
174 4081 285 4151 virum
313 4081 346 4150 in
372 4081 590 4172 philosophia
616 4082 817 4164 marimum,
835 4081 892 4150 cui
910 4103 1035 4152 nomen
1061 4091 1133 4149 erat
1148 4077 1279 4170 llphae-

34 4165 112 4248 ¹atron,
136 4171 298 4260 rogabant
323 4181 359 4240 ut
382 4171 455 4262 ipse
479 4192 616 4260 quoque
639 4193 690 4254 ea,
717 4193 806 4262 quae
830 4171 902 4252 alii,
933 4170 1165 4261 participaret.
1194 4173 1277 4237 Cum

35 4261 165 4328 *sautem
193 4271 375 4342 recusaret,
402 4260 485 4349 quid
510 4281 577 4330 non
603 4259 681 4332 lecit
705 4261 848 4342 llelana,
876 4260 992 4333 volens
1016 4258 1047 4328 ei
1073 4256 1280 4350 persuadere

54 4409 132 4488 lecim
144 4432 229 4466 mcum
243 4427 289 4486 llll.
427 4476 431 4485 Ι

87 4469 155 4520 llutos
164 4479 184 4520 a.
196 4477 278 4528 cyrilti
289 4478 400 4522 mcruorta
409 4481 447 4520 uro
457 4481 482 4521 28
493 4479 597 4530 tenuant!
610 4481 729 4522 accolitur.
