<?xml version="1.0" encoding="UTF-8"?>
<!DOCTYPE html PUBLIC "-//W3C//DTD XHTML 1.0 Transitional//EN"
    "http://www.w3.org/TR/xhtml1/DTD/xhtml1-transitional.dtd">
<html xmlns="http://www.w3.org/1999/xhtml" xml:lang="en" lang="en">
 <head>
  <title>
</title>
<meta http-equiv="Content-Type" content="text/html;charset=utf-8" />
  <meta name='ocr-system' content='tesseract 3.04.00' />
  <meta name='ocr-capabilities' content='ocr_page ocr_carea ocr_par ocr_line ocrx_word'/>
</head>
<body>
  <div class='ocr_page' id='page_1' title='image "./historiaeseuvit00lippgoog_0140.png"; bbox 0 0 2994 4832; ppageno 0'>
   <div class='ocr_carea' id='block_1_1' title="bbox 62 303 1257 379">
    <p class='ocr_par' dir='ltr' id='par_1_1' title="bbox 62 303 1257 379">
     <span class='ocr_line' id='line_1_1' title="bbox 62 303 1257 379; baseline 0.001 -13"><span class='ocrx_word' id='word_1_1' title='bbox 62 304 161 369; x_wconf 71' lang='lat' dir='ltr'><strong>tritt</strong></span> <span class='ocrx_word' id='word_1_2' title='bbox 392 319 429 368; x_wconf 82' lang='lat' dir='ltr'><strong>na</strong></span> <span class='ocrx_word' id='word_1_3' title='bbox 453 322 479 368; x_wconf 92' lang='lat' dir='ltr'><strong>s.</strong></span> <span class='ocrx_word' id='word_1_4' title='bbox 506 321 632 368; x_wconf 74' lang='lat' dir='ltr'><strong>annona</strong></span> <span class='ocrx_word' id='word_1_5' title='bbox 656 319 804 368; x_wconf 75' lang='lat' dir='ltr'><strong>arumna.</strong></span> <span class='ocrx_word' id='word_1_6' title='bbox 832 317 943 379; x_wconf 79' lang='lat' dir='ltr'><strong>rocon.</strong></span> <span class='ocrx_word' id='word_1_7' title='bbox 1195 303 1257 367; x_wconf 85' lang='lat' dir='ltr'><strong>tt7</strong></span> 
     </span>
    </p>
   </div>
   <div class='ocr_carea' id='block_1_2' title="bbox 50 403 1331 4488">
    <p class='ocr_par' dir='ltr' id='par_1_2' title="bbox 52 403 1308 2968">
     <span class='ocr_line' id='line_1_2' title="bbox 61 403 1303 492; baseline 0.002 -20"><span class='ocrx_word' id='word_1_8' title='bbox 61 407 143 474; x_wconf 74' lang='lat' dir='ltr'><strong>tirum</strong></span> <span class='ocrx_word' id='word_1_9' title='bbox 162 405 213 475; x_wconf 85' lang='lat' dir='ltr'><strong>Dei</strong></span> <span class='ocrx_word' id='word_1_10' title='bbox 239 404 407 484; x_wconf 88' lang='lat' dir='ltr'><strong>odissent,</strong></span> <span class='ocrx_word' id='word_1_11' title='bbox 426 405 681 475; x_wconf 87' lang='lat' dir='ltr'><strong>evidentissimo</strong></span> <span class='ocrx_word' id='word_1_12' title='bbox 706 404 876 474; x_wconf 88' lang='lat' dir='ltr'><strong>rrtiraculo</strong></span> <span class='ocrx_word' id='word_1_13' title='bbox 893 403 1105 475; x_wconf 89' lang='lat' dir='ltr'><strong>declaratum</strong></span> <span class='ocrx_word' id='word_1_14' title='bbox 1123 419 1185 484; x_wconf 89' lang='lat' dir='ltr'><strong>est,</strong></span> <span class='ocrx_word' id='word_1_15' title='bbox 1201 407 1303 492; x_wconf 80' lang='lat' dir='ltr'><strong>cujus</strong></span> 
     </span>
     <span class='ocr_line' id='line_1_3' title="bbox 58 493 1301 583; baseline 0.003 -25"><span class='ocrx_word' id='word_1_16' title='bbox 58 495 126 583; x_wconf 82' lang='lat' dir='ltr'><strong>apud</strong></span> <span class='ocrx_word' id='word_1_17' title='bbox 150 501 252 566; x_wconf 85' lang='lat' dir='ltr'><strong>[teum</strong></span> <span class='ocrx_word' id='word_1_18' title='bbox 273 495 388 564; x_wconf 93' lang='lat' dir='ltr'><strong>meriti</strong></span> <span class='ocrx_word' id='word_1_19' title='bbox 403 493 460 564; x_wconf 89' lang='lat' dir='ltr'><strong>ille</strong></span> <span class='ocrx_word' id='word_1_20' title='bbox 478 507 576 564; x_wconf 89' lang='lat' dir='ltr'><strong>esset.</strong></span> <span class='ocrx_word' id='word_1_21' title='bbox 600 495 700 565; x_wconf 86' lang='lat' dir='ltr'><strong>Navis</strong></span> <span class='ocrx_word' id='word_1_22' title='bbox 723 495 816 564; x_wconf 87' lang='lat' dir='ltr'><strong>eninr</strong></span> <span class='ocrx_word' id='word_1_23' title='bbox 839 495 873 562; x_wconf 94' lang='lat' dir='ltr'><strong>in</strong></span> <span class='ocrx_word' id='word_1_24' title='bbox 890 493 1030 562; x_wconf 83' lang='lat' dir='ltr'><strong>alteram</strong></span> <span class='ocrx_word' id='word_1_25' title='bbox 1057 495 1167 564; x_wconf 85' lang='lat' dir='ltr'>Rheni</span> <span class='ocrx_word' id='word_1_26' title='bbox 1190 497 1301 582; x_wconf 80' lang='lat' dir='ltr'>ripam</span> 
     </span>
     <span class='ocr_line' id='line_1_4' title="bbox 58 582 1304 673; baseline 0.002 -23"><span class='ocrx_word' id='word_1_27' title='bbox 58 587 288 661; x_wconf 76' lang='lat' dir='ltr'><strong>transmissura,</strong></span> <span class='ocrx_word' id='word_1_28' title='bbox 309 597 427 652; x_wconf 90' lang='lat' dir='ltr'><strong>contra</strong></span> <span class='ocrx_word' id='word_1_29' title='bbox 450 583 607 652; x_wconf 86' lang='lat' dir='ltr'><strong>fluminis</strong></span> <span class='ocrx_word' id='word_1_30' title='bbox 632 584 799 672; x_wconf 91' lang='lat' dir='ltr'><strong>impetu&#39;m</strong></span> <span class='ocrx_word' id='word_1_31' title='bbox 815 582 1018 663; x_wconf 88' lang='lat' dir='ltr'><strong>ascendens,</strong></span> <span class='ocrx_word' id='word_1_32' title='bbox 1036 583 1145 651; x_wconf 89' lang='lat' dir='ltr'><strong>instar</strong></span> <span class='ocrx_word' id='word_1_33' title='bbox 1161 584 1304 673; x_wconf 77' lang='lat' dir='ltr'><strong>sagittae</strong></span> 
     </span>
     <span class='ocr_line' id='line_1_5' title="bbox 58 670 1304 772; baseline 0.002 -34"><span class='ocrx_word' id='word_1_34' title='bbox 58 675 129 741; x_wconf 87' lang='lat' dir='ltr'><strong>littus</strong></span> <span class='ocrx_word' id='word_1_35' title='bbox 151 673 245 742; x_wconf 89' lang='lat' dir='ltr'><strong>aliud</strong></span> <span class='ocrx_word' id='word_1_36' title='bbox 277 670 421 741; x_wconf 79' lang='lat' dir='ltr'><strong>feliciter</strong></span> <span class='ocrx_word' id='word_1_37' title='bbox 444 672 646 772; x_wconf 81' lang='lat' dir='ltr'><strong>occupavit,</strong></span> <span class='ocrx_word' id='word_1_38' title='bbox 673 671 827 741; x_wconf 74' lang='lat' dir='ltr'><strong>fortassis</strong></span> <span class='ocrx_word' id='word_1_39' title='bbox 855 672 957 741; x_wconf 89' lang='lat' dir='ltr'><strong>etiam</strong></span> <span class='ocrx_word' id='word_1_40' title='bbox 983 671 1102 740; x_wconf 88' lang='lat' dir='ltr'><strong>eadem</strong></span> <span class='ocrx_word' id='word_1_41' title='bbox 1130 673 1160 740; x_wconf 85' lang='lat' dir='ltr'><strong>vi</strong></span> <span class='ocrx_word' id='word_1_42' title='bbox 1184 688 1304 740; x_wconf 88' lang='lat' dir='ltr'><strong>contra</strong></span> 
     </span>
     <span class='ocr_line' id='line_1_6' title="bbox 58 759 1302 849; baseline 0.002 -23"><span class='ocrx_word' id='word_1_43' title='bbox 58 775 210 832; x_wconf 67' lang='lat' dir='ltr'><strong>&#39;tantarum</strong></span> <span class='ocrx_word' id='word_1_44' title='bbox 232 777 396 830; x_wconf 87' lang='lat' dir='ltr'><strong>conatum</strong></span> <span class='ocrx_word' id='word_1_45' title='bbox 414 761 517 830; x_wconf 88' lang='lat' dir='ltr'><strong>altius</strong></span> <span class='ocrx_word' id='word_1_46' title='bbox 533 774 636 842; x_wconf 85' lang='lat' dir='ltr'><strong>itura,</strong></span> <span class='ocrx_word' id='word_1_47' title='bbox 657 761 723 830; x_wconf 91' lang='lat' dir='ltr'><strong>nisi</strong></span> <span class='ocrx_word' id='word_1_48' title='bbox 741 760 849 830; x_wconf 88' lang='lat' dir='ltr'><strong>sancti</strong></span> <span class='ocrx_word' id='word_1_49' title='bbox 877 761 1043 830; x_wconf 87' lang='lat' dir='ltr'><strong>Heriberti</strong></span> <span class='ocrx_word' id='word_1_50' title='bbox 1069 759 1172 828; x_wconf 90' lang='lat' dir='ltr'><strong>aedes</strong></span> <span class='ocrx_word' id='word_1_51' title='bbox 1194 762 1302 849; x_wconf 89' lang='lat' dir='ltr'><strong>impe-</strong></span> 
     </span>
     <span class='ocr_line' id='line_1_7' title="bbox 56 848 1303 938; baseline 0.002 -24"><span class='ocrx_word' id='word_1_52' title='bbox 56 849 179 920; x_wconf 77' lang='lat' dir='ltr'><strong>divisset.</strong></span> <span class='ocrx_word' id='word_1_53' title='bbox 207 855 355 936; x_wconf 81' lang='lat' dir='ltr'><strong>Eratque</strong></span> <span class='ocrx_word' id='word_1_54' title='bbox 379 873 417 918; x_wconf 85' lang='lat' dir='ltr'><strong>ca</strong></span> <span class='ocrx_word' id='word_1_55' title='bbox 448 871 499 920; x_wconf 88' lang='lat' dir='ltr'><strong>res</strong></span> <span class='ocrx_word' id='word_1_56' title='bbox 528 863 621 918; x_wconf 92' lang='lat' dir='ltr'><strong>tanto</strong></span> <span class='ocrx_word' id='word_1_57' title='bbox 645 848 908 928; x_wconf 90' lang='lat' dir='ltr'><strong>admirabilior,</strong></span> <span class='ocrx_word' id='word_1_58' title='bbox 935 848 1027 938; x_wconf 91' lang='lat' dir='ltr'><strong>quod</strong></span> <span class='ocrx_word' id='word_1_59' title='bbox 1065 863 1189 918; x_wconf 87' lang='lat' dir='ltr'><strong>nautae</strong></span> <span class='ocrx_word' id='word_1_60' title='bbox 1222 870 1303 938; x_wconf 88' lang='lat' dir='ltr'><strong>prae</strong></span> 
     </span>
     <span class='ocr_line' id='line_1_8' title="bbox 56 937 1305 1026; baseline 0.003 -24"><span class='ocrx_word' id='word_1_61' title='bbox 56 939 153 1026; x_wconf 87' lang='lat' dir='ltr'><strong>t&#39;rigorc</strong></span> <span class='ocrx_word' id='word_1_62' title='bbox 179 940 232 1006; x_wconf 82' lang='lat' dir='ltr'><strong>vix</strong></span> <span class='ocrx_word' id='word_1_63' title='bbox 258 960 385 1006; x_wconf 90' lang='lat' dir='ltr'><strong>manus</strong></span> <span class='ocrx_word' id='word_1_64' title='bbox 413 960 545 1006; x_wconf 88' lang='lat' dir='ltr'><strong>movere</strong></span> <span class='ocrx_word' id='word_1_65' title='bbox 571 937 790 1017; x_wconf 83' lang='lat' dir='ltr'><strong>viderentur,</strong></span> <span class='ocrx_word' id='word_1_66' title='bbox 823 937 1033 1024; x_wconf 80' lang='lat' dir='ltr'><strong>Rhenusque</strong></span> <span class='ocrx_word' id='word_1_67' title='bbox 1057 951 1090 1006; x_wconf 89' lang='lat' dir='ltr'><strong>et</strong></span> <span class='ocrx_word' id='word_1_68' title='bbox 1116 937 1242 1026; x_wconf 88' lang='lat' dir='ltr'><strong>pluviis</strong></span> <span class='ocrx_word' id='word_1_69' title='bbox 1272 951 1305 1006; x_wconf 92' lang='lat' dir='ltr'><strong>et</strong></span> 
     </span>
     <span class='ocr_line' id='line_1_9' title="bbox 52 1025 1301 1114; baseline 0.001 -22"><span class='ocrx_word' id='word_1_70' title='bbox 52 1025 138 1114; x_wconf 76' lang='lat' dir='ltr'><strong>glacie</strong></span> <span class='ocrx_word' id='word_1_71' title='bbox 164 1027 241 1114; x_wconf 87' lang='lat' dir='ltr'><strong>plus</strong></span> <span class='ocrx_word' id='word_1_72' title='bbox 271 1026 373 1097; x_wconf 92' lang='lat' dir='ltr'><strong>solito</strong></span> <span class='ocrx_word' id='word_1_73' title='bbox 403 1028 635 1096; x_wconf 84' lang='lat' dir='ltr'><strong>intumuisset.</strong></span> <span class='ocrx_word' id='word_1_74' title='bbox 661 1032 737 1096; x_wconf 83' lang='lat' dir='ltr'><strong>lam</strong></span> <span class='ocrx_word' id='word_1_75' title='bbox 760 1038 849 1106; x_wconf 88' lang='lat' dir='ltr'><strong>ante,</strong></span> <span class='ocrx_word' id='word_1_76' title='bbox 874 1041 910 1094; x_wconf 93' lang='lat' dir='ltr'><strong>ut</strong></span> <span class='ocrx_word' id='word_1_77' title='bbox 934 1049 1038 1114; x_wconf 91' lang='lat' dir='ltr'><strong>supra</strong></span> <span class='ocrx_word' id='word_1_78' title='bbox 1067 1027 1301 1108; x_wconf 89' lang='lat' dir='ltr'><strong>meminimus,</strong></span> 
     </span>
     <span class='ocr_line' id='line_1_10' title="bbox 54 1114 1301 1203; baseline 0.002 -23"><span class='ocrx_word' id='word_1_79' title='bbox 54 1114 77 1180; x_wconf 85' lang='lat' dir='ltr'><strong>id</strong></span> <span class='ocrx_word' id='word_1_80' title='bbox 98 1116 134 1184; x_wconf 89' lang='lat' dir='ltr'><strong>ita</strong></span> <span class='ocrx_word' id='word_1_81' title='bbox 151 1117 219 1185; x_wconf 85' lang='lat' dir='ltr'><strong>lore</strong></span> <span class='ocrx_word' id='word_1_82' title='bbox 242 1115 457 1203; x_wconf 80' lang='lat' dir='ltr'><strong>praedixerat</strong></span> <span class='ocrx_word' id='word_1_83' title='bbox 475 1117 524 1184; x_wconf 89' lang='lat' dir='ltr'><strong>vir</strong></span> <span class='ocrx_word' id='word_1_84' title='bbox 545 1129 698 1196; x_wconf 89' lang='lat' dir='ltr'><strong>sanctus,</strong></span> <span class='ocrx_word' id='word_1_85' title='bbox 716 1137 795 1184; x_wconf 90' lang='lat' dir='ltr'><strong>cum</strong></span> <span class='ocrx_word' id='word_1_86' title='bbox 815 1115 929 1184; x_wconf 89' lang='lat' dir='ltr'><strong>adbuc</strong></span> <span class='ocrx_word' id='word_1_87' title='bbox 952 1128 1041 1184; x_wconf 88' lang='lat' dir='ltr'><strong>esset</strong></span> <span class='ocrx_word' id='word_1_88' title='bbox 1064 1116 1096 1184; x_wconf 89' lang='lat' dir='ltr'><strong>in</strong></span> <span class='ocrx_word' id='word_1_89' title='bbox 1125 1115 1301 1185; x_wconf 90' lang='lat' dir='ltr'><strong>humanis.</strong></span> 
     </span>
     <span class='ocr_line' id='line_1_11' title="bbox 56 1203 1304 1294; baseline 0.002 -24"><span class='ocrx_word' id='word_1_90' title='bbox 56 1203 220 1274; x_wconf 82' lang='lat' dir='ltr'><strong>[biautem</strong></span> <span class='ocrx_word' id='word_1_91' title='bbox 250 1205 281 1273; x_wconf 91' lang='lat' dir='ltr'><strong>id</strong></span> <span class='ocrx_word' id='word_1_92' title='bbox 306 1204 493 1294; x_wconf 87' lang='lat' dir='ltr'><strong>conspicati</strong></span> <span class='ocrx_word' id='word_1_93' title='bbox 515 1219 607 1284; x_wconf 92' lang='lat' dir='ltr'><strong>sunt,</strong></span> <span class='ocrx_word' id='word_1_94' title='bbox 626 1205 687 1290; x_wconf 91' lang='lat' dir='ltr'><strong>qui</strong></span> <span class='ocrx_word' id='word_1_95' title='bbox 713 1205 745 1271; x_wconf 93' lang='lat' dir='ltr'><strong>in</strong></span> <span class='ocrx_word' id='word_1_96' title='bbox 770 1204 920 1272; x_wconf 82' lang='lat' dir='ltr'><strong>citeriori</strong></span> <span class='ocrx_word' id='word_1_97' title='bbox 944 1203 1055 1272; x_wconf 90' lang='lat' dir='ltr'><strong>littore</strong></span> <span class='ocrx_word' id='word_1_98' title='bbox 1079 1204 1225 1286; x_wconf 86' lang='lat' dir='ltr'><strong>stabant,</strong></span> <span class='ocrx_word' id='word_1_99' title='bbox 1246 1226 1304 1273; x_wconf 90' lang='lat' dir='ltr'><strong>na·</strong></span> 
     </span>
     <span class='ocr_line' id='line_1_12' title="bbox 55 1291 1303 1378; baseline 0.001 -19"><span class='ocrx_word' id='word_1_100' title='bbox 55 1313 110 1360; x_wconf 79' lang='lat' dir='ltr'><strong>tem</strong></span> <span class='ocrx_word' id='word_1_101' title='bbox 132 1293 259 1364; x_wconf 82' lang='lat' dir='ltr'><strong>scilicet</strong></span> <span class='ocrx_word' id='word_1_102' title='bbox 288 1293 382 1362; x_wconf 91' lang='lat' dir='ltr'><strong>illam</strong></span> <span class='ocrx_word' id='word_1_103' title='bbox 414 1307 531 1362; x_wconf 90' lang='lat' dir='ltr'><strong>contra</strong></span> <span class='ocrx_word' id='word_1_104' title='bbox 557 1306 699 1362; x_wconf 88' lang='lat' dir='ltr'><strong>naturae</strong></span> <span class='ocrx_word' id='word_1_105' title='bbox 720 1293 800 1370; x_wconf 86' lang='lat' dir='ltr'><strong>rim,</strong></span> <span class='ocrx_word' id='word_1_106' title='bbox 821 1291 976 1362; x_wconf 87' lang='lat' dir='ltr'><strong>altiorem</strong></span> <span class='ocrx_word' id='word_1_107' title='bbox 1000 1293 1032 1361; x_wconf 90' lang='lat' dir='ltr'><strong>in</strong></span> <span class='ocrx_word' id='word_1_108' title='bbox 1053 1293 1126 1378; x_wconf 90' lang='lat' dir='ltr'><strong>ripa</strong></span> <span class='ocrx_word' id='word_1_109' title='bbox 1146 1292 1303 1363; x_wconf 85' lang='lat' dir='ltr'><strong>ulteriori</strong></span> 
     </span>
     <span class='ocr_line' id='line_1_13' title="bbox 53 1380 1304 1472; baseline 0.002 -25"><span class='ocrx_word' id='word_1_110' title='bbox 53 1383 181 1472; x_wconf 84' lang='lat' dir='ltr'><strong>attigisse</strong></span> <span class='ocrx_word' id='word_1_111' title='bbox 198 1381 325 1460; x_wconf 89' lang='lat' dir='ltr'><strong>locum,</strong></span> <span class='ocrx_word' id='word_1_112' title='bbox 345 1405 449 1467; x_wconf 89' lang='lat' dir='ltr'><strong>quarn</strong></span> <span class='ocrx_word' id='word_1_113' title='bbox 475 1382 564 1468; x_wconf 90' lang='lat' dir='ltr'><strong>quod</strong></span> <span class='ocrx_word' id='word_1_114' title='bbox 586 1382 813 1471; x_wconf 77' lang='lat' dir='ltr'><strong>insisterent,</strong></span> <span class='ocrx_word' id='word_1_115' title='bbox 839 1380 935 1449; x_wconf 86' lang='lat' dir='ltr'><strong>valde</strong></span> <span class='ocrx_word' id='word_1_116' title='bbox 959 1382 1093 1450; x_wconf 87' lang='lat' dir='ltr'><strong>attoniti</strong></span> <span class='ocrx_word' id='word_1_117' title='bbox 1114 1382 1304 1452; x_wconf 86' lang='lat' dir='ltr'><strong>laudabant</strong></span> 
     </span>
     <span class='ocr_line' id='line_1_14' title="bbox 54 1470 1304 1560; baseline 0.002 -24"><span class='ocrx_word' id='word_1_118' title='bbox 54 1475 157 1539; x_wconf 81' lang='lat' dir='ltr'><strong>baum:</strong></span> <span class='ocrx_word' id='word_1_119' title='bbox 175 1470 245 1551; x_wconf 86' lang='lat' dir='ltr'><strong>alii,</strong></span> <span class='ocrx_word' id='word_1_120' title='bbox 263 1473 324 1557; x_wconf 92' lang='lat' dir='ltr'><strong>qui</strong></span> <span class='ocrx_word' id='word_1_121' title='bbox 344 1471 424 1540; x_wconf 91' lang='lat' dir='ltr'><strong>odio</strong></span> <span class='ocrx_word' id='word_1_122' title='bbox 444 1471 531 1541; x_wconf 91' lang='lat' dir='ltr'><strong>beati</strong></span> <span class='ocrx_word' id='word_1_123' title='bbox 559 1471 621 1538; x_wconf 90' lang='lat' dir='ltr'><strong>viri</strong></span> <span class='ocrx_word' id='word_1_124' title='bbox 644 1471 912 1559; x_wconf 86' lang='lat' dir='ltr'><strong>conflagrarant,</strong></span> <span class='ocrx_word' id='word_1_125' title='bbox 940 1471 1153 1560; x_wconf 83' lang='lat' dir='ltr'><strong>suspirantes</strong></span> <span class='ocrx_word' id='word_1_126' title='bbox 1180 1471 1304 1540; x_wconf 86' lang='lat' dir='ltr'><strong>tunde·</strong></span> 
     </span>
     <span class='ocr_line' id='line_1_15' title="bbox 52 1557 1303 1648; baseline 0.002 -22"><span class='ocrx_word' id='word_1_127' title='bbox 52 1557 118 1629; x_wconf 88' lang='lat' dir='ltr'><strong>bant</strong></span> <span class='ocrx_word' id='word_1_128' title='bbox 140 1573 282 1648; x_wconf 73' lang='lat' dir='ltr'><strong>pectora,</strong></span> <span class='ocrx_word' id='word_1_129' title='bbox 310 1559 523 1646; x_wconf 87' lang='lat' dir='ltr'><strong>domumque</strong></span> <span class='ocrx_word' id='word_1_130' title='bbox 546 1561 717 1630; x_wconf 88' lang='lat' dir='ltr'><strong>abierunt.</strong></span> <span class='ocrx_word' id='word_1_131' title='bbox 744 1559 956 1647; x_wconf 82' lang='lat' dir='ltr'><strong>Completum</strong></span> <span class='ocrx_word' id='word_1_132' title='bbox 973 1572 1024 1627; x_wconf 87' lang='lat' dir='ltr'><strong>est</strong></span> <span class='ocrx_word' id='word_1_133' title='bbox 1050 1573 1134 1641; x_wconf 78' lang='lat' dir='ltr'><strong>tum,</strong></span> <span class='ocrx_word' id='word_1_134' title='bbox 1154 1559 1246 1646; x_wconf 92' lang='lat' dir='ltr'><strong>quod</strong></span> <span class='ocrx_word' id='word_1_135' title='bbox 1267 1561 1303 1628; x_wconf 90' lang='lat' dir='ltr'><strong>in</strong></span> 
     </span>
     <span class='ocr_line' id='line_1_16' title="bbox 54 1649 1304 1740; baseline 0.005 -28"><span class='ocrx_word' id='word_1_136' title='bbox 54 1649 169 1716; x_wconf 79' lang='lat' dir='ltr'><strong>Psalmo</strong></span> <span class='ocrx_word' id='word_1_137' title='bbox 189 1649 329 1718; x_wconf 90' lang='lat' dir='ltr'><strong>dicitur:</strong></span> <span class='ocrx_word' id='word_1_138' title='bbox 357 1650 512 1718; x_wconf 74' lang='lat' dir='ltr'><strong>Videbunt</strong></span> <span class='ocrx_word' id='word_1_139' title='bbox 534 1651 626 1728; x_wconf 87' lang='lat' dir='ltr'><strong>recti,</strong></span> <span class='ocrx_word' id='word_1_140' title='bbox 654 1659 685 1718; x_wconf 84' lang='lat' dir='ltr'><strong>et</strong></span> <span class='ocrx_word' id='word_1_141' title='bbox 710 1650 939 1728; x_wconf 85' lang='lat' dir='ltr'><strong>loctodrrtrttrr,</strong></span> <span class='ocrx_word' id='word_1_142' title='bbox 958 1657 987 1716; x_wconf 88' lang='lat' dir='ltr'><strong>et</strong></span> <span class='ocrx_word' id='word_1_143' title='bbox 1012 1651 1117 1718; x_wconf 81' lang='lat' dir='ltr'><strong>omnis</strong></span> <span class='ocrx_word' id='word_1_144' title='bbox 1143 1652 1304 1740; x_wconf 82' lang='lat' dir='ltr'><strong>r&#39;rriqtrr&#39;tas</strong></span> 
     </span>
     <span class='ocr_line' id='line_1_17' title="bbox 53 1736 1303 1828; baseline 0.003 -28"><span class='ocrx_word' id='word_1_145' title='bbox 53 1739 195 1826; x_wconf 80' lang='lat' dir='ltr'><strong>oppilabit</strong></span> <span class='ocrx_word' id='word_1_146' title='bbox 214 1759 369 1807; x_wconf 81' lang='lat' dir='ltr'><strong>ossuum</strong></span> <span class='ocrx_word' id='word_1_147' title='bbox 393 1743 460 1820; x_wconf 82' lang='lat' dir='ltr'><strong>(Pr.</strong></span> <span class='ocrx_word' id='word_1_148' title='bbox 482 1739 571 1827; x_wconf 84' lang='lat' dir='ltr'><strong>too).</strong></span> <span class='ocrx_word' id='word_1_149' title='bbox 591 1737 729 1808; x_wconf 87' lang='lat' dir='ltr'><strong>illatum</strong></span> <span class='ocrx_word' id='word_1_150' title='bbox 750 1736 876 1806; x_wconf 88' lang='lat' dir='ltr'><strong>deinde</strong></span> <span class='ocrx_word' id='word_1_151' title='bbox 899 1751 950 1806; x_wconf 86' lang='lat' dir='ltr'><strong>est</strong></span> <span class='ocrx_word' id='word_1_152' title='bbox 970 1759 1106 1808; x_wconf 89' lang='lat' dir='ltr'><strong>sacrum</strong></span> <span class='ocrx_word' id='word_1_153' title='bbox 1126 1741 1252 1828; x_wconf 85' lang='lat' dir='ltr'><strong>corpus</strong></span> <span class='ocrx_word' id='word_1_154' title='bbox 1268 1738 1303 1805; x_wconf 95' lang='lat' dir='ltr'><strong>in</strong></span> 
     </span>
     <span class='ocr_line' id='line_1_18' title="bbox 55 1824 1300 1914; baseline 0.005 -25"><span class='ocrx_word' id='word_1_155' title='bbox 55 1826 195 1914; x_wconf 83' lang='lat' dir='ltr'><strong>ternplum</strong></span> <span class='ocrx_word' id='word_1_156' title='bbox 220 1827 336 1895; x_wconf 81' lang='lat' dir='ltr'><strong>triatris</strong></span> <span class='ocrx_word' id='word_1_157' title='bbox 357 1827 427 1908; x_wconf 87' lang='lat' dir='ltr'><strong>Dei,</strong></span> <span class='ocrx_word' id='word_1_158' title='bbox 454 1827 513 1896; x_wconf 93' lang='lat' dir='ltr'><strong>ubi</strong></span> <span class='ocrx_word' id='word_1_159' title='bbox 539 1839 680 1896; x_wconf 86' lang='lat' dir='ltr'><strong>sanctus</strong></span> <span class='ocrx_word' id='word_1_160' title='bbox 707 1825 907 1895; x_wconf 89' lang='lat' dir='ltr'><strong>Heribertus</strong></span> <span class='ocrx_word' id='word_1_161' title='bbox 934 1824 1111 1895; x_wconf 84' lang='lat' dir='ltr'><strong>miraculis</strong></span> <span class='ocrx_word' id='word_1_162' title='bbox 1131 1841 1300 1906; x_wconf 87' lang='lat' dir='ltr'><strong>coruscat,</strong></span> 
     </span>
     <span class='ocr_line' id='line_1_19' title="bbox 55 1915 1303 2004; baseline 0.004 -27"><span class='ocrx_word' id='word_1_163' title='bbox 55 1925 80 1978; x_wconf 76' lang='lat' dir='ltr'><strong>rt</strong></span> <span class='ocrx_word' id='word_1_164' title='bbox 100 1937 157 1983; x_wconf 83' lang='lat' dir='ltr'><strong>nox</strong></span> <span class='ocrx_word' id='word_1_165' title='bbox 172 1915 224 1984; x_wconf 91' lang='lat' dir='ltr'><strong>illa</strong></span> <span class='ocrx_word' id='word_1_166' title='bbox 244 1937 324 1984; x_wconf 88' lang='lat' dir='ltr'><strong>eum</strong></span> <span class='ocrx_word' id='word_1_167' title='bbox 352 1915 495 2003; x_wconf 81' lang='lat' dir='ltr'><strong>hymnis</strong></span> <span class='ocrx_word' id='word_1_168' title='bbox 510 1929 542 1984; x_wconf 89' lang='lat' dir='ltr'><strong>et</strong></span> <span class='ocrx_word' id='word_1_169' title='bbox 560 1915 702 2004; x_wconf 89' lang='lat' dir='ltr'><strong>psalmis</strong></span> <span class='ocrx_word' id='word_1_170' title='bbox 724 1929 841 1984; x_wconf 81' lang='lat' dir='ltr'><strong>exacta</strong></span> <span class='ocrx_word' id='word_1_171' title='bbox 859 1927 921 1984; x_wconf 92' lang='lat' dir='ltr'><strong>est.</strong></span> <span class='ocrx_word' id='word_1_172' title='bbox 949 1915 1114 1984; x_wconf 84' lang='lat' dir='ltr'><strong>Postridie</strong></span> <span class='ocrx_word' id='word_1_173' title='bbox 1133 1937 1244 1995; x_wconf 91' lang='lat' dir='ltr'><strong>mane,</strong></span> <span class='ocrx_word' id='word_1_174' title='bbox 1265 1929 1303 1984; x_wconf 94' lang='grc' dir='ltr'><strong>ιιι</strong></span> 
     </span>
     <span class='ocr_line' id='line_1_20' title="bbox 60 2003 1304 2091; baseline 0.005 -25"><span class='ocrx_word' id='word_1_175' title='bbox 60 2004 176 2088; x_wconf 80' lang='lat' dir='ltr'><strong>septimo</strong></span> <span class='ocrx_word' id='word_1_176' title='bbox 198 2026 335 2091; x_wconf 91' lang='lat' dir='ltr'><strong>quoque</strong></span> <span class='ocrx_word' id='word_1_177' title='bbox 356 2003 412 2073; x_wconf 90' lang='lat' dir='ltr'><strong>die</strong></span> <span class='ocrx_word' id='word_1_178' title='bbox 429 2004 646 2076; x_wconf 83' lang='lat' dir='ltr'><strong>Colonienses</strong></span> <span class='ocrx_word' id='word_1_179' title='bbox 670 2026 768 2072; x_wconf 89' lang='lat' dir='ltr'><strong>suam</strong></span> <span class='ocrx_word' id='word_1_180' title='bbox 791 2017 824 2072; x_wconf 92' lang='lat' dir='ltr'><strong>et</strong></span> <span class='ocrx_word' id='word_1_181' title='bbox 849 2003 950 2073; x_wconf 88' lang='lat' dir='ltr'><strong>iidem</strong></span> <span class='ocrx_word' id='word_1_182' title='bbox 968 2017 1000 2072; x_wconf 91' lang='lat' dir='ltr'><strong>et</strong></span> <span class='ocrx_word' id='word_1_183' title='bbox 1020 2003 1233 2074; x_wconf 84' lang='lat' dir='ltr'><strong>devotionem</strong></span> <span class='ocrx_word' id='word_1_184' title='bbox 1251 2025 1304 2072; x_wconf 90' lang='lat' dir='ltr'><strong>se·</strong></span> 
     </span>
     <span class='ocr_line' id='line_1_21' title="bbox 64 2091 1302 2182; baseline 0.004 -27"><span class='ocrx_word' id='word_1_185' title='bbox 64 2091 134 2156; x_wconf 76' lang='lat' dir='ltr'><strong>culis</strong></span> <span class='ocrx_word' id='word_1_186' title='bbox 160 2094 317 2162; x_wconf 88' lang='lat' dir='ltr'><strong>omnibus</strong></span> <span class='ocrx_word' id='word_1_187' title='bbox 356 2106 510 2163; x_wconf 88' lang='lat' dir='ltr'><strong>testatam</strong></span> <span class='ocrx_word' id='word_1_188' title='bbox 543 2091 727 2173; x_wconf 84' lang='lat' dir='ltr'><strong>efficerent,</strong></span> <span class='ocrx_word' id='word_1_189' title='bbox 756 2092 949 2182; x_wconf 78' lang='lat' dir='ltr'><strong>frequentes</strong></span> <span class='ocrx_word' id='word_1_190' title='bbox 972 2091 1101 2172; x_wconf 90' lang='lat' dir='ltr'><strong>clerici,</strong></span> <span class='ocrx_word' id='word_1_191' title='bbox 1130 2091 1302 2172; x_wconf 90' lang='lat' dir='ltr'><strong>monachi,</strong></span> 
     </span>
     <span class='ocr_line' id='line_1_22' title="bbox 67 2180 1307 2270; baseline 0.007 -30"><span class='ocrx_word' id='word_1_192' title='bbox 67 2181 309 2251; x_wconf 75' lang='lat' dir='ltr'><strong>sanctimoniales</strong></span> <span class='ocrx_word' id='word_1_193' title='bbox 329 2198 362 2251; x_wconf 86' lang='lat' dir='ltr'><strong>et</strong></span> <span class='ocrx_word' id='word_1_194' title='bbox 386 2182 477 2252; x_wconf 91' lang='lat' dir='ltr'><strong>cives</strong></span> <span class='ocrx_word' id='word_1_195' title='bbox 502 2181 704 2251; x_wconf 88' lang='lat' dir='ltr'><strong>transmisso</strong></span> <span class='ocrx_word' id='word_1_196' title='bbox 730 2181 859 2263; x_wconf 88' lang='lat' dir='ltr'><strong>ereno,</strong></span> <span class='ocrx_word' id='word_1_197' title='bbox 887 2195 965 2250; x_wconf 91' lang='lat' dir='ltr'><strong>ante</strong></span> <span class='ocrx_word' id='word_1_198' title='bbox 985 2180 1096 2250; x_wconf 91' lang='lat' dir='ltr'><strong>lucem</strong></span> <span class='ocrx_word' id='word_1_199' title='bbox 1124 2187 1162 2248; x_wconf 88' lang='lat' dir='ltr'><strong>eo</strong></span> <span class='ocrx_word' id='word_1_200' title='bbox 1190 2202 1307 2270; x_wconf 83' lang='lat' dir='ltr'><strong>perve-</strong></span> 
     </span>
     <span class='ocr_line' id='line_1_23' title="bbox 69 2268 1307 2358; baseline 0.008 -30"><span class='ocrx_word' id='word_1_201' title='bbox 69 2270 302 2340; x_wconf 78' lang='lat' dir='ltr'><strong>neruntttultis</strong></span> <span class='ocrx_word' id='word_1_202' title='bbox 328 2284 442 2341; x_wconf 90' lang='lat' dir='ltr'><strong>autem</strong></span> <span class='ocrx_word' id='word_1_203' title='bbox 470 2271 501 2337; x_wconf 95' lang='lat' dir='ltr'><strong>in</strong></span> <span class='ocrx_word' id='word_1_204' title='bbox 523 2269 650 2358; x_wconf 92' lang='lat' dir='ltr'><strong>templo</strong></span> <span class='ocrx_word' id='word_1_205' title='bbox 674 2269 875 2340; x_wconf 88' lang='lat' dir='ltr'><strong>ardentibus</strong></span> <span class='ocrx_word' id='word_1_206' title='bbox 892 2268 1012 2350; x_wconf 88' lang='lat' dir='ltr'><strong>cereis,</strong></span> <span class='ocrx_word' id='word_1_207' title='bbox 1039 2269 1249 2338; x_wconf 86' lang='lat' dir='ltr'><strong>sacrificium</strong></span> <span class='ocrx_word' id='word_1_208' title='bbox 1275 2281 1307 2338; x_wconf 94' lang='lat' dir='ltr'><strong>et</strong></span> 
     </span>
     <span class='ocr_line' id='line_1_24' title="bbox 67 2358 1307 2448; baseline 0.006 -28"><span class='ocrx_word' id='word_1_209' title='bbox 67 2360 349 2430; x_wconf 68' lang='lat' dir='ltr'><strong>commendationes</strong></span> <span class='ocrx_word' id='word_1_210' title='bbox 369 2358 557 2430; x_wconf 84' lang='lat' dir='ltr'><strong>celebratae</strong></span> <span class='ocrx_word' id='word_1_211' title='bbox 589 2371 681 2440; x_wconf 91' lang='lat' dir='ltr'><strong>sunt,</strong></span> <span class='ocrx_word' id='word_1_212' title='bbox 709 2358 813 2445; x_wconf 90' lang='lat' dir='ltr'><strong>idque</strong></span> <span class='ocrx_word' id='word_1_213' title='bbox 836 2381 886 2440; x_wconf 89' lang='lat' dir='ltr'><strong>ca,</strong></span> <span class='ocrx_word' id='word_1_214' title='bbox 919 2381 989 2446; x_wconf 87' lang='lat' dir='ltr'><strong>qua</strong></span> <span class='ocrx_word' id='word_1_215' title='bbox 1013 2381 1075 2448; x_wconf 90' lang='lat' dir='ltr'><strong>par</strong></span> <span class='ocrx_word' id='word_1_216' title='bbox 1098 2373 1181 2438; x_wconf 88' lang='lat' dir='ltr'><strong>erat,</strong></span> <span class='ocrx_word' id='word_1_217' title='bbox 1217 2379 1307 2427; x_wconf 91' lang='lat' dir='ltr'><strong>reve-</strong></span> 
     </span>
     <span class='ocr_line' id='line_1_25' title="bbox 67 2445 1306 2537; baseline 0.006 -30"><span class='ocrx_word' id='word_1_218' title='bbox 67 2445 163 2513; x_wconf 81' lang='lat' dir='ltr'><strong>rentia.</strong></span> <span class='ocrx_word' id='word_1_219' title='bbox 184 2449 327 2518; x_wconf 76' lang='lat' dir='ltr'><strong>iderant</strong></span> <span class='ocrx_word' id='word_1_220' title='bbox 347 2447 504 2537; x_wconf 79' lang='lat' dir='ltr'><strong>Episcopi</strong></span> <span class='ocrx_word' id='word_1_221' title='bbox 529 2447 619 2526; x_wconf 91' lang='lat' dir='ltr'><strong>duo,</strong></span> <span class='ocrx_word' id='word_1_222' title='bbox 646 2447 840 2518; x_wconf 84' lang='lat' dir='ltr'><strong>Fridericus</strong></span> <span class='ocrx_word' id='word_1_223' title='bbox 868 2449 1146 2520; x_wconf 85' lang='lat' dir='ltr'><strong>Monasteriensis</strong></span> <span class='ocrx_word' id='word_1_224' title='bbox 1165 2463 1197 2516; x_wconf 93' lang='lat' dir='ltr'><strong>et</strong></span> <span class='ocrx_word' id='word_1_225' title='bbox 1217 2445 1306 2536; x_wconf 88' lang='lat' dir='ltr'><strong>Egil-</strong></span> 
     </span>
     <span class='ocr_line' id='line_1_26' title="bbox 63 2531 1305 2626; baseline 0.005 -28"><span class='ocrx_word' id='word_1_226' title='bbox 63 2531 156 2602; x_wconf 79' lang='lat' dir='ltr'><strong>bartrrs</strong></span> <span class='ocrx_word' id='word_1_227' title='bbox 180 2537 380 2618; x_wconf 80' lang='lat' dir='ltr'><strong>Mindensis,</strong></span> <span class='ocrx_word' id='word_1_228' title='bbox 411 2549 552 2622; x_wconf 90' lang='lat' dir='ltr'><strong>uterquc</strong></span> <span class='ocrx_word' id='word_1_229' title='bbox 580 2535 686 2605; x_wconf 88' lang='lat' dir='ltr'><strong>decus</strong></span> <span class='ocrx_word' id='word_1_230' title='bbox 713 2537 768 2605; x_wconf 89' lang='lat' dir='ltr'><strong>sui</strong></span> <span class='ocrx_word' id='word_1_231' title='bbox 799 2537 973 2626; x_wconf 84' lang='lat' dir='ltr'><strong>temporie,</strong></span> <span class='ocrx_word' id='word_1_232' title='bbox 1005 2551 1037 2606; x_wconf 89' lang='lat' dir='ltr'><strong>et</strong></span> <span class='ocrx_word' id='word_1_233' title='bbox 1063 2537 1147 2606; x_wconf 89' lang='lat' dir='ltr'><strong>tanti</strong></span> <span class='ocrx_word' id='word_1_234' title='bbox 1173 2535 1305 2606; x_wconf 84' lang='lat' dir='ltr'><strong>funeris</strong></span> 
     </span>
     <span class='ocr_line' id='line_1_27' title="bbox 59 2624 1306 2716; baseline 0.002 -26"><span class='ocrx_word' id='word_1_235' title='bbox 59 2627 269 2706; x_wconf 86' lang='lat' dir='ltr'><strong>procuratione</strong></span> <span class='ocrx_word' id='word_1_236' title='bbox 300 2626 441 2716; x_wconf 89' lang='lat' dir='ltr'><strong>dignus.</strong></span> <span class='ocrx_word' id='word_1_237' title='bbox 469 2625 615 2695; x_wconf 77' lang='lat' dir='ltr'><strong>Aderant</strong></span> <span class='ocrx_word' id='word_1_238' title='bbox 642 2624 744 2694; x_wconf 90' lang='lat' dir='ltr'><strong>etiam</strong></span> <span class='ocrx_word' id='word_1_239' title='bbox 777 2626 942 2714; x_wconf 86' lang='lat' dir='ltr'><strong>primores</strong></span> <span class='ocrx_word' id='word_1_240' title='bbox 973 2626 1203 2706; x_wconf 69' lang='lat' dir='ltr'><strong>bolonienses,</strong></span> <span class='ocrx_word' id='word_1_241' title='bbox 1232 2645 1306 2714; x_wconf 89' lang='lat' dir='ltr'><strong>per-</strong></span> 
     </span>
     <span class='ocr_line' id='line_1_28' title="bbox 57 2711 1305 2804; baseline 0.005 -28"><span class='ocrx_word' id='word_1_242' title='bbox 57 2711 138 2780; x_wconf 90' lang='lat' dir='ltr'><strong>rnulti</strong></span> <span class='ocrx_word' id='word_1_243' title='bbox 161 2715 302 2796; x_wconf 88' lang='lat' dir='ltr'><strong>nobiles,</strong></span> <span class='ocrx_word' id='word_1_244' title='bbox 333 2713 579 2784; x_wconf 87' lang='lat' dir='ltr'><strong>monachorum</strong></span> <span class='ocrx_word' id='word_1_245' title='bbox 607 2735 739 2804; x_wconf 85' lang='lat' dir='ltr'><strong>greges,</strong></span> <span class='ocrx_word' id='word_1_246' title='bbox 768 2713 917 2803; x_wconf 89' lang='lat' dir='ltr'><strong>populus</strong></span> <span class='ocrx_word' id='word_1_247' title='bbox 943 2715 1168 2794; x_wconf 87' lang='lat' dir='ltr'><strong>innumerus,</strong></span> <span class='ocrx_word' id='word_1_248' title='bbox 1197 2713 1305 2804; x_wconf 88' lang='lat' dir='ltr'><strong>parati</strong></span> 
     </span>
     <span class='ocr_line' id='line_1_29' title="bbox 52 2801 1308 2894; baseline 0.004 -28"><span class='ocrx_word' id='word_1_249' title='bbox 52 2821 154 2869; x_wconf 90' lang='lat' dir='ltr'><strong>omnes</strong></span> <span class='ocrx_word' id='word_1_250' title='bbox 190 2803 353 2892; x_wconf 84' lang='lat' dir='ltr'><strong>prosequi</strong></span> <span class='ocrx_word' id='word_1_251' title='bbox 388 2803 531 2873; x_wconf 88' lang='lat' dir='ltr'><strong>coeleste</strong></span> <span class='ocrx_word' id='word_1_252' title='bbox 568 2803 695 2892; x_wconf 89' lang='lat' dir='ltr'><strong>pignus</strong></span> <span class='ocrx_word' id='word_1_253' title='bbox 731 2801 772 2870; x_wconf 89' lang='lat' dir='ltr'><strong>ad</strong></span> <span class='ocrx_word' id='word_1_254' title='bbox 812 2817 960 2871; x_wconf 90' lang='lat' dir='ltr'><strong>montem</strong></span> <span class='ocrx_word' id='word_1_255' title='bbox 1001 2825 1112 2892; x_wconf 89' lang='lat' dir='ltr'><strong>usque</strong></span> <span class='ocrx_word' id='word_1_256' title='bbox 1151 2802 1308 2894; x_wconf 88' lang='lat' dir='ltr'><strong>Sigeber-</strong></span> 
     </span>
     <span class='ocr_line' id='line_1_30' title="bbox 52 2909 184 2968; baseline 0.045 -15"><span class='ocrx_word' id='word_1_257' title='bbox 52 2909 184 2968; x_wconf 73' lang='lat' dir='ltr'><strong>pensem.</strong></span> 
     </span>
    </p>

    <p class='ocr_par' dir='ltr' id='par_1_3' title="bbox 50 2978 1331 4488">
     <span class='ocr_line' id='line_1_31' title="bbox 90 2978 1304 3063; baseline -0.001 -13"><span class='ocrx_word' id='word_1_258' title='bbox 90 2979 197 3061; x_wconf 66' lang='lat'><em>3¹88.</em></span> <span class='ocrx_word' id='word_1_259' title='bbox 228 2987 290 3050; x_wconf 90' lang='lat' dir='ltr'><strong>Per</strong></span> <span class='ocrx_word' id='word_1_260' title='bbox 315 2979 377 3048; x_wconf 91' lang='lat' dir='ltr'><strong>bos</strong></span> <span class='ocrx_word' id='word_1_261' title='bbox 402 3001 521 3048; x_wconf 90' lang='lat' dir='ltr'><strong>omnes</strong></span> <span class='ocrx_word' id='word_1_262' title='bbox 548 2978 698 3048; x_wconf 87' lang='lat' dir='ltr'><strong>medium</strong></span> <span class='ocrx_word' id='word_1_263' title='bbox 739 2978 928 3048; x_wconf 81' lang='lat' dir='ltr'><strong>ducebatur</strong></span> <span class='ocrx_word' id='word_1_264' title='bbox 958 2979 1064 3051; x_wconf 55' lang='lat' dir='ltr'><strong>‘sunus</strong></span> <span class='ocrx_word' id='word_1_265' title='bbox 1098 2981 1304 3063; x_wconf 88' lang='lat' dir='ltr'><strong>venerabile,</strong></span> 
     </span>
     <span class='ocr_line' id='line_1_32' title="bbox 52 3065 1307 3150; baseline 0.006 -20"><span class='ocrx_word' id='word_1_266' title='bbox 52 3065 251 3150; x_wconf 84' lang='lat' dir='ltr'><strong>psallentium</strong></span> <span class='ocrx_word' id='word_1_267' title='bbox 269 3069 385 3142; x_wconf 87' lang='lat' dir='ltr'><strong>choris</strong></span> <span class='ocrx_word' id='word_1_268' title='bbox 411 3067 594 3138; x_wconf 89' lang='lat' dir='ltr'><strong>vallatum:</strong></span> <span class='ocrx_word' id='word_1_269' title='bbox 613 3067 802 3138; x_wconf 82' lang='lat' dir='ltr'><strong>terentibus</strong></span> <span class='ocrx_word' id='word_1_270' title='bbox 827 3067 911 3138; x_wconf 92' lang='lat' dir='ltr'><strong>illud</strong></span> <span class='ocrx_word' id='word_1_271' title='bbox 931 3069 1081 3138; x_wconf 91' lang='lat' dir='ltr'><strong>vicissim</strong></span> <span class='ocrx_word' id='word_1_272' title='bbox 1109 3070 1211 3139; x_wconf 91' lang='lat' dir='ltr'><strong>modo</strong></span> <span class='ocrx_word' id='word_1_273' title='bbox 1236 3091 1307 3138; x_wconf 90' lang='lat' dir='ltr'><strong>mn·</strong></span> 
     </span>
     <span class='ocr_line' id='line_1_33' title="bbox 50 3153 1305 3256; baseline 0.006 -39"><span class='ocrx_word' id='word_1_274' title='bbox 50 3153 155 3235; x_wconf 86' lang='lat' dir='ltr'><strong>nibus,</strong></span> <span class='ocrx_word' id='word_1_275' title='bbox 184 3156 286 3227; x_wconf 92' lang='lat' dir='ltr'><strong>modo</strong></span> <span class='ocrx_word' id='word_1_276' title='bbox 311 3157 467 3226; x_wconf 90' lang='lat' dir='ltr'><strong>bumcris</strong></span> <span class='ocrx_word' id='word_1_277' title='bbox 496 3157 569 3228; x_wconf 88' lang='lat' dir='ltr'><strong>suis</strong></span> <span class='ocrx_word' id='word_1_278' title='bbox 596 3177 655 3256; x_wconf 89' lang='lat' dir='ltr'><strong>per</strong></span> <span class='ocrx_word' id='word_1_279' title='bbox 680 3169 828 3244; x_wconf 89' lang='lat' dir='ltr'><strong>quatuor</strong></span> <span class='ocrx_word' id='word_1_280' title='bbox 859 3155 928 3226; x_wconf 86' lang='lat' dir='ltr'><strong>lere</strong></span> <span class='ocrx_word' id='word_1_281' title='bbox 955 3158 1116 3227; x_wconf 90' lang='lat' dir='ltr'><strong>milliaria</strong></span> <span class='ocrx_word' id='word_1_282' title='bbox 1142 3179 1210 3228; x_wconf 93' lang='lat' dir='ltr'><strong>non</strong></span> <span class='ocrx_word' id='word_1_283' title='bbox 1238 3158 1305 3226; x_wconf 91' lang='lat' dir='ltr'><strong>nisi</strong></span> 
     </span>
     <span class='ocr_line' id='line_1_34' title="bbox 51 3243 1308 3336; baseline 0.005 -30"><span class='ocrx_word' id='word_1_284' title='bbox 51 3243 259 3314; x_wconf 84' lang='lat' dir='ltr'><strong>nobilissimis</strong></span> <span class='ocrx_word' id='word_1_285' title='bbox 284 3245 367 3314; x_wconf 89' lang='lat' dir='ltr'><strong>viris</strong></span> <span class='ocrx_word' id='word_1_286' title='bbox 389 3245 537 3334; x_wconf 91' lang='lat' dir='ltr'><strong>pedestri</strong></span> <span class='ocrx_word' id='word_1_287' title='bbox 566 3244 698 3324; x_wconf 86' lang='lat' dir='ltr'><strong>itinere,</strong></span> <span class='ocrx_word' id='word_1_288' title='bbox 720 3245 811 3331; x_wconf 91' lang='lat' dir='ltr'><strong>quod</strong></span> <span class='ocrx_word' id='word_1_289' title='bbox 839 3259 910 3314; x_wconf 90' lang='lat' dir='ltr'><strong>tum</strong></span> <span class='ocrx_word' id='word_1_290' title='bbox 941 3246 1090 3316; x_wconf 88' lang='lat' dir='ltr'><strong>resoluta</strong></span> <span class='ocrx_word' id='word_1_291' title='bbox 1115 3245 1226 3336; x_wconf 85' lang='lat' dir='ltr'><strong>glacie</strong></span> <span class='ocrx_word' id='word_1_292' title='bbox 1246 3244 1308 3312; x_wconf 91' lang='lat' dir='ltr'><strong>ad·</strong></span> 
     </span>
     <span class='ocr_line' id='line_1_35' title="bbox 52 3331 1306 3426; baseline 0.004 -30"><span class='ocrx_word' id='word_1_293' title='bbox 52 3331 173 3426; x_wconf 84' lang='lat' dir='ltr'><strong>modum</strong></span> <span class='ocrx_word' id='word_1_294' title='bbox 199 3334 351 3404; x_wconf 89' lang='lat' dir='ltr'><strong>lutosum</strong></span> <span class='ocrx_word' id='word_1_295' title='bbox 368 3345 400 3402; x_wconf 89' lang='lat' dir='ltr'><strong>ct</strong></span> <span class='ocrx_word' id='word_1_296' title='bbox 416 3332 660 3424; x_wconf 89' lang='lat' dir='ltr'><strong>permolestum</strong></span> <span class='ocrx_word' id='word_1_297' title='bbox 686 3347 770 3402; x_wconf 89' lang='lat' dir='ltr'><strong>erat:</strong></span> <span class='ocrx_word' id='word_1_298' title='bbox 791 3357 852 3404; x_wconf 88' lang='lat' dir='ltr'><strong>nec</strong></span> <span class='ocrx_word' id='word_1_299' title='bbox 868 3335 1050 3422; x_wconf 86' lang='lat' dir='ltr'><strong>quisquam</strong></span> <span class='ocrx_word' id='word_1_300' title='bbox 1078 3333 1213 3404; x_wconf 86' lang='lat' dir='ltr'><strong>servilis</strong></span> <span class='ocrx_word' id='word_1_301' title='bbox 1228 3354 1306 3401; x_wconf 93' lang='lat' dir='ltr'><strong>con·</strong></span> 
     </span>
     <span class='ocr_line' id='line_1_36' title="bbox 50 3416 1308 3510; baseline 0.007 -27"><span class='ocrx_word' id='word_1_302' title='bbox 50 3416 184 3501; x_wconf 83' lang='lat' dir='ltr'><strong>ditionis,</strong></span> <span class='ocrx_word' id='word_1_303' title='bbox 202 3436 262 3491; x_wconf 89' lang='lat' dir='ltr'><strong>aut</strong></span> <span class='ocrx_word' id='word_1_304' title='bbox 281 3423 342 3508; x_wconf 89' lang='lat' dir='ltr'><strong>qui</strong></span> <span class='ocrx_word' id='word_1_305' title='bbox 360 3443 448 3508; x_wconf 91' lang='lat' dir='ltr'><strong>equo</strong></span> <span class='ocrx_word' id='word_1_306' title='bbox 470 3421 659 3502; x_wconf 83' lang='lat' dir='ltr'><strong>veheretur,</strong></span> <span class='ocrx_word' id='word_1_307' title='bbox 680 3423 871 3510; x_wconf 88' lang='lat' dir='ltr'><strong>permissus</strong></span> <span class='ocrx_word' id='word_1_308' title='bbox 887 3435 938 3492; x_wconf 89' lang='lat' dir='ltr'><strong>est</strong></span> <span class='ocrx_word' id='word_1_309' title='bbox 962 3422 1005 3491; x_wconf 88' lang='lat' dir='ltr'><strong>ad</strong></span> <span class='ocrx_word' id='word_1_310' title='bbox 1025 3424 1155 3509; x_wconf 82' lang='lat' dir='ltr'><strong>jactum</strong></span> <span class='ocrx_word' id='word_1_311' title='bbox 1182 3420 1308 3510; x_wconf 89' lang='lat' dir='ltr'><strong>lapidis</strong></span> 
     </span>
     <span class='ocr_line' id='line_1_37' title="bbox 50 3503 1306 3600; baseline 0.006 -30"><span class='ocrx_word' id='word_1_312' title='bbox 50 3503 153 3578; x_wconf 76' lang='lat' dir='ltr'><strong>laratro</strong></span> <span class='ocrx_word' id='word_1_313' title='bbox 170 3513 415 3600; x_wconf 88' lang='lat' dir='ltr'><strong>propinquare.</strong></span> <span class='ocrx_word' id='word_1_314' title='bbox 429 3512 570 3580; x_wconf 88' lang='lat' dir='ltr'><strong>Interim</strong></span> <span class='ocrx_word' id='word_1_315' title='bbox 585 3511 693 3580; x_wconf 89' lang='lat' dir='ltr'><strong>donec</strong></span> <span class='ocrx_word' id='word_1_316' title='bbox 708 3511 864 3600; x_wconf 80' lang='lat' dir='ltr'><strong>conspici</strong></span> <span class='ocrx_word' id='word_1_317' title='bbox 884 3525 1007 3599; x_wconf 88' lang='lat' dir='ltr'><strong>posset,</strong></span> <span class='ocrx_word' id='word_1_318' title='bbox 1028 3510 1184 3581; x_wconf 81' lang='lat' dir='ltr'><strong>Coloniae</strong></span> <span class='ocrx_word' id='word_1_319' title='bbox 1206 3509 1306 3598; x_wconf 90' lang='lat' dir='ltr'><strong>signa</strong></span> 
     </span>
     <span class='ocr_line' id='line_1_38' title="bbox 51 3597 1308 3690; baseline 0.006 -30"><span class='ocrx_word' id='word_1_320' title='bbox 51 3616 279 3686; x_wconf 81' lang='lat' dir='ltr'><strong>campanarum</strong></span> <span class='ocrx_word' id='word_1_321' title='bbox 302 3601 417 3668; x_wconf 91' lang='lat' dir='ltr'><strong>omnia</strong></span> <span class='ocrx_word' id='word_1_322' title='bbox 439 3603 551 3668; x_wconf 73' lang='lat' dir='ltr'><strong>aerem</strong></span> <span class='ocrx_word' id='word_1_323' title='bbox 570 3621 654 3670; x_wconf 88' lang='lat' dir='ltr'><strong>sono</strong></span> <span class='ocrx_word' id='word_1_324' title='bbox 670 3599 900 3689; x_wconf 87' lang='lat' dir='ltr'><strong>complebant.</strong></span> <span class='ocrx_word' id='word_1_325' title='bbox 919 3605 1099 3690; x_wconf 88' lang='lat' dir='ltr'><strong>Postquam</strong></span> <span class='ocrx_word' id='word_1_326' title='bbox 1119 3599 1160 3667; x_wconf 86' lang='lat' dir='ltr'><strong>ad</strong></span> <span class='ocrx_word' id='word_1_327' title='bbox 1181 3597 1308 3667; x_wconf 90' lang='lat' dir='ltr'><strong>montis</strong></span> 
     </span>
     <span class='ocr_line' id='line_1_39' title="bbox 52 3686 1309 3777; baseline 0.006 -28"><span class='ocrx_word' id='word_1_328' title='bbox 52 3693 254 3777; x_wconf 86' lang='lat' dir='ltr'><strong>conspectum</strong></span> <span class='ocrx_word' id='word_1_329' title='bbox 283 3701 420 3757; x_wconf 87' lang='lat' dir='ltr'><strong>ventum</strong></span> <span class='ocrx_word' id='word_1_330' title='bbox 438 3703 500 3770; x_wconf 85' lang='lat' dir='ltr'><strong>est,</strong></span> <span class='ocrx_word' id='word_1_331' title='bbox 524 3710 646 3758; x_wconf 86' lang='lat' dir='ltr'><strong>rursus</strong></span> <span class='ocrx_word' id='word_1_332' title='bbox 664 3700 780 3758; x_wconf 85' lang='lat' dir='ltr'><strong>tantus</strong></span> <span class='ocrx_word' id='word_1_333' title='bbox 796 3699 892 3758; x_wconf 87' lang='lat' dir='ltr'><strong>ortus</strong></span> <span class='ocrx_word' id='word_1_334' title='bbox 908 3703 958 3758; x_wconf 87' lang='lat' dir='ltr'><strong>est</strong></span> <span class='ocrx_word' id='word_1_335' title='bbox 973 3689 1129 3758; x_wconf 92' lang='lat' dir='ltr'><strong>omnium</strong></span> <span class='ocrx_word' id='word_1_336' title='bbox 1147 3686 1309 3777; x_wconf 90' lang='lat' dir='ltr'><strong>planctus</strong></span> 
     </span>
     <span class='ocr_line' id='line_1_40' title="bbox 53 3774 1309 3865; baseline 0.007 -28"><span class='ocrx_word' id='word_1_337' title='bbox 53 3787 73 3837; x_wconf 79' lang='lat' dir='ltr'><strong>rt</strong></span> <span class='ocrx_word' id='word_1_338' title='bbox 95 3774 213 3857; x_wconf 88' lang='lat' dir='ltr'><strong>luctus,</strong></span> <span class='ocrx_word' id='word_1_339' title='bbox 242 3790 279 3846; x_wconf 87' lang='lat' dir='ltr'><strong>ut</strong></span> <span class='ocrx_word' id='word_1_340' title='bbox 306 3775 411 3846; x_wconf 85' lang='lat' dir='ltr'><strong>nullis</strong></span> <span class='ocrx_word' id='word_1_341' title='bbox 436 3776 546 3846; x_wconf 84' lang='lat' dir='ltr'><strong>verbis</strong></span> <span class='ocrx_word' id='word_1_342' title='bbox 561 3775 725 3864; x_wconf 89' lang='lat' dir='ltr'><strong>explicari</strong></span> <span class='ocrx_word' id='word_1_343' title='bbox 750 3791 863 3862; x_wconf 87' lang='lat' dir='ltr'><strong>queat.</strong></span> <span class='ocrx_word' id='word_1_344' title='bbox 892 3777 1072 3848; x_wconf 84' lang='lat' dir='ltr'><strong>irruebant</strong></span> <span class='ocrx_word' id='word_1_345' title='bbox 1091 3797 1197 3865; x_wconf 90' lang='lat' dir='ltr'><strong>super</strong></span> <span class='ocrx_word' id='word_1_346' title='bbox 1222 3775 1309 3846; x_wconf 86' lang='lat' dir='ltr'><strong>lere-</strong></span> 
     </span>
     <span class='ocr_line' id='line_1_41' title="bbox 54 3864 1311 3956; baseline 0.003 -27"><span class='ocrx_word' id='word_1_347' title='bbox 54 3873 125 3956; x_wconf 80' lang='lat' dir='ltr'><strong>trum</strong></span> <span class='ocrx_word' id='word_1_348' title='bbox 152 3865 324 3946; x_wconf 87' lang='lat' dir='ltr'><strong>monachi,</strong></span> <span class='ocrx_word' id='word_1_349' title='bbox 342 3876 375 3933; x_wconf 89' lang='lat' dir='ltr'><strong>et</strong></span> <span class='ocrx_word' id='word_1_350' title='bbox 399 3865 635 3934; x_wconf 87' lang='lat' dir='ltr'><strong>miserandum</strong></span> <span class='ocrx_word' id='word_1_351' title='bbox 659 3866 691 3934; x_wconf 89' lang='lat' dir='ltr'><strong>in</strong></span> <span class='ocrx_word' id='word_1_352' title='bbox 712 3865 854 3936; x_wconf 89' lang='lat' dir='ltr'><strong>modum</strong></span> <span class='ocrx_word' id='word_1_353' title='bbox 874 3865 1054 3955; x_wconf 90' lang='lat' dir='ltr'><strong>plorabant</strong></span> <span class='ocrx_word' id='word_1_354' title='bbox 1073 3866 1205 3936; x_wconf 89' lang='lat' dir='ltr'><strong>obitum</strong></span> <span class='ocrx_word' id='word_1_355' title='bbox 1225 3864 1311 3935; x_wconf 89' lang='lat' dir='ltr'><strong>tanti</strong></span> 
     </span>
     <span class='ocr_line' id='line_1_42' title="bbox 54 3951 1310 4046; baseline 0.003 -28"><span class='ocrx_word' id='word_1_356' title='bbox 54 3951 113 4043; x_wconf 75' lang='lat' dir='ltr'><strong>nri.</strong></span> <span class='ocrx_word' id='word_1_357' title='bbox 142 3953 247 4025; x_wconf 89' lang='lat' dir='ltr'><strong>donec</strong></span> <span class='ocrx_word' id='word_1_358' title='bbox 278 3954 463 4023; x_wconf 86' lang='lat' dir='ltr'><strong>deficerent</strong></span> <span class='ocrx_word' id='word_1_359' title='bbox 499 3954 532 4022; x_wconf 96' lang='lat' dir='ltr'><strong>in</strong></span> <span class='ocrx_word' id='word_1_360' title='bbox 559 3955 610 4022; x_wconf 91' lang='lat' dir='ltr'><strong>eis</strong></span> <span class='ocrx_word' id='word_1_361' title='bbox 635 3953 833 4043; x_wconf 78' lang='lat' dir='ltr'><strong>lacrymae:</strong></span> <span class='ocrx_word' id='word_1_362' title='bbox 862 3976 924 4024; x_wconf 91' lang='lat' dir='ltr'><strong>nec</strong></span> <span class='ocrx_word' id='word_1_363' title='bbox 950 3967 1106 4046; x_wconf 88' lang='lat' dir='ltr'><strong>poterant</strong></span> <span class='ocrx_word' id='word_1_364' title='bbox 1132 3955 1310 4024; x_wconf 87' lang='lat' dir='ltr'><strong>absolvere</strong></span> 
     </span>
     <span class='ocr_line' id='line_1_43' title="bbox 55 4039 1307 4137; baseline 0.006 -33"><span class='ocrx_word' id='word_1_365' title='bbox 55 4039 226 4137; x_wconf 79' lang='lat' dir='ltr'><strong>trtcboatam</strong></span> <span class='ocrx_word' id='word_1_366' title='bbox 259 4043 487 4134; x_wconf 78' lang='lat' dir='ltr'><strong>antiphonam</strong></span> <span class='ocrx_word' id='word_1_367' title='bbox 517 4043 625 4124; x_wconf 90' lang='lat' dir='ltr'><strong>illam,</strong></span> <span class='ocrx_word' id='word_1_368' title='bbox 654 4047 690 4112; x_wconf 92' lang='lat' dir='ltr'><strong>ln</strong></span> <span class='ocrx_word' id='word_1_369' title='bbox 719 4043 934 4125; x_wconf 86' lang='lat' dir='ltr'><strong>Paradisum,</strong></span> <span class='ocrx_word' id='word_1_370' title='bbox 960 4057 1022 4114; x_wconf 86' lang='lat' dir='ltr'><strong>etc.</strong></span> <span class='ocrx_word' id='word_1_371' title='bbox 1041 4045 1114 4112; x_wconf 83' lang='lat' dir='ltr'><strong>Miri</strong></span> <span class='ocrx_word' id='word_1_372' title='bbox 1140 4043 1307 4130; x_wconf 87' lang='lat' dir='ltr'><strong>quiddam</strong></span> 
     </span>
     <span class='ocr_line' id='line_1_44' title="bbox 56 4125 1305 4221; baseline 0.008 -29"><span class='ocrx_word' id='word_1_373' title='bbox 56 4125 90 4194; x_wconf 89' lang='lat' dir='ltr'><strong>rbr</strong></span> <span class='ocrx_word' id='word_1_374' title='bbox 112 4143 177 4202; x_wconf 91' lang='lat' dir='ltr'><strong>tum</strong></span> <span class='ocrx_word' id='word_1_375' title='bbox 202 4133 338 4203; x_wconf 91' lang='lat' dir='ltr'><strong>accidit.</strong></span> <span class='ocrx_word' id='word_1_376' title='bbox 370 4131 418 4202; x_wconf 77' lang='lat' dir='ltr'><strong>ab</strong></span> <span class='ocrx_word' id='word_1_377' title='bbox 443 4131 625 4202; x_wconf 89' lang='lat' dir='ltr'><strong>Occidente</strong></span> <span class='ocrx_word' id='word_1_378' title='bbox 654 4131 860 4202; x_wconf 88' lang='lat' dir='ltr'><strong>advolabant</strong></span> <span class='ocrx_word' id='word_1_379' title='bbox 888 4153 966 4202; x_wconf 87' lang='lat' dir='ltr'><strong>aves</strong></span> <span class='ocrx_word' id='word_1_380' title='bbox 997 4133 1305 4221; x_wconf 81' lang='lat' dir='ltr'><strong>frequentissimae,</strong></span> 
     </span>
     <span class='ocr_line' id='line_1_45' title="bbox 58 4220 1310 4316; baseline 0.01 -38"><span class='ocrx_word' id='word_1_381' title='bbox 58 4220 307 4311; x_wconf 83' lang='lat' dir='ltr'><strong>noricujusdam</strong></span> <span class='ocrx_word' id='word_1_382' title='bbox 332 4221 480 4312; x_wconf 89' lang='lat' dir='ltr'><strong>generis,</strong></span> <span class='ocrx_word' id='word_1_383' title='bbox 502 4235 651 4291; x_wconf 93' lang='lat' dir='ltr'><strong>montem</strong></span> <span class='ocrx_word' id='word_1_384' title='bbox 674 4221 877 4316; x_wconf 81' lang='lat' dir='ltr'><strong>operientes,</strong></span> <span class='ocrx_word' id='word_1_385' title='bbox 897 4235 930 4290; x_wconf 90' lang='lat' dir='ltr'><strong>et</strong></span> <span class='ocrx_word' id='word_1_386' title='bbox 954 4243 1015 4291; x_wconf 88' lang='lat' dir='ltr'><strong>sua</strong></span> <span class='ocrx_word' id='word_1_387' title='bbox 1040 4221 1207 4292; x_wconf 88' lang='lat' dir='ltr'><strong>densitate</strong></span> <span class='ocrx_word' id='word_1_388' title='bbox 1235 4221 1310 4311; x_wconf 90' lang='lat' dir='ltr'><strong>ple·</strong></span> 
     </span>
     <span class='ocr_line' id='line_1_46' title="bbox 58 4308 1331 4400; baseline 0.003 -26"><span class='ocrx_word' id='word_1_389' title='bbox 58 4321 181 4394; x_wconf 80' lang='lat' dir='ltr'><strong>tumque</strong></span> <span class='ocrx_word' id='word_1_390' title='bbox 203 4310 289 4382; x_wconf 89' lang='lat' dir='ltr'><strong>coeli</strong></span> <span class='ocrx_word' id='word_1_391' title='bbox 318 4323 542 4400; x_wconf 86' lang='lat' dir='ltr'><strong>conspectum</strong></span> <span class='ocrx_word' id='word_1_392' title='bbox 570 4309 848 4399; x_wconf 89' lang='lat' dir='ltr'><strong>intercipientes,</strong></span> <span class='ocrx_word' id='word_1_393' title='bbox 884 4308 1022 4395; x_wconf 90' lang='lat' dir='ltr'><strong>illicque</strong></span> <span class='ocrx_word' id='word_1_394' title='bbox 1052 4323 1331 4398; x_wconf 88' lang='lat' dir='ltr'><strong>permanentes,-</strong></span> 
     </span>
     <span class='ocr_line' id='line_1_47' title="bbox 58 4387 1306 4488; baseline 0.006 -31"><span class='ocrx_word' id='word_1_395' title='bbox 58 4387 146 4464; x_wconf 84' lang='lat' dir='ltr'><strong>doncc</strong></span> <span class='ocrx_word' id='word_1_396' title='bbox 161 4397 299 4470; x_wconf 92' lang='lat' dir='ltr'><strong>humato</strong></span> <span class='ocrx_word' id='word_1_397' title='bbox 326 4419 480 4488; x_wconf 88' lang='lat' dir='ltr'><strong>corpore,</strong></span> <span class='ocrx_word' id='word_1_398' title='bbox 496 4397 655 4468; x_wconf 88' lang='lat' dir='ltr'><strong>homines</strong></span> <span class='ocrx_word' id='word_1_399' title='bbox 673 4397 753 4466; x_wconf 92' lang='lat' dir='ltr'><strong>inde</strong></span> <span class='ocrx_word' id='word_1_400' title='bbox 775 4395 981 4467; x_wconf 87' lang='lat' dir='ltr'><strong>recederent.</strong></span> <span class='ocrx_word' id='word_1_401' title='bbox 1001 4401 1064 4469; x_wconf 75' lang='lat' dir='ltr'><strong>lias</strong></span> <span class='ocrx_word' id='word_1_402' title='bbox 1085 4398 1133 4466; x_wconf 87' lang='lat' dir='ltr'><strong>rel</strong></span> <span class='ocrx_word' id='word_1_403' title='bbox 1149 4396 1306 4487; x_wconf 73' lang='lat' dir='ltr'><strong>Angelos,</strong></span> 
     </span>
    </p>
   </div>
   <div class='ocr_carea' id='block_1_3' title="bbox 0 0 1502 4832">
    <p class='ocr_par' dir='ltr' id='par_1_4' title="bbox 0 0 1502 4832">
     <span class='ocr_line' id='line_1_48' title="bbox 0 0 1502 4832; baseline 0 0"><span class='ocrx_word' id='word_1_404' title='bbox 0 0 1502 4832; x_wconf 95' lang='lat' dir='ltr'><strong> </strong></span> 
     </span>
    </p>
   </div>
  </div>
 </body>
</html>
