3046 4838
115 329 188 395 DCC.
213 329 225 392 l
540 349 577 396 na
601 351 628 398 s.
655 348 762 396 unraro
786 349 836 396 nr.
863 345 993 397 noviora.
1315 327 1353 392 ta

112 455 218 502 omnes
245 443 434 524 postremo
477 457 546 526 per
575 435 732 504 ordinem
767 433 897 503 faciens
927 433 962 502 in
998 452 1116 501 mensa
1151 430 1392 510 discumbere,

114 522 178 622 ipse
200 543 324 612 panem
352 523 553 616 frangens,
569 526 754 612 cibumque
776 523 847 593 illis
864 521 1024 592 inferens.
1052 521 1213 608 lienique,
1241 519 1295 592 lris
1323 541 1396 610 per·

114 622 199 694 actm,
215 613 379 682 omnium
400 615 488 705 jam
515 614 604 683 fame
629 611 762 694 relecta,
781 613 831 682 sie
854 612 928 701 ipse
944 623 1002 680 aut
1026 621 1103 680 ante
1127 631 1184 681 eos
1202 620 1308 691 stans,
1336 620 1397 679 aut

115 713 193 770 certe
209 701 251 770 ad
264 723 383 774 cornu
402 725 558 773 mensae
573 701 632 771 rili
648 700 770 772 sellula
793 713 904 782 utens,
928 699 1025 770 valde
1041 700 1217 790 exiguum,
1236 711 1337 787 atque
1356 719 1396 767 ex
1448 743 1450 748 ·

116 791 360 862 comedentium
405 791 621 883 fragmentis
656 790 810 860 relictum
838 791 993 862 sumebat
1027 790 1156 859 cibum.
1191 789 1396 876 Plerumque

119 901 186 948 rero
203 880 321 970 egenis
345 880 394 952 ad
424 903 587 952 mensam
608 881 707 970 juxta
734 901 861 949 morem
888 879 1026 962 vocatis,
1056 900 1135 949 eum
1161 891 1193 946 et
1217 878 1284 978 ipsi
1307 889 1397 947 esset

120 989 258 1061 congma
274 971 348 1041 cibi
366 969 545 1042 sumendi
566 971 662 1052 hora,
696 989 813 1040 mensa
837 968 940 1039 allata
963 979 1064 1056 atque
1088 977 1289 1056 composita,
1325 989 1396 1036 ma-

121 1059 213 1129 nibus
235 1061 338 1130 etiam
359 1061 462 1143 lotis,
492 1081 555 1130 nec
572 1081 663 1131 unus
687 1057 825 1146 quidem
843 1068 1021 1160 supererat
1038 1057 1149 1148 panis,
1168 1056 1230 1144 qui
1245 1055 1397 1124 inritatis

121 1160 223 1238 posset
244 1149 395 1242 apponi,
424 1150 605 1231 omnibus,
629 1160 668 1219 ut
689 1169 789 1238 saepe
806 1148 1035 1238 contingebat,
1061 1146 1179 1216 eodem
1201 1143 1257 1214 die
1286 1164 1397 1231 usque

123 1236 159 1306 ad
181 1238 305 1310 rictum
322 1253 389 1311 eut
408 1241 447 1309 in
477 1239 713 1396 eleemospnas
729 1237 886 1318 redactis,
907 1247 967 1306 aut
992 1236 1025 1306 in
1050 1235 1159 1326 pretia
1182 1233 1395 1324 captivorum

123 1327 318 1420 absumptis.
347 1329 416 1400 Sed
446 1350 595 1399 eumer
634 1327 761 1398 amulis
794 1325 1103 1396 oiroumstantibus
1131 1323 1273 1412 quidam
1304 1321 1395 1394 istud

126 1416 250 1507 saepius
266 1419 477 1499 irriderent,
500 1417 658 1488 nonnulli
681 1417 783 1486 etiam
801 1415 978 1485 humiliter
1001 1414 1138 1505 inopiae
1161 1413 1236 1498 ejus
1257 1432 1397 1500 compa-

126 1517 275 1589 terentur,
295 1510 490 1580 universos
505 1505 609 1578 simul
625 1505 745 1576 beatus
763 1505 813 1574 vir
836 1508 996 1575 coercens
1020 1517 1122 1591 atque
1145 1501 1311 1582 refovens,
1330 1500 1398 1592 aje-

127 1593 197 1665 bat:
218 1598 344 1681 «Quid
374 1596 517 1668 molesti
541 1596 633 1676 estis,
653 1595 807 1664 modicae
835 1594 941 1664 fidei?
964 1592 1124 1682 Nunquid
1146 1591 1205 1680 qui
1230 1591 1337 1660 Eliam
1366 1602 1398 1658 et

128 1683 276 1757 loannem
300 1688 338 1756 in
368 1687 511 1756 deserto
535 1685 637 1775 pavit,
665 1705 727 1754 nos
751 1682 852 1754 modo
884 1684 918 1752 in
946 1683 1057 1754 medio
1084 1695 1183 1752 coetu
1213 1679 1394 1750 hominum

128 1795 183 1844 suo
199 1775 378 1848 fraudabit
404 1773 601 1846 beneficio?
616 1773 733 1855 Credo,
753 1773 877 1861 inquit,
893 1773 928 1842 in
949 1775 1136 1843 Creatorem
1164 1791 1292 1850 meum,
1311 1789 1397 1856 quo-

130 1864 210 1934 niam
234 1869 294 1937 etsi
320 1888 394 1936 uos
419 1885 489 1934 non
503 1885 687 1944 meremur,
710 1863 744 1932 hi
769 1876 881 1932 tamen
906 1883 1073 1952 pauperes
1099 1860 1234 1940 Christi,
1262 1855 1398 1929 refocil-

129 1949 179 2022 lati
201 1954 300 2026 hodie
317 1955 441 2046 ipsius
466 1952 568 2035 dono,
596 1952 723 2022 abhoc
747 1951 905 2022 recedent
932 1949 1155 2020 domicilio.»
1187 1955 1251 2018 Nec
1275 1968 1394 2029 mora,

132 2041 308 2132 aliquando
329 2043 538 2135 priusquam
561 2043 663 2113 verba
679 2041 877 2132 compleret,
920 2039 1082 2111 ulsabant
1107 2037 1170 2108 viri
1188 2036 1397 2106 vestibulum

130 2131 250 2216 domus,
276 2155 399 2226 panes
422 2143 621 2220 caeteraque
646 2131 838 2203 necessaria
869 2151 888 2200 a
928 2140 1048 2200 uenter
1075 2127 1282 2199 deferentes:
1309 2145 1397 2212 quos

132 2233 182 2291 aut
202 2229 284 2307 lter,
310 2235 353 2293 ut
376 2243 479 2313 saepe
506 2232 749 2300 consueverat,
782 2231 842 2290 aut
863 2219 959 2289 dives
992 2217 1156 2307 quidam,
1196 2226 1255 2285 aut
1277 2213 1398 2284 devota

132 2312 276 2385 mittebat
295 2333 458 2402 persona.
477 2313 601 2381 Omnes
623 2311 716 2380 enim
736 2310 810 2400 jam
825 2320 1037 2400 compertum
1064 2305 1247 2387 habebant,
1274 2315 1306 2374 et
1321 2302 1398 2391 qui-

133 2399 188 2470 bus
202 2402 344 2494 Eligius
360 2399 540 2492 indigeret,
559 2401 733 2487 atquibus
749 2398 802 2469 sui
814 2398 905 2500 juris
929 2397 1157 2468 substantiam
1173 2393 1395 2484 dispergeret.

134 2491 379 2579 Undecumque
413 2501 525 2559 autem
550 2489 698 2569 veniret,
727 2487 826 2580 Eligit
852 2499 964 2558 tamen
996 2485 1082 2555 fides
1112 2505 1190 2553 eum
1218 2503 1398 2570 nunquam

132 2576 267 2650 fefellit:
291 2579 457 2667 quoniam
486 2578 647 2648 veraciter
666 2576 749 2646 dieit
778 2577 973 2667 Scriptura:
999 2576 1154 2645 Hilarem
1178 2573 1327 2642 datorem
1352 2571 1399 2639 di·

132 2669 199 2760 liqit
228 2674 319 2740 noas
333 2669 382 2759 (2.
400 2669 447 2738 ad
465 2671 536 2738 Cor.
555 2667 613 2756 ιι).
636 2672 674 2736 Et
695 2666 757 2736 hoo
778 2686 860 2736 sane
877 2685 943 2735 non
961 2663 1165 2743 transitorie,
1185 2671 1245 2731 aut
1268 2658 1311 2730 ad
1327 2680 1398 2730 mo·

132 2771 284 2829 mentum
310 2756 411 2826 fecit:
432 2755 490 2827 sed
514 2757 609 2825 omni
634 2777 720 2845 pene
744 2755 830 2825 vitae
854 2776 936 2825 suae
961 2769 1112 2845 tempore
1129 2751 1162 2820 id
1187 2771 1305 2842 agens,
1334 2748 1399 2818 tale

132 2846 257 2916 Calliae
274 2845 416 2934 reliquit
434 2845 641 2946 exemplum.

172 2939 289 3026 §12
317 2934 382 3004 Sed
406 2955 486 3004 oum
511 2933 652 3004 viderim
685 2933 875 3014 hominem,
905 2955 969 3003 cur
998 2953 1063 3002 uon
1097 2943 1131 3002 et
1153 2928 1297 3000 formam
1323 2927 1399 3016 ejus

133 3024 340 3114 depingam?
356 3029 435 3093 Erat
459 3044 540 3092 sane
564 3034 694 3094 statura
711 3043 884 3113 procerus,
911 3022 996 3093 facie
1012 3019 1240 3092 rubicundus.
1264 3023 1397 3087 llormo·

134 3135 203 3182 sam
224 3112 594 3193 habebat-caesariem,
613 3124 646 3182 et
668 3111 767 3200 quasi
791 3111 981 3202 crispantes
1009 3109 1164 3201 capillos,
1192 3128 1317 3177 manus
1336 3106 1398 3175 lno-

136 3215 244 3272 nestas
263 3215 297 3272 et
318 3201 486 3292 oblongos
500 3200 636 3290 digitos,
661 3200 859 3292 Angelicum
886 3200 1030 3281 vultum,
1050 3199 1241 3290 simplicem
1259 3210 1291 3267 et
1315 3217 1397 3286 pru·

137 3291 265 3362 dentem
291 3291 505 3382 adspectum.
534 3291 695 3362 Utebatur
709 3289 847 3378 quidem
874 3290 908 3360 in
936 3288 1122 3380 primordio
1146 3307 1231 3357 auro
1253 3298 1286 3356 et
1305 3305 1398 3375 gem-

141 3381 201 3451 mis
215 3383 249 3450 in
268 3381 407 3460 habitu;
425 3378 571 3451 habebat
585 3401 721 3468 quoque
740 3401 842 3450 zonas
860 3401 898 3449 ert
918 3401 1003 3450 auro
1017 3390 1049 3448 ot
1065 3378 1211 3468 gemmis
1230 3387 1396 3464 comptas,

140 3491 262 3540 necnon
278 3481 312 3539 et
330 3491 515 3541 crumenas
537 3469 710 3560 eleganter
733 3481 933 3560 gemmatas;
954 3468 1061 3538 lineas
1077 3487 1155 3536 vero
1178 3462 1315 3535 metallo
1340 3485 1398 3534 ru-

139 3559 218 3638 tilas,
251 3581 330 3630 oras
355 3579 532 3629 sarcarum
566 3580 650 3631 auro
680 3568 837 3648 opertas;
864 3569 987 3627 cunata
1024 3557 1163 3644 quidem
1199 3553 1399 3624 vestimenta

141 3648 402 3738 pretiosissima;
430 3647 596 3717 nonnulla
623 3647 723 3718 etiarn
763 3646 963 3717 holoserica.
998 3645 1059 3715 Sed
1087 3646 1142 3715 his
1165 3643 1329 3713 omnibus
1356 3642 1399 3712 ob

139 3737 392 3808 ostentationem
417 3735 615 3826 fugiendam
642 3737 753 3827 primo
771 3749 921 3826 tempore
944 3735 1103 3806 utebatur
1119 3732 1246 3826 palam:
1278 3729 1399 3801 intrin-

139 3847 230 3898 secus
246 3848 326 3896 vero
349 3823 555 3896 ad’carnem
580 3826 732 3898 cilicium
757 3827 910 3917 gestabat
935 3847 974 3894 ex
993 3821 1254 3894 consuetudine.
1282 3826 1399 3892 Postea

138 3937 305 3986 verorum
331 3914 513 3985 adauctius
537 3915 689 4005 profecit,
716 3927 839 3985 cuncta
862 3924 1065 3985 ornamenta
1087 3914 1123 3982 in
1147 3912 1322 4002 egentium
1340 3931 1398 3980 ne-

137 4005 347 4076 cessitatibus
370 4004 598 4094 consumpsit.
616 4005 752 4075 Videres
769 4004 972 4095 plerumque
997 4004 1045 4072 ire
1061 4001 1215 4074 funiculo
1231 4002 1396 4079 cinctum,

140 4093 258 4164 vilibus
275 4094 426 4164 vestibus
456 4105 593 4175 tectum,
619 4115 721 4182 quem
742 4092 881 4164 videbas
904 4093 1036 4163 dudum
1074 4091 1238 4162 radiantis
1266 4090 1342 4159 auri
1367 4100 1401 4158 et

140 4205 347 4270 gemmarum
375 4180 464 4252 mole
487 4195 656 4271 opertum.
682 4187 934 4271 Nonnunquam
963 4203 1040 4252 vero
1063 4201 1141 4250 oum
1168 4179 1294 4249 videret
1319 4199 1397 4248 eum

142 4275 202 4342 lter
226 4273 272 4341 ob
301 4271 515 4341 devotionem
541 4293 762 4360 amoremque
785 4271 907 4342 Christi
932 4269 1171 4360 exspoliatum,
1202 4268 1400 4356 subripiens

143 4361 295 4452 sibiipsi,
328 4359 432 4430 dabat
459 4359 488 4429 ei
515 4361 692 4450 proprium
727 4360 970 4430 indumentum
989 4371 1021 4428 et
1045 4355 1238 4446 cingulum.
1266 4353 1400 4423 [licebat
1476 4377 1480 4385 ·

143 4450 245 4532 enim,
278 4469 347 4518 non
376 4469 452 4518 esse
481 4446 646 4540 dignum,
678 4471 754 4531 eos,
787 4449 847 4537 qui
872 4448 987 4518 seculo
1012 4447 1208 4525 militarent,
1242 4440 1399 4512 incedere
