<?xml version="1.0" encoding="UTF-8"?>
<!DOCTYPE html PUBLIC "-//W3C//DTD XHTML 1.0 Transitional//EN"
    "http://www.w3.org/TR/xhtml1/DTD/xhtml1-transitional.dtd">
<html xmlns="http://www.w3.org/1999/xhtml" xml:lang="en" lang="en">
 <head>
  <title>
</title>
<meta http-equiv="Content-Type" content="text/html;charset=utf-8" />
  <meta name='ocr-system' content='tesseract 3.04.00' />
  <meta name='ocr-capabilities' content='ocr_page ocr_carea ocr_par ocr_line ocrx_word'/>
</head>
<body>
  <div class='ocr_page' id='page_1' title='image "./historiaeseuvit00lippgoog_0693.png"; bbox 0 0 2932 4812; ppageno 0'>
   <div class='ocr_carea' id='block_1_1' title="bbox 247 275 1414 366">
    <p class='ocr_par' dir='ltr' id='par_1_1' title="bbox 247 275 1414 366">
     <span class='ocr_line' id='line_1_1' title="bbox 247 275 1414 366; baseline -0.029 9"><span class='ocrx_word' id='word_1_1' title='bbox 247 300 309 366; x_wconf 66' lang='lat'><strong>624</strong></span> <span class='ocrx_word' id='word_1_2' title='bbox 642 318 680 364; x_wconf 80' lang='lat' dir='ltr'><strong>nr</strong></span> <span class='ocrx_word' id='word_1_3' title='bbox 704 319 732 364; x_wconf 91' lang='lat' dir='ltr'><strong>s.</strong></span> <span class='ocrx_word' id='word_1_4' title='bbox 759 317 884 365; x_wconf 74' lang='lat' dir='ltr'><strong>nntium</strong></span> <span class='ocrx_word' id='word_1_5' title='bbox 909 317 1039 365; x_wconf 78' lang='lat' dir='ltr'><strong>nouum</strong></span> <span class='ocrx_word' id='word_1_6' title='bbox 1298 281 1369 348; x_wconf 65' lang='lat' dir='ltr'><strong>ttttt,</strong></span> <span class='ocrx_word' id='word_1_7' title='bbox 1388 275 1414 340; x_wconf 87' lang='lat' dir='ltr'><strong>tt</strong></span> 
     </span>
    </p>
   </div>
   <div class='ocr_carea' id='block_1_2' title="bbox 198 385 1453 4400">
    <p class='ocr_par' dir='ltr' id='par_1_2' title="bbox 202 385 1447 1113">
     <span class='ocr_line' id='line_1_2' title="bbox 204 385 1414 488; baseline -0.015 -16"><span class='ocrx_word' id='word_1_8' title='bbox 204 402 361 472; x_wconf 89' lang='lat' dir='ltr'><strong>maritus.</strong></span> <span class='ocrx_word' id='word_1_9' title='bbox 393 407 485 486; x_wconf 82' lang='lat' dir='ltr'>Quae</span> <span class='ocrx_word' id='word_1_10' title='bbox 508 400 647 488; x_wconf 91' lang='lat' dir='ltr'><strong>quidem</strong></span> <span class='ocrx_word' id='word_1_11' title='bbox 682 401 785 472; x_wconf 88' lang='lat' dir='ltr'><strong>ambo</strong></span> <span class='ocrx_word' id='word_1_12' title='bbox 814 401 974 471; x_wconf 88' lang='lat' dir='ltr'><strong>similiter</strong></span> <span class='ocrx_word' id='word_1_13' title='bbox 998 401 1172 478; x_wconf 83' lang='lat' dir='ltr'><strong>faciebant,</strong></span> <span class='ocrx_word' id='word_1_14' title='bbox 1198 405 1231 464; x_wconf 87' lang='lat' dir='ltr'><strong>at</strong></span> <span class='ocrx_word' id='word_1_15' title='bbox 1258 385 1373 460; x_wconf 82' lang='lat' dir='ltr'><strong>obibant</strong></span> <span class='ocrx_word' id='word_1_16' title='bbox 1390 389 1414 476; x_wconf 71' lang='lat' dir='ltr'><strong>tl</strong></span> 
     </span>
     <span class='ocr_line' id='line_1_3' title="bbox 202 473 1414 584; baseline -0.016 -25"><span class='ocrx_word' id='word_1_17' title='bbox 202 512 405 562; x_wconf 91' lang='lat' dir='ltr'><strong>communes</strong></span> <span class='ocrx_word' id='word_1_18' title='bbox 437 503 625 562; x_wconf 86' lang='lat' dir='ltr'><strong>servatores</strong></span> <span class='ocrx_word' id='word_1_19' title='bbox 647 503 680 560; x_wconf 89' lang='lat' dir='ltr'><strong>et</strong></span> <span class='ocrx_word' id='word_1_20' title='bbox 703 489 954 572; x_wconf 71' lang='lat' dir='ltr'><strong>benefactores,</strong></span> <span class='ocrx_word' id='word_1_21' title='bbox 990 490 1171 569; x_wconf 89' lang='lat' dir='ltr'><strong>custodias,</strong></span> <span class='ocrx_word' id='word_1_22' title='bbox 1194 483 1276 584; x_wconf 32' lang='lat' dir='ltr'><strong>,loca</strong></span> <span class='ocrx_word' id='word_1_23' title='bbox 1298 473 1414 570; x_wconf 75' lang='lat' dir='ltr'><strong>relegatis</strong></span> 
     </span>
     <span class='ocr_line' id='line_1_4' title="bbox 202 577 1410 669; baseline -0.006 -20"><span class='ocrx_word' id='word_1_24' title='bbox 202 581 399 661; x_wconf 87' lang='lat' dir='ltr'><strong>constituta,</strong></span> <span class='ocrx_word' id='word_1_25' title='bbox 435 601 589 650; x_wconf 82' lang='lat' dir='ltr'><strong>carceres</strong></span> <span class='ocrx_word' id='word_1_26' title='bbox 612 591 645 649; x_wconf 90' lang='lat' dir='ltr'><strong>et</strong></span> <span class='ocrx_word' id='word_1_27' title='bbox 668 579 859 669; x_wconf 82' lang='lat' dir='ltr'><strong>ergastula:</strong></span> <span class='ocrx_word' id='word_1_28' title='bbox 890 600 949 648; x_wconf 88' lang='lat' dir='ltr'><strong>cos</strong></span> <span class='ocrx_word' id='word_1_29' title='bbox 973 579 1125 666; x_wconf 90' lang='lat' dir='ltr'><strong>quidem,</strong></span> <span class='ocrx_word' id='word_1_30' title='bbox 1150 597 1202 664; x_wconf 88' lang='lat' dir='ltr'><strong>qut</strong></span> <span class='ocrx_word' id='word_1_31' title='bbox 1228 577 1347 661; x_wconf 63' lang='lat' dir='ltr'><strong>propter</strong></span> <span class='ocrx_word' id='word_1_32' title='bbox 1363 577 1410 658; x_wconf 59' lang='lat' dir='ltr'><strong>issi·</strong></span> 
     </span>
     <span class='ocr_line' id='line_1_5' title="bbox 204 649 1410 759; baseline -0.018 -21"><span class='ocrx_word' id='word_1_33' title='bbox 204 669 296 759; x_wconf 94' lang='lat' dir='ltr'><strong>piam</strong></span> <span class='ocrx_word' id='word_1_34' title='bbox 314 668 567 749; x_wconf 74' lang='lat' dir='ltr'><strong>detinebantur,</strong></span> <span class='ocrx_word' id='word_1_35' title='bbox 595 667 780 748; x_wconf 86' lang='lat' dir='ltr'><strong>solventes;</strong></span> <span class='ocrx_word' id='word_1_36' title='bbox 812 668 873 754; x_wconf 88' lang='lat' dir='ltr'><strong>qui</strong></span> <span class='ocrx_word' id='word_1_37' title='bbox 897 679 1013 738; x_wconf 90' lang='lat' dir='ltr'><strong>autem</strong></span> <span class='ocrx_word' id='word_1_38' title='bbox 1032 689 1092 758; x_wconf 93' lang='lat' dir='ltr'><strong>pro</strong></span> <span class='ocrx_word' id='word_1_39' title='bbox 1120 680 1162 737; x_wconf 87' lang='lat' dir='ltr'><strong>ter</strong></span> <span class='ocrx_word' id='word_1_40' title='bbox 1186 661 1324 748; x_wconf 87' lang='lat' dir='ltr'><strong>aliquam</strong></span> <span class='ocrx_word' id='word_1_41' title='bbox 1342 649 1410 746; x_wconf 69' lang='lat' dir='ltr'><strong>alata</strong></span> 
     </span>
     <span class='ocr_line' id='line_1_6' title="bbox 204 689 1447 848; baseline -0.01 -22"><span class='ocrx_word' id='word_1_42' title='bbox 204 759 440 829; x_wconf 85' lang='lat' dir='ltr'><strong>retinebantur</strong></span> <span class='ocrx_word' id='word_1_43' title='bbox 462 756 705 838; x_wconf 86' lang='lat' dir='ltr'><strong>calamitatem,</strong></span> <span class='ocrx_word' id='word_1_44' title='bbox 725 779 783 827; x_wconf 87' lang='lat' dir='ltr'><strong>eos</strong></span> <span class='ocrx_word' id='word_1_45' title='bbox 800 770 832 826; x_wconf 90' lang='lat' dir='ltr'><strong>et</strong></span> <span class='ocrx_word' id='word_1_46' title='bbox 849 779 884 826; x_wconf 93' lang='lat' dir='ltr'><strong>re</strong></span> <span class='ocrx_word' id='word_1_47' title='bbox 903 757 979 848; x_wconf 89' lang='lat' dir='ltr'><strong>ipsa</strong></span> <span class='ocrx_word' id='word_1_48' title='bbox 993 769 1026 826; x_wconf 91' lang='lat' dir='ltr'><strong>et</strong></span> <span class='ocrx_word' id='word_1_49' title='bbox 1045 689 1151 826; x_wconf 73' lang='lat' dir='ltr'><strong>varlas</strong></span> <span class='ocrx_word' id='word_1_50' title='bbox 1166 747 1360 848; x_wconf 72' lang='lat' dir='ltr'><strong>consolantes.</strong></span> <span class='ocrx_word' id='word_1_51' title='bbox 1374 741 1405 800; x_wconf 86' lang='lat' dir='ltr'><strong>tn</strong></span> <span class='ocrx_word' id='word_1_52' title='bbox 1445 801 1447 836; x_wconf 42' lang='lat'><strong>,</strong></span> 
     </span>
     <span class='ocr_line' id='line_1_7' title="bbox 203 837 1404 937; baseline -0.01 -21"><span class='ocrx_word' id='word_1_53' title='bbox 203 860 316 916; x_wconf 90' lang='lat' dir='ltr'><strong>autem</strong></span> <span class='ocrx_word' id='word_1_54' title='bbox 336 845 567 936; x_wconf 88' lang='lat' dir='ltr'><strong>procedentes,</strong></span> <span class='ocrx_word' id='word_1_55' title='bbox 596 845 746 932; x_wconf 85' lang='lat' dir='ltr'><strong>reliquas</strong></span> <span class='ocrx_word' id='word_1_56' title='bbox 769 866 908 935; x_wconf 86' lang='lat' dir='ltr'><strong>quoque</strong></span> <span class='ocrx_word' id='word_1_57' title='bbox 927 845 1107 916; x_wconf 81' lang='lat' dir='ltr'><strong>facultates</strong></span> <span class='ocrx_word' id='word_1_58' title='bbox 1124 842 1254 914; x_wconf 84' lang='lat' dir='ltr'><strong>vendere</strong></span> <span class='ocrx_word' id='word_1_59' title='bbox 1273 837 1404 937; x_wconf 72' lang='lat' dir='ltr'><strong>rpetpttfll·</strong></span> 
     </span>
     <span class='ocr_line' id='line_1_8' title="bbox 202 907 1403 1025; baseline -0.017 -21"><span class='ocrx_word' id='word_1_60' title='bbox 202 934 288 1004; x_wconf 91' lang='lat' dir='ltr'><strong>alios</strong></span> <span class='ocrx_word' id='word_1_61' title='bbox 311 935 451 1024; x_wconf 88' lang='lat' dir='ltr'><strong>quidem</strong></span> <span class='ocrx_word' id='word_1_62' title='bbox 468 956 508 1004; x_wconf 84' lang='lat' dir='ltr'><strong>ex</strong></span> <span class='ocrx_word' id='word_1_63' title='bbox 527 935 739 1025; x_wconf 90' lang='lat' dir='ltr'><strong>pauperibus</strong></span> <span class='ocrx_word' id='word_1_64' title='bbox 752 933 915 1004; x_wconf 87' lang='lat' dir='ltr'><strong>facientes</strong></span> <span class='ocrx_word' id='word_1_65' title='bbox 931 935 1065 1014; x_wconf 91' lang='lat' dir='ltr'><strong>divites,</strong></span> <span class='ocrx_word' id='word_1_66' title='bbox 1084 934 1149 1004; x_wconf 92' lang='lat' dir='ltr'><strong>sibi</strong></span> <span class='ocrx_word' id='word_1_67' title='bbox 1168 951 1236 1002; x_wconf 86' lang='lat' dir='ltr'><strong>vero</strong></span> <span class='ocrx_word' id='word_1_68' title='bbox 1259 907 1403 1018; x_wconf 24' lang='lat' dir='ltr'><strong>ntbtlldttl</strong></span> 
     </span>
     <span class='ocr_line' id='line_1_9' title="bbox 202 1021 1400 1113; baseline -0.021 -19"><span class='ocrx_word' id='word_1_69' title='bbox 202 1035 453 1104; x_wconf 83' lang='lat' dir='ltr'><strong>conservantes,</strong></span> <span class='ocrx_word' id='word_1_70' title='bbox 476 1045 580 1112; x_wconf 91' lang='lat' dir='ltr'><strong>quam</strong></span> <span class='ocrx_word' id='word_1_71' title='bbox 599 1022 685 1093; x_wconf 90' lang='lat' dir='ltr'><strong>nihil</strong></span> <span class='ocrx_word' id='word_1_72' title='bbox 706 1023 841 1104; x_wconf 87' lang='lat' dir='ltr'><strong>habere,</strong></span> <span class='ocrx_word' id='word_1_73' title='bbox 868 1035 901 1092; x_wconf 89' lang='lat' dir='ltr'><strong>et</strong></span> <span class='ocrx_word' id='word_1_74' title='bbox 925 1023 1037 1094; x_wconf 91' lang='lat' dir='ltr'><strong>solum</strong></span> <span class='ocrx_word' id='word_1_75' title='bbox 1064 1043 1196 1113; x_wconf 86' lang='lat' dir='ltr'><strong>sperare</strong></span> <span class='ocrx_word' id='word_1_76' title='bbox 1210 1021 1239 1088; x_wconf 93' lang='lat' dir='ltr'><strong>io</strong></span> <span class='ocrx_word' id='word_1_77' title='bbox 1261 1021 1400 1085; x_wconf 80' lang='lat' dir='ltr'><strong>Dominum</strong></span> 
     </span>
    </p>

    <p class='ocr_par' dir='ltr' id='par_1_3' title="bbox 198 1109 1453 3420">
     <span class='ocr_line' id='line_1_10' title="bbox 248 1109 1403 1200; baseline -0.011 -16"><span class='ocrx_word' id='word_1_78' title='bbox 248 1115 266 1200; x_wconf 68' lang='grc' dir='ltr'><strong>ἓ</strong></span> <span class='ocrx_word' id='word_1_79' title='bbox 289 1116 327 1184; x_wconf 63' lang='lat' dir='ltr'><strong>U.</strong></span> <span class='ocrx_word' id='word_1_80' title='bbox 347 1115 410 1195; x_wconf 83' lang='lat' dir='ltr'><strong>Qui</strong></span> <span class='ocrx_word' id='word_1_81' title='bbox 424 1126 538 1183; x_wconf 89' lang='lat' dir='ltr'><strong>autam</strong></span> <span class='ocrx_word' id='word_1_82' title='bbox 552 1111 740 1182; x_wconf 80' lang='lat' dir='ltr'><strong>benefactis</strong></span> <span class='ocrx_word' id='word_1_83' title='bbox 756 1133 892 1199; x_wconf 91' lang='lat' dir='ltr'><strong>semper</strong></span> <span class='ocrx_word' id='word_1_84' title='bbox 909 1112 1108 1192; x_wconf 88' lang='lat' dir='ltr'><strong>insidiatur,</strong></span> <span class='ocrx_word' id='word_1_85' title='bbox 1127 1123 1157 1180; x_wconf 90' lang='lat' dir='ltr'><strong>et</strong></span> <span class='ocrx_word' id='word_1_86' title='bbox 1173 1109 1319 1180; x_wconf 81' lang='lat' dir='ltr'><strong>adversus</strong></span> <span class='ocrx_word' id='word_1_87' title='bbox 1331 1111 1403 1192; x_wconf 79' lang='lat' dir='ltr'><strong>quta·</strong></span> 
     </span>
     <span class='ocr_line' id='line_1_11' title="bbox 205 1199 1453 1291; baseline -0.02 -21"><span class='ocrx_word' id='word_1_88' title='bbox 205 1201 298 1282; x_wconf 90' lang='lat' dir='ltr'><strong>libet,</strong></span> <span class='ocrx_word' id='word_1_89' title='bbox 325 1202 385 1288; x_wconf 88' lang='lat' dir='ltr'><strong>qui</strong></span> <span class='ocrx_word' id='word_1_90' title='bbox 409 1201 491 1272; x_wconf 92' lang='lat' dir='ltr'><strong>boni</strong></span> <span class='ocrx_word' id='word_1_91' title='bbox 515 1200 645 1288; x_wconf 91' lang='lat' dir='ltr'><strong>aliquid</strong></span> <span class='ocrx_word' id='word_1_92' title='bbox 672 1199 763 1282; x_wconf 92' lang='lat' dir='ltr'><strong>facit,</strong></span> <span class='ocrx_word' id='word_1_93' title='bbox 783 1201 912 1272; x_wconf 89' lang='lat' dir='ltr'><strong>bellum</strong></span> <span class='ocrx_word' id='word_1_94' title='bbox 932 1201 1078 1291; x_wconf 83' lang='lat' dir='ltr'><strong>suscipit</strong></span> <span class='ocrx_word' id='word_1_95' title='bbox 1099 1203 1142 1271; x_wconf 91' lang='lat' dir='ltr'><strong>ab</strong></span> <span class='ocrx_word' id='word_1_96' title='bbox 1161 1199 1260 1276; x_wconf 92' lang='lat' dir='ltr'><strong>initio,</strong></span> <span class='ocrx_word' id='word_1_97' title='bbox 1284 1202 1404 1261; x_wconf 81' lang='lat' dir='ltr'><strong>nonstne</strong></span> <span class='ocrx_word' id='word_1_98' title='bbox 1452 1201 1453 1290; x_wconf 77' lang='lat'>}</span> 
     </span>
     <span class='ocr_line' id='line_1_12' title="bbox 204 1282 1406 1381; baseline -0.001 -22"><span class='ocrx_word' id='word_1_99' title='bbox 204 1289 262 1359; x_wconf 91' lang='lat' dir='ltr'><strong>bat</strong></span> <span class='ocrx_word' id='word_1_100' title='bbox 280 1291 467 1378; x_wconf 87' lang='lat' dir='ltr'><strong>quiescere,</strong></span> <span class='ocrx_word' id='word_1_101' title='bbox 495 1289 553 1360; x_wconf 91' lang='lat' dir='ltr'><strong>sed</strong></span> <span class='ocrx_word' id='word_1_102' title='bbox 574 1311 710 1381; x_wconf 85' lang='lat' dir='ltr'><strong>gravem</strong></span> <span class='ocrx_word' id='word_1_103' title='bbox 736 1289 878 1378; x_wconf 91' lang='lat' dir='ltr'><strong>quidem</strong></span> <span class='ocrx_word' id='word_1_104' title='bbox 896 1289 1063 1360; x_wconf 84' lang='lat' dir='ltr'><strong>adversus</strong></span> <span class='ocrx_word' id='word_1_105' title='bbox 1089 1311 1146 1360; x_wconf 90' lang='lat' dir='ltr'><strong>eos</strong></span> <span class='ocrx_word' id='word_1_106' title='bbox 1170 1285 1339 1356; x_wconf 85' lang='lat' dir='ltr'><strong>machinam</strong></span> <span class='ocrx_word' id='word_1_107' title='bbox 1358 1282 1406 1371; x_wconf 64' lang='lat' dir='ltr'><strong>tnt-</strong></span> 
     </span>
     <span class='ocr_line' id='line_1_13' title="bbox 203 1357 1453 1468; baseline -0.018 -21"><span class='ocrx_word' id='word_1_108' title='bbox 203 1379 299 1448; x_wconf 91' lang='lat' dir='ltr'><strong>niani</strong></span> <span class='ocrx_word' id='word_1_109' title='bbox 313 1378 451 1449; x_wconf 88' lang='lat' dir='ltr'><strong>fratrem</strong></span> <span class='ocrx_word' id='word_1_110' title='bbox 466 1378 623 1448; x_wconf 87' lang='lat' dir='ltr'><strong>admovet</strong></span> <span class='ocrx_word' id='word_1_111' title='bbox 641 1384 815 1460; x_wconf 87' lang='lat' dir='ltr'><strong>Severum,</strong></span> <span class='ocrx_word' id='word_1_112' title='bbox 835 1400 895 1468; x_wconf 87' lang='lat' dir='ltr'><strong>per</strong></span> <span class='ocrx_word' id='word_1_113' title='bbox 913 1399 1016 1466; x_wconf 89' lang='lat' dir='ltr'><strong>quem</strong></span> <span class='ocrx_word' id='word_1_114' title='bbox 1030 1377 1238 1448; x_wconf 82' lang='lat' dir='ltr'><strong>existimabat</strong></span> <span class='ocrx_word' id='word_1_115' title='bbox 1252 1357 1404 1444; x_wconf 80' lang='lat' dir='ltr'><strong>sesesoltdtt</strong></span> <span class='ocrx_word' id='word_1_116' title='bbox 1452 1393 1453 1404; x_wconf 28' lang='grc' dir='ltr'><strong>κ</strong></span> 
     </span>
     <span class='ocr_line' id='line_1_14' title="bbox 203 1462 1453 1557; baseline -0.018 -21"><span class='ocrx_word' id='word_1_117' title='bbox 203 1489 322 1538; x_wconf 88' lang='lat' dir='ltr'><strong>eorum</strong></span> <span class='ocrx_word' id='word_1_118' title='bbox 359 1469 483 1538; x_wconf 88' lang='lat' dir='ltr'><strong>mentis</strong></span> <span class='ocrx_word' id='word_1_119' title='bbox 514 1468 636 1537; x_wconf 87' lang='lat' dir='ltr'><strong>turrim</strong></span> <span class='ocrx_word' id='word_1_120' title='bbox 667 1489 741 1538; x_wconf 90' lang='lat' dir='ltr'><strong>esse</strong></span> <span class='ocrx_word' id='word_1_121' title='bbox 777 1467 1078 1538; x_wconf 78' lang='lat' dir='ltr'><strong>labefactaturum.</strong></span> <span class='ocrx_word' id='word_1_122' title='bbox 1113 1462 1405 1557; x_wconf 20' lang='lat' dir='ltr'><strong>Aponianumtauteo</strong></span> <span class='ocrx_word' id='word_1_123' title='bbox 1452 1463 1453 1550; x_wconf 74' lang='lat' dir='ltr'><strong>t</strong></span> 
     </span>
     <span class='ocr_line' id='line_1_15' title="bbox 203 1552 1453 1657; baseline 0.001 -33"><span class='ocrx_word' id='word_1_124' title='bbox 203 1555 311 1628; x_wconf 87' lang='lat' dir='ltr'><strong>fuisse</strong></span> <span class='ocrx_word' id='word_1_125' title='bbox 336 1558 487 1628; x_wconf 78' lang='lat' dir='ltr'><strong>ticianae</strong></span> <span class='ocrx_word' id='word_1_126' title='bbox 522 1557 708 1637; x_wconf 91' lang='lat' dir='ltr'><strong>maritum,</strong></span> <span class='ocrx_word' id='word_1_127' title='bbox 745 1557 907 1657; x_wconf 89' lang='lat' dir='ltr'><strong>superius</strong></span> <span class='ocrx_word' id='word_1_128' title='bbox 942 1555 1129 1626; x_wconf 85' lang='lat' dir='ltr'><strong>declararit</strong></span> <span class='ocrx_word' id='word_1_129' title='bbox 1159 1555 1271 1625; x_wconf 91' lang='lat' dir='ltr'><strong>oratio.</strong></span> <span class='ocrx_word' id='word_1_130' title='bbox 1294 1552 1404 1624; x_wconf 74' lang='lat' dir='ltr'><strong>lltctlll</strong></span> <span class='ocrx_word' id='word_1_131' title='bbox 1452 1555 1453 1636; x_wconf 74' lang='lat' dir='ltr'><strong>l</strong></span> 
     </span>
     <span class='ocr_line' id='line_1_16' title="bbox 204 1626 1453 1736; baseline -0.014 -22"><span class='ocrx_word' id='word_1_132' title='bbox 204 1650 347 1716; x_wconf 88' lang='lat' dir='ltr'><strong>Severus</strong></span> <span class='ocrx_word' id='word_1_133' title='bbox 361 1646 519 1736; x_wconf 92' lang='lat' dir='ltr'><strong>improba</strong></span> <span class='ocrx_word' id='word_1_134' title='bbox 545 1657 658 1714; x_wconf 91' lang='lat' dir='ltr'><strong>mente</strong></span> <span class='ocrx_word' id='word_1_135' title='bbox 674 1647 924 1716; x_wconf 85' lang='lat' dir='ltr'><strong>ementiebatur</strong></span> <span class='ocrx_word' id='word_1_136' title='bbox 948 1655 1121 1725; x_wconf 89' lang='lat' dir='ltr'><strong>naturam;</strong></span> <span class='ocrx_word' id='word_1_137' title='bbox 1143 1657 1175 1714; x_wconf 88' lang='lat' dir='ltr'><strong>et</strong></span> <span class='ocrx_word' id='word_1_138' title='bbox 1197 1663 1271 1714; x_wconf 92' lang='lat' dir='ltr'><strong>cum</strong></span> <span class='ocrx_word' id='word_1_139' title='bbox 1292 1626 1406 1709; x_wconf 78' lang='lat' dir='ltr'><strong>essetln·</strong></span> <span class='ocrx_word' id='word_1_140' title='bbox 1452 1643 1453 1692; x_wconf 86' lang='lat' dir='ltr'><strong>t</strong></span> 
     </span>
     <span class='ocr_line' id='line_1_17' title="bbox 203 1717 1404 1824; baseline -0.017 -20"><span class='ocrx_word' id='word_1_141' title='bbox 203 1747 264 1816; x_wconf 88' lang='lat' dir='ltr'><strong>ter,</strong></span> <span class='ocrx_word' id='word_1_142' title='bbox 282 1733 381 1806; x_wconf 86' lang='lat' dir='ltr'><strong>factis</strong></span> <span class='ocrx_word' id='word_1_143' title='bbox 404 1747 475 1805; x_wconf 89' lang='lat' dir='ltr'><strong>erat</strong></span> <span class='ocrx_word' id='word_1_144' title='bbox 499 1735 676 1804; x_wconf 89' lang='lat' dir='ltr'><strong>inimicus.</strong></span> <span class='ocrx_word' id='word_1_145' title='bbox 708 1737 791 1804; x_wconf 86' lang='lat' dir='ltr'><strong>Cum</strong></span> <span class='ocrx_word' id='word_1_146' title='bbox 815 1735 908 1803; x_wconf 90' lang='lat' dir='ltr'><strong>enim</strong></span> <span class='ocrx_word' id='word_1_147' title='bbox 935 1735 1132 1824; x_wconf 82' lang='lat' dir='ltr'><strong>ltpenianus</strong></span> <span class='ocrx_word' id='word_1_148' title='bbox 1150 1749 1308 1804; x_wconf 89' lang='lat' dir='ltr'><strong>unacum</strong></span> <span class='ocrx_word' id='word_1_149' title='bbox 1329 1717 1404 1792; x_wconf 80' lang='lat' dir='ltr'><strong>llelaa</strong></span> 
     </span>
     <span class='ocr_line' id='line_1_18' title="bbox 203 1805 1453 1914; baseline -0.003 -22"><span class='ocrx_word' id='word_1_150' title='bbox 203 1823 246 1892; x_wconf 94' lang='lat' dir='ltr'><strong>ad</strong></span> <span class='ocrx_word' id='word_1_151' title='bbox 263 1824 367 1894; x_wconf 86' lang='lat' dir='ltr'><strong>vitam</strong></span> <span class='ocrx_word' id='word_1_152' title='bbox 387 1846 427 1894; x_wconf 84' lang='lat' dir='ltr'><strong>ex</strong></span> <span class='ocrx_word' id='word_1_153' title='bbox 447 1829 512 1894; x_wconf 89' lang='lat' dir='ltr'><strong>Deo</strong></span> <span class='ocrx_word' id='word_1_154' title='bbox 540 1821 710 1914; x_wconf 80' lang='lat' dir='ltr'><strong>agendam</strong></span> <span class='ocrx_word' id='word_1_155' title='bbox 740 1835 830 1892; x_wconf 90' lang='lat' dir='ltr'><strong>esset</strong></span> <span class='ocrx_word' id='word_1_156' title='bbox 864 1823 1055 1904; x_wconf 90' lang='lat' dir='ltr'><strong>traductus,</strong></span> <span class='ocrx_word' id='word_1_157' title='bbox 1083 1827 1225 1893; x_wconf 86' lang='lat' dir='ltr'><strong>Severus</strong></span> <span class='ocrx_word' id='word_1_158' title='bbox 1251 1805 1405 1914; x_wconf 59' lang='lat' dir='ltr'><strong>insepulti</strong></span> <span class='ocrx_word' id='word_1_159' title='bbox 1452 1825 1453 1874; x_wconf 89' lang='lat' dir='ltr'><strong>t</strong></span> 
     </span>
     <span class='ocr_line' id='line_1_19' title="bbox 198 1889 1399 2002; baseline -0.008 -22"><span class='ocrx_word' id='word_1_160' title='bbox 198 1913 320 1983; x_wconf 91' lang='lat' dir='ltr'><strong>&#39;monis</strong></span> <span class='ocrx_word' id='word_1_161' title='bbox 337 1913 505 1985; x_wconf 90' lang='lat' dir='ltr'><strong>instinctu</strong></span> <span class='ocrx_word' id='word_1_162' title='bbox 531 1911 738 2002; x_wconf 88' lang='lat' dir='ltr'><strong>inspiratus,</strong></span> <span class='ocrx_word' id='word_1_163' title='bbox 766 1923 1026 2002; x_wconf 87' lang='lat' dir='ltr'><strong>aggressusest</strong></span> <span class='ocrx_word' id='word_1_164' title='bbox 1052 1911 1192 1982; x_wconf 90' lang='lat' dir='ltr'><strong>fratrem</strong></span> <span class='ocrx_word' id='word_1_165' title='bbox 1222 1908 1351 1980; x_wconf 85' lang='lat' dir='ltr'><strong>molesta</strong></span> <span class='ocrx_word' id='word_1_166' title='bbox 1369 1889 1399 1964; x_wconf 72' lang='lat' dir='ltr'><strong>al</strong></span> 
     </span>
     <span class='ocr_line' id='line_1_20' title="bbox 204 1987 1453 2092; baseline -0.006 -22"><span class='ocrx_word' id='word_1_167' title='bbox 204 2023 292 2082; x_wconf 90' lang='lat' dir='ltr'><strong>cere,</strong></span> <span class='ocrx_word' id='word_1_168' title='bbox 315 2024 417 2092; x_wconf 87' lang='lat' dir='ltr'><strong>agros</strong></span> <span class='ocrx_word' id='word_1_169' title='bbox 441 1999 604 2081; x_wconf 90' lang='lat' dir='ltr'><strong>avellens,</strong></span> <span class='ocrx_word' id='word_1_170' title='bbox 627 1999 760 2082; x_wconf 89' lang='lat' dir='ltr'><strong>fructus</strong></span> <span class='ocrx_word' id='word_1_171' title='bbox 784 2001 972 2090; x_wconf 85' lang='lat' dir='ltr'><strong>abripiens,</strong></span> <span class='ocrx_word' id='word_1_172' title='bbox 990 2000 1155 2070; x_wconf 90' lang='lat' dir='ltr'><strong>omnibus</strong></span> <span class='ocrx_word' id='word_1_173' title='bbox 1180 1988 1405 2091; x_wconf 69' lang='lat' dir='ltr'><strong>medisinsutat</strong></span> <span class='ocrx_word' id='word_1_174' title='bbox 1452 1987 1453 2052; x_wconf 87' lang='lat' dir='ltr'><strong>l</strong></span> 
     </span>
     <span class='ocr_line' id='line_1_21' title="bbox 204 2088 1453 2176; baseline -0.006 -16"><span class='ocrx_word' id='word_1_175' title='bbox 204 2102 236 2160; x_wconf 87' lang='lat' dir='ltr'><strong>et</strong></span> <span class='ocrx_word' id='word_1_176' title='bbox 260 2092 327 2160; x_wconf 83' lang='lat' dir='ltr'><strong>vim</strong></span> <span class='ocrx_word' id='word_1_177' title='bbox 354 2091 511 2161; x_wconf 86' lang='lat' dir='ltr'><strong>afferens.</strong></span> <span class='ocrx_word' id='word_1_178' title='bbox 535 2093 717 2176; x_wconf 86' lang='lat' dir='ltr'><strong>Postquam</strong></span> <span class='ocrx_word' id='word_1_179' title='bbox 745 2109 822 2159; x_wconf 89' lang='lat' dir='ltr'><strong>vero</strong></span> <span class='ocrx_word' id='word_1_180' title='bbox 846 2109 904 2160; x_wconf 91' lang='lat' dir='ltr'><strong>eos</strong></span> <span class='ocrx_word' id='word_1_181' title='bbox 923 2089 1009 2159; x_wconf 88' lang='lat' dir='ltr'><strong>vidit</strong></span> <span class='ocrx_word' id='word_1_182' title='bbox 1034 2089 1152 2158; x_wconf 92' lang='lat' dir='ltr'><strong>omnia</strong></span> <span class='ocrx_word' id='word_1_183' title='bbox 1173 2088 1271 2159; x_wconf 91' lang='lat' dir='ltr'><strong>malle</strong></span> <span class='ocrx_word' id='word_1_184' title='bbox 1294 2089 1396 2154; x_wconf 72' lang='lat' dir='ltr'><strong>amittet</strong></span> <span class='ocrx_word' id='word_1_185' title='bbox 1452 2095 1453 2144; x_wconf 89' lang='lat' dir='ltr'><strong>t</strong></span> 
     </span>
     <span class='ocr_line' id='line_1_22' title="bbox 205 2177 1453 2269; baseline -0.006 -21"><span class='ocrx_word' id='word_1_186' title='bbox 205 2200 308 2264; x_wconf 89' lang='lat' dir='ltr'><strong>quam</strong></span> <span class='ocrx_word' id='word_1_187' title='bbox 336 2191 555 2269; x_wconf 86' lang='lat' dir='ltr'><strong>praeceptum</strong></span> <span class='ocrx_word' id='word_1_188' title='bbox 582 2177 717 2247; x_wconf 84' lang='lat' dir='ltr'><strong>Domini</strong></span> <span class='ocrx_word' id='word_1_189' title='bbox 742 2177 938 2268; x_wconf 89' lang='lat' dir='ltr'><strong>despicere,</strong></span> <span class='ocrx_word' id='word_1_190' title='bbox 964 2199 1034 2266; x_wconf 88' lang='lat' dir='ltr'><strong>quo</strong></span> <span class='ocrx_word' id='word_1_191' title='bbox 1060 2189 1201 2248; x_wconf 89' lang='lat' dir='ltr'><strong>cavetur</strong></span> <span class='ocrx_word' id='word_1_192' title='bbox 1223 2181 1405 2267; x_wconf 75' lang='lat' dir='ltr'><strong>oporterent</strong></span> <span class='ocrx_word' id='word_1_193' title='bbox 1452 2189 1453 2230; x_wconf 84' lang='lat' dir='ltr'><strong>t</strong></span> 
     </span>
     <span class='ocr_line' id='line_1_23' title="bbox 204 2251 1453 2357; baseline -0.013 -21"><span class='ocrx_word' id='word_1_194' title='bbox 204 2267 304 2349; x_wconf 89' lang='lat' dir='ltr'><strong>ferre,</strong></span> <span class='ocrx_word' id='word_1_195' title='bbox 331 2269 391 2356; x_wconf 89' lang='lat' dir='ltr'><strong>qui</strong></span> <span class='ocrx_word' id='word_1_196' title='bbox 415 2267 584 2357; x_wconf 87' lang='lat' dir='ltr'><strong>acceperit</strong></span> <span class='ocrx_word' id='word_1_197' title='bbox 613 2265 789 2354; x_wconf 82' lang='lat' dir='ltr'><strong>injuriam,</strong></span> <span class='ocrx_word' id='word_1_198' title='bbox 817 2280 899 2336; x_wconf 91' lang='lat' dir='ltr'><strong>tune</strong></span> <span class='ocrx_word' id='word_1_199' title='bbox 924 2266 982 2336; x_wconf 91' lang='lat' dir='ltr'><strong>ille</strong></span> <span class='ocrx_word' id='word_1_200' title='bbox 1012 2266 1043 2334; x_wconf 89' lang='lat' dir='ltr'><strong>vi</strong></span> <span class='ocrx_word' id='word_1_201' title='bbox 1069 2268 1200 2356; x_wconf 89' lang='lat' dir='ltr'><strong>majore</strong></span> <span class='ocrx_word' id='word_1_202' title='bbox 1219 2287 1273 2338; x_wconf 89' lang='lat' dir='ltr'><strong>eos</strong></span> <span class='ocrx_word' id='word_1_203' title='bbox 1298 2251 1407 2353; x_wconf 74' lang='lat' dir='ltr'><strong>aggredit</strong></span> <span class='ocrx_word' id='word_1_204' title='bbox 1452 2271 1453 2320; x_wconf 89' lang='lat' dir='ltr'><strong>t</strong></span> 
     </span>
     <span class='ocr_line' id='line_1_24' title="bbox 204 2344 1453 2446; baseline -0.009 -20"><span class='ocrx_word' id='word_1_205' title='bbox 204 2356 318 2427; x_wconf 90' lang='lat' dir='ltr'><strong>batur.</strong></span> <span class='ocrx_word' id='word_1_206' title='bbox 346 2361 428 2426; x_wconf 88' lang='lat' dir='ltr'><strong>Nam</strong></span> <span class='ocrx_word' id='word_1_207' title='bbox 450 2377 529 2426; x_wconf 89' lang='lat' dir='ltr'><strong>cum</strong></span> <span class='ocrx_word' id='word_1_208' title='bbox 556 2377 594 2424; x_wconf 83' lang='lat' dir='ltr'><strong>er</strong></span> <span class='ocrx_word' id='word_1_209' title='bbox 619 2356 784 2444; x_wconf 82' lang='lat' dir='ltr'><strong>ltpeniani</strong></span> <span class='ocrx_word' id='word_1_210' title='bbox 802 2357 910 2426; x_wconf 87' lang='lat' dir='ltr'><strong>servis</strong></span> <span class='ocrx_word' id='word_1_211' title='bbox 924 2355 1203 2446; x_wconf 87' lang='lat' dir='ltr'><strong>improbissimos</strong></span> <span class='ocrx_word' id='word_1_212' title='bbox 1218 2355 1322 2426; x_wconf 90' lang='lat' dir='ltr'><strong>dolose</strong></span> <span class='ocrx_word' id='word_1_213' title='bbox 1339 2344 1407 2418; x_wconf 70' lang='lat' dir='ltr'><strong>subtr·</strong></span> <span class='ocrx_word' id='word_1_214' title='bbox 1452 2363 1453 2408; x_wconf 86' lang='lat' dir='ltr'><strong>t</strong></span> 
     </span>
     <span class='ocr_line' id='line_1_25' title="bbox 206 2443 1453 2534; baseline -0.003 -21"><span class='ocrx_word' id='word_1_215' title='bbox 206 2456 322 2516; x_wconf 90' lang='lat' dir='ltr'><strong>nasset</strong></span> <span class='ocrx_word' id='word_1_216' title='bbox 345 2459 377 2516; x_wconf 90' lang='lat' dir='ltr'><strong>et</strong></span> <span class='ocrx_word' id='word_1_217' title='bbox 401 2443 622 2534; x_wconf 86' lang='lat' dir='ltr'><strong>corrupisset,</strong></span> <span class='ocrx_word' id='word_1_218' title='bbox 652 2444 737 2514; x_wconf 90' lang='lat' dir='ltr'><strong>alios</strong></span> <span class='ocrx_word' id='word_1_219' title='bbox 767 2444 907 2534; x_wconf 89' lang='lat' dir='ltr'><strong>quidem</strong></span> <span class='ocrx_word' id='word_1_220' title='bbox 933 2445 1139 2533; x_wconf 89' lang='lat' dir='ltr'><strong>promissis,</strong></span> <span class='ocrx_word' id='word_1_221' title='bbox 1166 2444 1252 2515; x_wconf 90' lang='lat' dir='ltr'><strong>alios</strong></span> <span class='ocrx_word' id='word_1_222' title='bbox 1275 2463 1336 2513; x_wconf 84' lang='lat' dir='ltr'><strong>vero</strong></span> <span class='ocrx_word' id='word_1_223' title='bbox 1353 2451 1407 2524; x_wconf 78' lang='lat' dir='ltr'><strong>pau·</strong></span> <span class='ocrx_word' id='word_1_224' title='bbox 1452 2445 1453 2498; x_wconf 92' lang='lat' dir='ltr'><strong>t</strong></span> 
     </span>
     <span class='ocr_line' id='line_1_26' title="bbox 205 2513 1453 2624; baseline -0.003 -21"><span class='ocrx_word' id='word_1_225' title='bbox 205 2535 296 2616; x_wconf 90' lang='lat' dir='ltr'><strong>niis,</strong></span> <span class='ocrx_word' id='word_1_226' title='bbox 326 2534 369 2603; x_wconf 92' lang='lat' dir='ltr'><strong>iis</strong></span> <span class='ocrx_word' id='word_1_227' title='bbox 393 2533 602 2624; x_wconf 89' lang='lat' dir='ltr'><strong>persuadet,</strong></span> <span class='ocrx_word' id='word_1_228' title='bbox 630 2545 669 2602; x_wconf 92' lang='lat' dir='ltr'><strong>ut</strong></span> <span class='ocrx_word' id='word_1_229' title='bbox 692 2545 811 2603; x_wconf 89' lang='lat' dir='ltr'><strong>contra</strong></span> <span class='ocrx_word' id='word_1_230' title='bbox 842 2532 980 2604; x_wconf 87' lang='lat' dir='ltr'><strong>fratrem</strong></span> <span class='ocrx_word' id='word_1_231' title='bbox 1019 2555 1122 2603; x_wconf 89' lang='lat' dir='ltr'><strong>suum</strong></span> <span class='ocrx_word' id='word_1_232' title='bbox 1152 2533 1338 2624; x_wconf 81' lang='lat' dir='ltr'><strong>insurgant,</strong></span> <span class='ocrx_word' id='word_1_233' title='bbox 1355 2513 1407 2592; x_wconf 76' lang='lat' dir='ltr'><strong>etti</strong></span> <span class='ocrx_word' id='word_1_234' title='bbox 1452 2537 1453 2590; x_wconf 92' lang='lat' dir='ltr'><strong>t</strong></span> 
     </span>
     <span class='ocr_line' id='line_1_27' title="bbox 205 2621 1453 2723; baseline -0.008 -30"><span class='ocrx_word' id='word_1_235' title='bbox 205 2623 408 2711; x_wconf 80' lang='lat' dir='ltr'><strong>ecquidem</strong></span> <span class='ocrx_word' id='word_1_236' title='bbox 434 2622 609 2704; x_wconf 84' lang='lat' dir='ltr'><strong>deficiant;</strong></span> <span class='ocrx_word' id='word_1_237' title='bbox 632 2643 699 2693; x_wconf 92' lang='lat' dir='ltr'><strong>non</strong></span> <span class='ocrx_word' id='word_1_238' title='bbox 725 2621 838 2693; x_wconf 92' lang='lat' dir='ltr'><strong>solum</strong></span> <span class='ocrx_word' id='word_1_239' title='bbox 860 2635 975 2692; x_wconf 90' lang='lat' dir='ltr'><strong>autem</strong></span> <span class='ocrx_word' id='word_1_240' title='bbox 1000 2622 1150 2723; x_wconf 88' lang='lat' dir='ltr'><strong>seipsos,</strong></span> <span class='ocrx_word' id='word_1_241' title='bbox 1184 2621 1242 2692; x_wconf 90' lang='lat' dir='ltr'><strong>sed</strong></span> <span class='ocrx_word' id='word_1_242' title='bbox 1262 2643 1311 2692; x_wconf 90' lang='lat' dir='ltr'><strong>eos</strong></span> <span class='ocrx_word' id='word_1_243' title='bbox 1329 2624 1407 2716; x_wconf 75' lang='lat' dir='ltr'><strong>quote</strong></span> <span class='ocrx_word' id='word_1_244' title='bbox 1452 2639 1453 2683; x_wconf 91' lang='lat' dir='ltr'><strong>t</strong></span> 
     </span>
     <span class='ocr_line' id='line_1_28' title="bbox 204 2710 1453 2802; baseline -0.004 -22"><span class='ocrx_word' id='word_1_245' title='bbox 204 2734 316 2802; x_wconf 88' lang='lat' dir='ltr'><strong>agros,</strong></span> <span class='ocrx_word' id='word_1_246' title='bbox 345 2714 380 2780; x_wconf 93' lang='lat' dir='ltr'><strong>in</strong></span> <span class='ocrx_word' id='word_1_247' title='bbox 405 2712 535 2798; x_wconf 87' lang='lat' dir='ltr'><strong>quibus</strong></span> <span class='ocrx_word' id='word_1_248' title='bbox 552 2710 765 2792; x_wconf 90' lang='lat' dir='ltr'><strong>habitabant,</strong></span> <span class='ocrx_word' id='word_1_249' title='bbox 794 2711 907 2780; x_wconf 86' lang='lat' dir='ltr'><strong>Severi</strong></span> <span class='ocrx_word' id='word_1_250' title='bbox 931 2732 1005 2781; x_wconf 89' lang='lat' dir='ltr'><strong>esse</strong></span> <span class='ocrx_word' id='word_1_251' title='bbox 1029 2710 1194 2793; x_wconf 84' lang='lat' dir='ltr'><strong>dicerent,</strong></span> <span class='ocrx_word' id='word_1_252' title='bbox 1214 2724 1246 2780; x_wconf 89' lang='lat' dir='ltr'><strong>et</strong></span> <span class='ocrx_word' id='word_1_253' title='bbox 1260 2733 1309 2780; x_wconf 87' lang='lat' dir='ltr'><strong>eos</strong></span> <span class='ocrx_word' id='word_1_254' title='bbox 1321 2715 1409 2792; x_wconf 72' lang='lat' dir='ltr'><strong>etustt</strong></span> <span class='ocrx_word' id='word_1_255' title='bbox 1452 2729 1453 2775; x_wconf 86' lang='lat' dir='ltr'><strong>t</strong></span> 
     </span>
     <span class='ocr_line' id='line_1_29' title="bbox 205 2793 1453 2890; baseline -0.002 -21"><span class='ocrx_word' id='word_1_256' title='bbox 205 2801 389 2871; x_wconf 88' lang='lat' dir='ltr'><strong>minarent.</strong></span> <span class='ocrx_word' id='word_1_257' title='bbox 410 2799 472 2870; x_wconf 92' lang='lat' dir='ltr'><strong>Sed</strong></span> <span class='ocrx_word' id='word_1_258' title='bbox 499 2798 644 2870; x_wconf 88' lang='lat' dir='ltr'><strong>stolidus</strong></span> <span class='ocrx_word' id='word_1_259' title='bbox 670 2799 771 2890; x_wconf 90' lang='lat' dir='ltr'><strong>plane</strong></span> <span class='ocrx_word' id='word_1_260' title='bbox 794 2811 1054 2890; x_wconf 87' lang='lat' dir='ltr'><strong>aggressusest</strong></span> <span class='ocrx_word' id='word_1_261' title='bbox 1078 2801 1208 2870; x_wconf 91' lang='lat' dir='ltr'><strong>inania.</strong></span> <span class='ocrx_word' id='word_1_262' title='bbox 1236 2805 1308 2870; x_wconf 87' lang='lat' dir='ltr'><strong>llam</strong></span> <span class='ocrx_word' id='word_1_263' title='bbox 1323 2793 1409 2874; x_wconf 76' lang='lat' dir='ltr'><strong>illittt·</strong></span> <span class='ocrx_word' id='word_1_264' title='bbox 1452 2823 1453 2866; x_wconf 88' lang='lat' dir='ltr'><strong>t</strong></span> 
     </span>
     <span class='ocr_line' id='line_1_30' title="bbox 205 2883 1453 2978; baseline -0.015 -20"><span class='ocrx_word' id='word_1_265' title='bbox 205 2889 283 2958; x_wconf 88' lang='lat' dir='ltr'><strong>dem</strong></span> <span class='ocrx_word' id='word_1_266' title='bbox 308 2901 341 2958; x_wconf 90' lang='lat' dir='ltr'><strong>et</strong></span> <span class='ocrx_word' id='word_1_267' title='bbox 357 2889 386 2958; x_wconf 92' lang='lat' dir='ltr'><strong>si</strong></span> <span class='ocrx_word' id='word_1_268' title='bbox 412 2889 492 2958; x_wconf 91' lang='lat' dir='ltr'><strong>talia</strong></span> <span class='ocrx_word' id='word_1_269' title='bbox 509 2900 708 2978; x_wconf 90' lang='lat' dir='ltr'><strong>paterentur</strong></span> <span class='ocrx_word' id='word_1_270' title='bbox 724 2888 833 2970; x_wconf 88' lang='lat' dir='ltr'><strong>abeo,</strong></span> <span class='ocrx_word' id='word_1_271' title='bbox 856 2910 960 2975; x_wconf 84' lang='lat' dir='ltr'><strong>aquo</strong></span> <span class='ocrx_word' id='word_1_272' title='bbox 977 2889 1055 2976; x_wconf 86' lang='lat' dir='ltr'><strong>quis</strong></span> <span class='ocrx_word' id='word_1_273' title='bbox 1074 2889 1218 2958; x_wconf 90' lang='lat' dir='ltr'><strong>minime</strong></span> <span class='ocrx_word' id='word_1_274' title='bbox 1240 2883 1408 2976; x_wconf 79' lang='lat' dir='ltr'><strong>exspectasset.</strong></span> <span class='ocrx_word' id='word_1_275' title='bbox 1452 2913 1453 2959; x_wconf 64' lang='lat'><strong>,</strong></span> 
     </span>
     <span class='ocr_line' id='line_1_31' title="bbox 204 2969 1453 3064; baseline 0.002 -18"><span class='ocrx_word' id='word_1_276' title='bbox 204 2999 240 3046; x_wconf 90' lang='lat' dir='ltr'><strong>ea</strong></span> <span class='ocrx_word' id='word_1_277' title='bbox 267 2976 407 3064; x_wconf 92' lang='lat' dir='ltr'><strong>quidem</strong></span> <span class='ocrx_word' id='word_1_278' title='bbox 434 2978 618 3047; x_wconf 89' lang='lat' dir='ltr'><strong>toleranter</strong></span> <span class='ocrx_word' id='word_1_279' title='bbox 647 2989 680 3046; x_wconf 88' lang='lat' dir='ltr'><strong>et</strong></span> <span class='ocrx_word' id='word_1_280' title='bbox 704 2976 819 3048; x_wconf 88' lang='lat' dir='ltr'><strong>sedate</strong></span> <span class='ocrx_word' id='word_1_281' title='bbox 846 2976 1015 3058; x_wconf 89' lang='lat' dir='ltr'><strong>ferebant,</strong></span> <span class='ocrx_word' id='word_1_282' title='bbox 1045 2979 1153 3047; x_wconf 89' lang='lat' dir='ltr'><strong>itumo</strong></span> <span class='ocrx_word' id='word_1_283' title='bbox 1178 2999 1254 3048; x_wconf 84' lang='lat' dir='ltr'><strong>vcro</strong></span> <span class='ocrx_word' id='word_1_284' title='bbox 1280 2969 1409 3062; x_wconf 74' lang='lat' dir='ltr'><strong>gaudebatt</strong></span> <span class='ocrx_word' id='word_1_285' title='bbox 1452 3005 1453 3048; x_wconf 91' lang='lat' dir='ltr'><strong>t</strong></span> 
     </span>
     <span class='ocr_line' id='line_1_32' title="bbox 204 3057 1409 3156; baseline -0.004 -23"><span class='ocrx_word' id='word_1_286' title='bbox 204 3065 330 3156; x_wconf 89' lang='lat' dir='ltr'><strong>potius.</strong></span> <span class='ocrx_word' id='word_1_287' title='bbox 359 3071 429 3136; x_wconf 87' lang='lat' dir='ltr'><strong>llon</strong></span> <span class='ocrx_word' id='word_1_288' title='bbox 456 3066 547 3135; x_wconf 91' lang='lat' dir='ltr'><strong>enim</strong></span> <span class='ocrx_word' id='word_1_289' title='bbox 569 3066 619 3136; x_wconf 86' lang='lat' dir='ltr'><strong>eis</strong></span> <span class='ocrx_word' id='word_1_290' title='bbox 643 3065 715 3135; x_wconf 89' lang='lat' dir='ltr'><strong>leve</strong></span> <span class='ocrx_word' id='word_1_291' title='bbox 740 3065 921 3136; x_wconf 86' lang='lat' dir='ltr'><strong>videbatur</strong></span> <span class='ocrx_word' id='word_1_292' title='bbox 951 3087 1030 3136; x_wconf 88' lang='lat' dir='ltr'><strong>cum</strong></span> <span class='ocrx_word' id='word_1_293' title='bbox 1060 3066 1122 3135; x_wconf 88' lang='lat' dir='ltr'><strong>lob</strong></span> <span class='ocrx_word' id='word_1_294' title='bbox 1149 3065 1334 3136; x_wconf 86' lang='lat' dir='ltr'><strong>contendere</strong></span> <span class='ocrx_word' id='word_1_295' title='bbox 1351 3057 1409 3128; x_wconf 74' lang='lat' dir='ltr'><strong>ato</strong></span> 
     </span>
     <span class='ocr_line' id='line_1_33' title="bbox 204 3138 1453 3245; baseline 0.004 -22"><span class='ocrx_word' id='word_1_296' title='bbox 204 3153 357 3224; x_wconf 88' lang='lat' dir='ltr'><strong>adversis</strong></span> <span class='ocrx_word' id='word_1_297' title='bbox 381 3167 414 3224; x_wconf 91' lang='lat' dir='ltr'><strong>et</strong></span> <span class='ocrx_word' id='word_1_298' title='bbox 437 3154 712 3243; x_wconf 83' lang='lat' dir='ltr'><strong>calamitatibus:</strong></span> <span class='ocrx_word' id='word_1_299' title='bbox 739 3175 923 3245; x_wconf 86' lang='lat' dir='ltr'><strong>generosos</strong></span> <span class='ocrx_word' id='word_1_300' title='bbox 940 3167 1054 3225; x_wconf 88' lang='lat' dir='ltr'><strong>autem</strong></span> <span class='ocrx_word' id='word_1_301' title='bbox 1075 3153 1153 3225; x_wconf 91' lang='lat' dir='ltr'><strong>illos</strong></span> <span class='ocrx_word' id='word_1_302' title='bbox 1179 3155 1242 3225; x_wconf 89' lang='lat' dir='ltr'><strong>hoc</strong></span> <span class='ocrx_word' id='word_1_303' title='bbox 1258 3153 1345 3226; x_wconf 87' lang='lat' dir='ltr'><strong>solunt</strong></span> <span class='ocrx_word' id='word_1_304' title='bbox 1361 3138 1408 3214; x_wconf 74' lang='lat' dir='ltr'><strong>tttl</strong></span> <span class='ocrx_word' id='word_1_305' title='bbox 1452 3225 1453 3228; x_wconf 74' lang='grc'>,</span> 
     </span>
     <span class='ocr_line' id='line_1_34' title="bbox 207 3242 1453 3344; baseline -0.013 -32"><span class='ocrx_word' id='word_1_306' title='bbox 207 3242 380 3325; x_wconf 89' lang='lat' dir='ltr'><strong>habebat,</strong></span> <span class='ocrx_word' id='word_1_307' title='bbox 407 3243 604 3331; x_wconf 89' lang='lat' dir='ltr'><strong>quodcum</strong></span> <span class='ocrx_word' id='word_1_308' title='bbox 635 3242 854 3313; x_wconf 88' lang='lat' dir='ltr'><strong>auferrentur</strong></span> <span class='ocrx_word' id='word_1_309' title='bbox 876 3265 982 3332; x_wconf 90' lang='lat' dir='ltr'><strong>opes,</strong></span> <span class='ocrx_word' id='word_1_310' title='bbox 1014 3265 1139 3344; x_wconf 90' lang='lat' dir='ltr'><strong>parum</strong></span> <span class='ocrx_word' id='word_1_311' title='bbox 1168 3245 1284 3316; x_wconf 89' lang='lat' dir='ltr'><strong>flueret</strong></span> <span class='ocrx_word' id='word_1_312' title='bbox 1303 3243 1409 3312; x_wconf 87' lang='lat' dir='ltr'><strong>ssueotuu</strong></span> <span class='ocrx_word' id='word_1_313' title='bbox 1452 3307 1453 3316; x_wconf 8' lang='grc' dir='ltr'>ἵ</span> 
     </span>
     <span class='ocr_line' id='line_1_35' title="bbox 205 3329 1453 3420; baseline -0.016 -17"><span class='ocrx_word' id='word_1_314' title='bbox 205 3333 461 3407; x_wconf 85' lang='lat' dir='ltr'><strong>beneficentiae,</strong></span> <span class='ocrx_word' id='word_1_315' title='bbox 481 3331 611 3402; x_wconf 86' lang='lat' dir='ltr'><strong>divitiis</strong></span> <span class='ocrx_word' id='word_1_316' title='bbox 636 3353 704 3402; x_wconf 93' lang='lat' dir='ltr'><strong>non</strong></span> <span class='ocrx_word' id='word_1_317' title='bbox 729 3353 829 3403; x_wconf 87' lang='lat' dir='ltr'><strong>secus</strong></span> <span class='ocrx_word' id='word_1_318' title='bbox 852 3345 955 3420; x_wconf 88' lang='lat' dir='ltr'><strong>atque</strong></span> <span class='ocrx_word' id='word_1_319' title='bbox 978 3331 1045 3402; x_wconf 89' lang='lat' dir='ltr'><strong>alto</strong></span> <span class='ocrx_word' id='word_1_320' title='bbox 1062 3333 1194 3404; x_wconf 87' lang='lat' dir='ltr'><strong>fluento</strong></span> <span class='ocrx_word' id='word_1_321' title='bbox 1217 3333 1279 3404; x_wconf 89' lang='lat' dir='ltr'><strong>alio</strong></span> <span class='ocrx_word' id='word_1_322' title='bbox 1296 3329 1408 3400; x_wconf 72' lang='lat' dir='ltr'><strong>derivate.</strong></span> <span class='ocrx_word' id='word_1_323' title='bbox 1432 3363 1453 3407; x_wconf 61' lang='lat'><strong>„</strong></span> 
     </span>
    </p>

    <p class='ocr_par' dir='ltr' id='par_1_4' title="bbox 203 3421 1453 4400">
     <span class='ocr_line' id='line_1_36' title="bbox 249 3421 1453 3514; baseline -0.002 -20"><span class='ocrx_word' id='word_1_324' title='bbox 249 3425 267 3508; x_wconf 67' lang='grc' dir='ltr'><strong>ἕ</strong></span> <span class='ocrx_word' id='word_1_325' title='bbox 291 3425 331 3494; x_wconf 77' lang='grc'><strong>8.</strong></span> <span class='ocrx_word' id='word_1_326' title='bbox 359 3427 429 3492; x_wconf 90' lang='lat' dir='ltr'><strong>Non</strong></span> <span class='ocrx_word' id='word_1_327' title='bbox 456 3422 538 3490; x_wconf 86' lang='lat' dir='ltr'><strong>haec</strong></span> <span class='ocrx_word' id='word_1_328' title='bbox 554 3433 669 3490; x_wconf 91' lang='lat' dir='ltr'><strong>autem</strong></span> <span class='ocrx_word' id='word_1_329' title='bbox 687 3422 734 3490; x_wconf 92' lang='lat' dir='ltr'><strong>ita</strong></span> <span class='ocrx_word' id='word_1_330' title='bbox 750 3422 970 3512; x_wconf 84' lang='lat' dir='ltr'><strong>gerebantur,</strong></span> <span class='ocrx_word' id='word_1_331' title='bbox 990 3434 1028 3491; x_wconf 93' lang='lat' dir='ltr'><strong>ut</strong></span> <span class='ocrx_word' id='word_1_332' title='bbox 1056 3421 1231 3511; x_wconf 92' lang='lat' dir='ltr'><strong>imprimis</strong></span> <span class='ocrx_word' id='word_1_333' title='bbox 1246 3423 1296 3514; x_wconf 88' lang='lat' dir='ltr'><strong>pia</strong></span> <span class='ocrx_word' id='word_1_334' title='bbox 1314 3424 1409 3514; x_wconf 72' lang='lat' dir='ltr'><strong>tmpea·</strong></span> <span class='ocrx_word' id='word_1_335' title='bbox 1452 3455 1453 3492; x_wconf 89' lang='lat' dir='ltr'><strong>t</strong></span> 
     </span>
     <span class='ocr_line' id='line_1_37' title="bbox 205 3488 1453 3617; baseline -0.013 -39"><span class='ocrx_word' id='word_1_336' title='bbox 205 3523 269 3578; x_wconf 85' lang='lat' dir='ltr'><strong>trix</strong></span> <span class='ocrx_word' id='word_1_337' title='bbox 294 3509 448 3580; x_wconf 78' lang='lat' dir='ltr'><strong>lerina*</strong></span> <span class='ocrx_word' id='word_1_338' title='bbox 469 3530 535 3578; x_wconf 92' lang='lat' dir='ltr'><strong>non</strong></span> <span class='ocrx_word' id='word_1_339' title='bbox 562 3509 645 3579; x_wconf 89' lang='lat' dir='ltr'><strong>haee</strong></span> <span class='ocrx_word' id='word_1_340' title='bbox 677 3510 847 3600; x_wconf 89' lang='lat' dir='ltr'><strong>acceperit</strong></span> <span class='ocrx_word' id='word_1_341' title='bbox 863 3509 1061 3580; x_wconf 90' lang='lat' dir='ltr'><strong>auditione:</strong></span> <span class='ocrx_word' id='word_1_342' title='bbox 1091 3509 1151 3580; x_wconf 88' lang='lat' dir='ltr'><strong>sed</strong></span> <span class='ocrx_word' id='word_1_343' title='bbox 1172 3511 1216 3580; x_wconf 92' lang='lat' dir='ltr'><strong>ad</strong></span> <span class='ocrx_word' id='word_1_344' title='bbox 1240 3531 1304 3582; x_wconf 87' lang='lat' dir='ltr'><strong>eam</strong></span> <span class='ocrx_word' id='word_1_345' title='bbox 1322 3500 1407 3594; x_wconf 82' lang='lat' dir='ltr'><strong>quiden</strong></span> <span class='ocrx_word' id='word_1_346' title='bbox 1431 3488 1453 3617; x_wconf 52' lang='lat'><strong>1,</strong></span> 
     </span>
     <span class='ocr_line' id='line_1_38' title="bbox 205 3597 1453 3690; baseline -0.002 -25"><span class='ocrx_word' id='word_1_347' title='bbox 205 3598 266 3668; x_wconf 90' lang='lat' dir='ltr'><strong>diu</strong></span> <span class='ocrx_word' id='word_1_348' title='bbox 283 3612 361 3669; x_wconf 87' lang='lat' dir='ltr'><strong>ante</strong></span> <span class='ocrx_word' id='word_1_349' title='bbox 382 3610 581 3690; x_wconf 89' lang='lat' dir='ltr'><strong>pervenerat</strong></span> <span class='ocrx_word' id='word_1_350' title='bbox 595 3597 689 3668; x_wconf 89' lang='lat' dir='ltr'><strong>fama</strong></span> <span class='ocrx_word' id='word_1_351' title='bbox 704 3620 822 3670; x_wconf 88' lang='lat' dir='ltr'><strong>eorum</strong></span> <span class='ocrx_word' id='word_1_352' title='bbox 842 3597 1091 3689; x_wconf 85' lang='lat' dir='ltr'><strong>philosophiae,</strong></span> <span class='ocrx_word' id='word_1_353' title='bbox 1111 3599 1256 3671; x_wconf 89' lang='lat' dir='ltr'><strong>ducebat</strong></span> <span class='ocrx_word' id='word_1_354' title='bbox 1269 3603 1409 3688; x_wconf 57' lang='lat' dir='ltr'><strong>operaept2</strong></span> <span class='ocrx_word' id='word_1_355' title='bbox 1452 3633 1453 3674; x_wconf 62' lang='lat' dir='ltr'><strong>t</strong></span> 
     </span>
     <span class='ocr_line' id='line_1_39' title="bbox 206 3687 1453 3784; baseline -0.01 -27"><span class='ocrx_word' id='word_1_356' title='bbox 206 3688 291 3757; x_wconf 91' lang='lat' dir='ltr'><strong>tium</strong></span> <span class='ocrx_word' id='word_1_357' title='bbox 317 3687 395 3758; x_wconf 93' lang='lat' dir='ltr'><strong>illos</strong></span> <span class='ocrx_word' id='word_1_358' title='bbox 419 3701 451 3758; x_wconf 91' lang='lat' dir='ltr'><strong>et</strong></span> <span class='ocrx_word' id='word_1_359' title='bbox 468 3687 582 3758; x_wconf 86' lang='lat' dir='ltr'><strong>videre</strong></span> <span class='ocrx_word' id='word_1_360' title='bbox 602 3699 634 3756; x_wconf 91' lang='lat' dir='ltr'><strong>et</strong></span> <span class='ocrx_word' id='word_1_361' title='bbox 658 3687 778 3758; x_wconf 89' lang='lat' dir='ltr'><strong>audire</strong></span> <span class='ocrx_word' id='word_1_362' title='bbox 799 3687 963 3770; x_wconf 88' lang='lat' dir='ltr'><strong>dicentes,</strong></span> <span class='ocrx_word' id='word_1_363' title='bbox 990 3699 1023 3757; x_wconf 86' lang='lat' dir='ltr'><strong>et</strong></span> <span class='ocrx_word' id='word_1_364' title='bbox 1048 3687 1168 3759; x_wconf 89' lang='lat' dir='ltr'><strong>multis</strong></span> <span class='ocrx_word' id='word_1_365' title='bbox 1194 3689 1408 3784; x_wconf 75' lang='lat' dir='ltr'><strong>precibusne·</strong></span> <span class='ocrx_word' id='word_1_366' title='bbox 1452 3717 1453 3762; x_wconf 52' lang='lat' dir='ltr'><strong>t</strong></span> 
     </span>
     <span class='ocr_line' id='line_1_40' title="bbox 206 3776 1453 3867; baseline -0.005 -23"><span class='ocrx_word' id='word_1_367' title='bbox 206 3776 301 3847; x_wconf 89' lang='lat' dir='ltr'><strong>sebat</strong></span> <span class='ocrx_word' id='word_1_368' title='bbox 327 3777 507 3848; x_wconf 84' lang='lat' dir='ltr'><strong>Melanam.</strong></span> <span class='ocrx_word' id='word_1_369' title='bbox 534 3781 629 3847; x_wconf 81' lang='lat' dir='ltr'><strong>Tune</strong></span> <span class='ocrx_word' id='word_1_370' title='bbox 650 3789 763 3848; x_wconf 90' lang='lat' dir='ltr'><strong>autem</strong></span> <span class='ocrx_word' id='word_1_371' title='bbox 788 3789 939 3867; x_wconf 92' lang='lat' dir='ltr'><strong>tempore</strong></span> <span class='ocrx_word' id='word_1_372' title='bbox 962 3797 1101 3867; x_wconf 89' lang='lat' dir='ltr'><strong>quoque</strong></span> <span class='ocrx_word' id='word_1_373' title='bbox 1125 3777 1229 3849; x_wconf 89' lang='lat' dir='ltr'><strong>dante</strong></span> <span class='ocrx_word' id='word_1_374' title='bbox 1252 3783 1407 3848; x_wconf 77' lang='lat' dir='ltr'><strong>occasioned·</strong></span> <span class='ocrx_word' id='word_1_375' title='bbox 1452 3807 1453 3852; x_wconf 62' lang='lat' dir='ltr'><strong>t</strong></span> 
     </span>
     <span class='ocr_line' id='line_1_41' title="bbox 205 3861 1453 3957; baseline 0.002 -23"><span class='ocrx_word' id='word_1_376' title='bbox 205 3865 300 3936; x_wconf 90' lang='lat' dir='ltr'><strong>illam</strong></span> <span class='ocrx_word' id='word_1_377' title='bbox 327 3887 453 3957; x_wconf 90' lang='lat' dir='ltr'><strong>magno</strong></span> <span class='ocrx_word' id='word_1_378' title='bbox 481 3865 596 3936; x_wconf 91' lang='lat' dir='ltr'><strong>studio</strong></span> <span class='ocrx_word' id='word_1_379' title='bbox 620 3866 770 3947; x_wconf 90' lang='lat' dir='ltr'><strong>vocavit;</strong></span> <span class='ocrx_word' id='word_1_380' title='bbox 801 3865 861 3936; x_wconf 91' lang='lat' dir='ltr'><strong>illa</strong></span> <span class='ocrx_word' id='word_1_381' title='bbox 890 3887 969 3936; x_wconf 90' lang='lat' dir='ltr'><strong>vero</strong></span> <span class='ocrx_word' id='word_1_382' title='bbox 995 3866 1065 3935; x_wconf 89' lang='lat' dir='ltr'><strong>ivit.</strong></span> <span class='ocrx_word' id='word_1_383' title='bbox 1100 3867 1162 3936; x_wconf 89' lang='lat' dir='ltr'><strong>Sed</strong></span> <span class='ocrx_word' id='word_1_384' title='bbox 1188 3889 1271 3955; x_wconf 88' lang='lat' dir='ltr'><strong>quae</strong></span> <span class='ocrx_word' id='word_1_385' title='bbox 1291 3861 1408 3935; x_wconf 78' lang='lat' dir='ltr'><strong>extiterat</strong></span> <span class='ocrx_word' id='word_1_386' title='bbox 1452 3905 1453 3936; x_wconf 92' lang='lat' dir='ltr'><strong>t</strong></span> 
     </span>
     <span class='ocr_line' id='line_1_42' title="bbox 206 3949 1453 4113; baseline 0 -89"><span class='ocrx_word' id='word_1_387' title='bbox 206 3969 284 4025; x_wconf 90' lang='lat' dir='ltr'><strong>ante</strong></span> <span class='ocrx_word' id='word_1_388' title='bbox 300 3974 418 4025; x_wconf 90' lang='lat' dir='ltr'><strong>eorum</strong></span> <span class='ocrx_word' id='word_1_389' title='bbox 437 3953 728 4045; x_wconf 89' lang='lat' dir='ltr'><strong>congressionem,</strong></span> <span class='ocrx_word' id='word_1_390' title='bbox 755 3955 865 4025; x_wconf 91' lang='lat' dir='ltr'><strong>satius</strong></span> <span class='ocrx_word' id='word_1_391' title='bbox 891 3967 943 4026; x_wconf 89' lang='lat' dir='ltr'><strong>est</strong></span> <span class='ocrx_word' id='word_1_392' title='bbox 971 3976 1082 4113; x_wconf 69' lang='lat' dir='ltr'><strong>pauca</strong></span> <span class='ocrx_word' id='word_1_393' title='bbox 1111 3977 1152 4025; x_wconf 85' lang='lat' dir='ltr'><strong>ex</strong></span> <span class='ocrx_word' id='word_1_394' title='bbox 1182 3956 1226 4026; x_wconf 87' lang='lat' dir='ltr'><strong>iis</strong></span> <span class='ocrx_word' id='word_1_395' title='bbox 1247 3954 1349 4027; x_wconf 87' lang='lat' dir='ltr'><strong>audire.</strong></span> <span class='ocrx_word' id='word_1_396' title='bbox 1367 3949 1409 4014; x_wconf 75' lang='lat' dir='ltr'><strong>tat</strong></span> <span class='ocrx_word' id='word_1_397' title='bbox 1452 3977 1453 4024; x_wconf 81' lang='lat' dir='ltr'><strong>t</strong></span> 
     </span>
     <span class='ocr_line' id='line_1_43' title="bbox 203 4037 1408 4132; baseline -0.005 -20"><span class='ocrx_word' id='word_1_398' title='bbox 203 4042 343 4130; x_wconf 88' lang='lat' dir='ltr'><strong>quidem</strong></span> <span class='ocrx_word' id='word_1_399' title='bbox 368 4043 452 4113; x_wconf 89' lang='lat' dir='ltr'><strong>bace</strong></span> <span class='ocrx_word' id='word_1_400' title='bbox 477 4042 529 4112; x_wconf 82' lang='lat' dir='ltr'><strong>lex</strong></span> <span class='ocrx_word' id='word_1_401' title='bbox 553 4043 646 4132; x_wconf 90' lang='lat' dir='ltr'><strong>apud</strong></span> <span class='ocrx_word' id='word_1_402' title='bbox 663 4048 850 4125; x_wconf 88' lang='lat' dir='ltr'><strong>Romanos,</strong></span> <span class='ocrx_word' id='word_1_403' title='bbox 870 4055 909 4114; x_wconf 91' lang='lat' dir='ltr'><strong>ut</strong></span> <span class='ocrx_word' id='word_1_404' title='bbox 925 4043 1046 4114; x_wconf 91' lang='lat' dir='ltr'><strong>nulus</strong></span> <span class='ocrx_word' id='word_1_405' title='bbox 1066 4043 1118 4113; x_wconf 89' lang='lat' dir='ltr'><strong>vir</strong></span> <span class='ocrx_word' id='word_1_406' title='bbox 1135 4066 1199 4114; x_wconf 91' lang='lat' dir='ltr'><strong>nee</strong></span> <span class='ocrx_word' id='word_1_407' title='bbox 1217 4037 1359 4115; x_wconf 89' lang='lat' dir='ltr'><strong>mulierad</strong></span> <span class='ocrx_word' id='word_1_408' title='bbox 1371 4037 1408 4100; x_wconf 82' lang='lat' dir='ltr'><strong>ltt·</strong></span> 
     </span>
     <span class='ocr_line' id='line_1_44' title="bbox 205 4119 1453 4223; baseline 0.002 -25"><span class='ocrx_word' id='word_1_409' title='bbox 205 4145 396 4216; x_wconf 90' lang='lat' dir='ltr'><strong>peratorem</strong></span> <span class='ocrx_word' id='word_1_410' title='bbox 414 4141 473 4201; x_wconf 89' lang='lat' dir='ltr'><strong>aut</strong></span> <span class='ocrx_word' id='word_1_411' title='bbox 494 4132 749 4220; x_wconf 89' lang='lat' dir='ltr'><strong>Imperatrieem</strong></span> <span class='ocrx_word' id='word_1_412' title='bbox 776 4144 893 4223; x_wconf 91' lang='lat' dir='ltr'><strong>operto</strong></span> <span class='ocrx_word' id='word_1_413' title='bbox 917 4133 1028 4223; x_wconf 89' lang='lat' dir='ltr'><strong>capite</strong></span> <span class='ocrx_word' id='word_1_414' title='bbox 1058 4133 1244 4206; x_wconf 89' lang='lat' dir='ltr'><strong>accederet.</strong></span> <span class='ocrx_word' id='word_1_415' title='bbox 1262 4139 1298 4204; x_wconf 82' lang='lat' dir='ltr'><strong>lla</strong></span> <span class='ocrx_word' id='word_1_416' title='bbox 1317 4147 1370 4198; x_wconf 78' lang='lat' dir='ltr'><strong>rere</strong></span> <span class='ocrx_word' id='word_1_417' title='bbox 1386 4119 1408 4185; x_wconf 73' lang='lat' dir='ltr'><strong>lt·</strong></span> <span class='ocrx_word' id='word_1_418' title='bbox 1452 4159 1453 4200; x_wconf 78' lang='lat' dir='ltr'><strong>t</strong></span> 
     </span>
     <span class='ocr_line' id='line_1_45' title="bbox 205 4201 1453 4315; baseline 0.008 -33"><span class='ocrx_word' id='word_1_419' title='bbox 205 4217 396 4315; x_wconf 27' lang='lat' dir='ltr'><strong>gemlnibil</strong></span> <span class='ocrx_word' id='word_1_420' title='bbox 420 4241 560 4300; x_wconf 88' lang='lat' dir='ltr'><strong>curans,</strong></span> <span class='ocrx_word' id='word_1_421' title='bbox 588 4220 696 4290; x_wconf 88' lang='lat' dir='ltr'><strong>velata</strong></span> <span class='ocrx_word' id='word_1_422' title='bbox 721 4223 886 4304; x_wconf 82' lang='lat' dir='ltr'><strong>accessit,</strong></span> <span class='ocrx_word' id='word_1_423' title='bbox 917 4244 984 4292; x_wconf 93' lang='lat' dir='ltr'><strong>non</strong></span> <span class='ocrx_word' id='word_1_424' title='bbox 1015 4235 1241 4312; x_wconf 84' lang='lat' dir='ltr'><strong>tyrannorum</strong></span> <span class='ocrx_word' id='word_1_425' title='bbox 1268 4239 1359 4295; x_wconf 77' lang='lat' dir='ltr'><strong>mores,</strong></span> <span class='ocrx_word' id='word_1_426' title='bbox 1376 4201 1409 4310; x_wconf 63' lang='lat' dir='ltr'><strong>pl</strong></span> <span class='ocrx_word' id='word_1_427' title='bbox 1452 4225 1453 4292; x_wconf 82' lang='lat' dir='ltr'><strong>i</strong></span> 
     </span>
     <span class='ocr_line' id='line_1_46' title="bbox 206 4301 1453 4400; baseline -0.001 -34"><span class='ocrx_word' id='word_1_428' title='bbox 206 4301 303 4370; x_wconf 81' lang='lat' dir='ltr'><strong>Pauli</strong></span> <span class='ocrx_word' id='word_1_429' title='bbox 322 4304 429 4395; x_wconf 88' lang='lat' dir='ltr'><strong>legem</strong></span> <span class='ocrx_word' id='word_1_430' title='bbox 461 4307 607 4378; x_wconf 83' lang='lat' dir='ltr'><strong>maxime</strong></span> <span class='ocrx_word' id='word_1_431' title='bbox 632 4310 751 4380; x_wconf 89' lang='lat' dir='ltr'><strong>dicens</strong></span> <span class='ocrx_word' id='word_1_432' title='bbox 779 4325 935 4400; x_wconf 88' lang='lat' dir='ltr'><strong>oportere</strong></span> <span class='ocrx_word' id='word_1_433' title='bbox 966 4332 1189 4391; x_wconf 84' lang='lat' dir='ltr'><strong>conservare,</strong></span> <span class='ocrx_word' id='word_1_434' title='bbox 1222 4313 1274 4400; x_wconf 90' lang='lat' dir='ltr'><strong>qui</strong></span> <span class='ocrx_word' id='word_1_435' title='bbox 1297 4329 1344 4378; x_wconf 91' lang='lat' dir='ltr'><strong>non</strong></span> <span class='ocrx_word' id='word_1_436' title='bbox 1362 4305 1410 4370; x_wconf 85' lang='lat' dir='ltr'><strong>snt</strong></span> <span class='ocrx_word' id='word_1_437' title='bbox 1452 4337 1453 4382; x_wconf 54' lang='lat' dir='ltr'><strong>t</strong></span> 
     </span>
    </p>
   </div>
   <div class='ocr_carea' id='block_1_3' title="bbox 233 4421 1323 4490">
    <p class='ocr_par' dir='ltr' id='par_1_5' title="bbox 233 4421 1323 4490">
     <span class='ocr_line' id='line_1_47' title="bbox 233 4421 1323 4490; baseline 0.008 -23"><span class='ocrx_word' id='word_1_438' title='bbox 233 4421 246 4449; x_wconf 76' lang='grc'><strong><em>*</em></strong></span> <span class='ocrx_word' id='word_1_439' title='bbox 261 4425 369 4471; x_wconf 78' lang='lat' dir='ltr'><strong>Errarem</strong></span> <span class='ocrx_word' id='word_1_440' title='bbox 378 4441 471 4482; x_wconf 75' lang='lat' dir='ltr'><strong>censeo.</strong></span> <span class='ocrx_word' id='word_1_441' title='bbox 481 4433 566 4477; x_wconf 75' lang='lat' dir='ltr'><strong>vertar</strong></span> <span class='ocrx_word' id='word_1_442' title='bbox 576 4431 638 4476; x_wconf 84' lang='lat' dir='ltr'><strong>enim</strong></span> <span class='ocrx_word' id='word_1_443' title='bbox 649 4437 736 4480; x_wconf 79' lang='lat' dir='ltr'><strong>Leonte</strong></span> <span class='ocrx_word' id='word_1_444' title='bbox 746 4437 832 4489; x_wconf 66' lang='lat' dir='ltr'><strong>Muci,</strong></span> <span class='ocrx_word' id='word_1_445' title='bbox 840 4440 881 4490; x_wconf 89' lang='lat' dir='ltr'><strong>qut</strong></span> <span class='ocrx_word' id='word_1_446' title='bbox 892 4437 1008 4490; x_wconf 78' lang='lat' dir='ltr'><strong>imperare</strong></span> <span class='ocrx_word' id='word_1_447' title='bbox 1017 4441 1095 4490; x_wconf 80' lang='lat' dir='ltr'><strong>coepit</strong></span> <span class='ocrx_word' id='word_1_448' title='bbox 1105 4449 1167 4484; x_wconf 76' lang='lat' dir='ltr'><strong>anuo</strong></span> <span class='ocrx_word' id='word_1_449' title='bbox 1179 4437 1323 4488; x_wconf 63' lang='lat' dir='ltr'><strong>attexuisse</strong></span> 
     </span>
    </p>
   </div>
   <div class='ocr_carea' id='block_1_4' title="bbox 0 0 1472 4812">
    <p class='ocr_par' dir='ltr' id='par_1_6' title="bbox 0 0 1472 4812">
     <span class='ocr_line' id='line_1_48' title="bbox 0 0 1472 4812; baseline 0 0"><span class='ocrx_word' id='word_1_450' title='bbox 0 0 1472 4812; x_wconf 95' lang='lat' dir='ltr'><strong> </strong></span> 
     </span>
    </p>
   </div>
  </div>
 </body>
</html>
