2994 4832
266 262 328 326 too
615 279 655 324 na
679 278 707 324 s.
735 278 814 324 saca
838 277 908 324 aaa.
936 276 973 322 ar
997 275 1088 324 conr.
1346 258 1455 322 DEDD

220 383 288 432 non
322 362 440 432 multis
464 375 542 430 ante
566 359 688 430 diebus
716 360 759 429 de
784 361 859 449 ipso
890 359 1020 430 dictum
1047 359 1155 430 lucrat
1186 383 1205 428 a
1235 361 1328 430 Saba.
1356 360 1458 428 Deinde

220 451 362 538 quidam
388 451 522 538 exejus
548 449 744 530 comitibus,
773 449 911 518 nomine
938 450 1111 529 arsenius,
1141 448 1285 519 illustris
1307 449 1455 604 dignitate,

221 539 263 609 ad
285 539 371 610 falsa
386 537 560 628 fingenda.
586 549 620 606 et
638 537 917 608 confundendam
943 538 1115 606 veritatem
1133 537 1286 607 omnium
1304 559 1338 606 ca
1366 537 1458 606 idissi·
1483 553 1484 620 l

204 649 312 697 mus.
339 632 372 698 Is
389 649 468 695 cum
486 640 561 715 post
577 638 701 696 tetrum
725 625 857 696 Juliani
882 625 1055 696 interitum
1082 628 1229 696 venisset
1253 626 1457 695 Constantino·
1483 629 1484 692 l

221 715 341 804 polim,
357 727 389 784 et
401 716 600 784 accessisset
616 715 658 784 ad
684 719 942 804 Imperatorem,
957 727 990 784 et
1005 737 1082 783 cum
1103 715 1177 804 ipso
1192 727 1225 784 et
1240 715 1312 806 ejus
1326 714 1456 802 conjuge,
1483 697 1484 759 l

222 805 338 874 nescio
362 804 466 884 unde,
488 804 519 872 ei
537 825 660 893 magna
678 804 925 874 intercessisset
949 803 1189 884 familiaritas,
1219 803 1325 873 multa
1345 802 1457 889 quiden

223 892 318 974 dicit,
345 892 386 962 ad
405 915 565 982 magnam
590 904 704 962 autem
729 893 816 961 iram
841 913 899 960 eos
916 891 1071 960 accendit
1090 893 1254 962 adversus
1270 893 1458 961 Christianos.

224 982 284 1066 qui
301 994 398 1051 erant
414 983 448 1049 in
469 981 682 1061 Palaestina,
710 979 829 1050 dicens
848 1002 906 1050 eos
926 980 975 1050 vel
995 981 1142 1052 maxime
1159 980 1266 1052 fuisse
1285 993 1422 1050 auctores
1440 993 1462 1046 et

224 1091 347 1140 causas
364 1070 543 1141 seditionis
564 1069 869 1149 Samaritanorum,
891 1083 922 1138 et
938 1069 1063 1159 dignos
1079 1069 1283 1158 gravissimo
1307 1066 1459 1157 supplicio.

269 1161 288 1244 ξ
311 1165 385 1254 01.
412 1163 502 1228 Haec
524 1172 702 1247 postquam
733 1159 767 1227 in
797 1156 988 1228 Palaestina
1008 1157 1207 1228 renunciata
1231 1157 1324 1228 fuere
1346 1156 1461 1226 Patriar·

225 1249 321 1328 cbaa,
341 1267 420 1316 eum
440 1247 553 1318 statim
579 1247 672 1318 subit
696 1246 931 1316 misericordia
946 1267 1080 1325 eorum,
1099 1247 1159 1334 qui
1178 1245 1265 1316 falso
1284 1245 1461 1316 accusaban-

226 1347 299 1416 tur;
325 1347 357 1404 et
373 1335 540 1406 accedens
563 1335 606 1404 ad
632 1336 768 1405 beatum
796 1337 932 1416 Sabam,
958 1357 1037 1404 eum
1056 1335 1275 1404 vehementer
1290 1333 1417 1423 rogavit,
1439 1343 1463 1400 ut

227 1425 336 1495 abiret
359 1437 390 1494 et
410 1424 612 1514 fungeretur
628 1425 796 1516 legatione
819 1422 911 1513 apud
932 1427 1190 1512 Imperatorem,
1217 1437 1249 1493 et
1273 1423 1461 1513 excogitatam

227 1511 395 1582 refelleret
414 1513 649 1594 calumniam,
671 1527 704 1582 et
720 1512 929 1582 Christianos
954 1512 1114 1582 liberaret
1137 1535 1156 1581 a
1182 1511 1286 1582 tantis
1309 1509 1462 1602 periculis,

228 1601 315 1670 nibil
340 1601 433 1678 aliud
459 1601 617 1682 futuros,
645 1600 712 1670 nisi
737 1599 865 1670 diaboli
886 1601 1025 1691 linguae
1055 1601 1257 1689 trophaeum
1280 1614 1312 1671 et
1335 1596 1464 1688 improbi·

228 1691 318 1760 tatis.
345 1689 406 1760 llle
430 1703 542 1760 autem
571 1690 695 1779 paruit,
721 1701 753 1759 et
777 1688 873 1758 nullo
897 1689 1073 1759 inter'ecto
1089 1689 1211 1778 spatio,
1231 1691 1296 1760 iter
1311 1689 1413 1759 statim
1427 1705 1464 1754 ar·

227 1779 357 1868 ripuit:
384 1791 523 1866 eratque
539 1800 655 1848 revera
672 1789 804 1868 praeter
828 1777 931 1847 fidem
957 1711 1004 1859 iel,
1026 1779 1117 1865 quod
1138 1779 1353 1858 cernebatur,
1373 1792 1465 1861 nempe

227 1866 417 1947 hominem,
444 1867 556 1955 quiin
582 1880 649 1937 tam
677 1865 850 1936 imbecilla
879 1865 1017 1937 lababat
1040 1879 1225 1947 senectute,
1253 1879 1288 1938 et
1310 1887 1403 1954 quem
1423 1881 1466 1951 pat

227 1967 300 2025 erat
324 1955 359 2024 in
375 1955 460 2026 lecto
478 1977 514 2026 se
529 1956 635 2042 quieti
658 1954 793 2036 dedere,
813 1956 898 2024 citra
915 1972 1044 2026 moram
1068 1967 1201 2026 tantum
1219 1956 1285 2027 iter
1308 1955 1399 2032 inire,
1422 1949 1484 2063 roi-q

229 2045 322 2114 nime
347 2043 535 2126 cedentem,
568 2065 679 2132 neque
705 2043 811 2114 senile
838 2043 1019 2133 quippiam
1045 2056 1103 2114 aut
1123 2043 1347 2134 languidum,
1376 2059 1465 2110 renus·

228 2153 349 2203 eumve
374 2134 619 2203 sustinentem:
646 2131 703 2202 sed
730 2131 872 2220 perinde
893 2145 995 2220 atque
1011 2146 1119 2203 aetate
1135 2133 1250 2202 adhuc
1269 2134 1431 2224 vigentem.
1445 2137 1465 2192 ct

228 2243 393 2310 magnam
418 2221 571 2310 corporis
588 2220 856 2292 imbecillitatem
879 2221 1069 2292 vincentem
1087 2221 1187 2311 copia
1204 2222 1354 2312 prompti
1376 2230 1402 2288 et
1416 2215 1465 2312 ala-

229 2310 299 2377 eris
323 2309 443 2378 animi.
471 2315 553 2380 Cum
572 2308 644 2396 jam
671 2323 783 2378 autem
812 2309 1020 2399 pervenisset
1046 2310 1089 2380 ad
1116 2311 1287 2381 suburbia
1313 2314 1468 2404 Constanti·

229 2397 378 2486 nopolis,
398 2399 600 2487 imperatori
623 2398 764 2485 quidem
781 2397 998 2488 significatur
1021 2399 1211 2469 adventus:
1236 2411 1271 2468 et
1295 2401 1367 2489 ipse
1384 2405 1466 2466 stetin

223 2486 334 2556 mittit
358 2507 466 2556 unum
484 2508 523 2556 ex
535 2487 723 2575 juvenibus
741 2487 985 2576 Imperatoriis‚
1004 2499 1036 2556 et
1052 2487 1221 2574 quosdam
1245 2509 1287 2559 cx
1312 2487 1382 2558 suis
1398 2477 1469 2553 satel-

165 2591 169 2600 ’
230 2574 362 2655 litibus,
389 2574 573 2644 adventum
599 2575 694 2645 illius
719 2577 868 2645 maxime
891 2575 1077 2646 honorans.
1105 2575 1233 2646 Deinde
1255 2599 1322 2658 eo,
1346 2595 1409 2662 quo
1428 2587 1469 2660 pat

230 2676 314 2743 erat,
347 2662 511 2733 comitatu
536 2664 703 2753 stipatus,
730 2664 836 2734 Sabas
865 2664 907 2733 ad
934 2664 1049 2754 ipsum
1070 2663 1265 2734 deducitur.
1294 2662 1412 2736 Deinde
1430 2663 1470 2728 Pa·

231 2750 417 2820 triarcham
433 2773 570 2839 quoque
594 2753 839 2841 Epiphanium,
867 2764 899 2822 et
922 2752 1088 2841 quicquid
1112 2765 1184 2822 erat
1200 2753 1295 2844 apud
1314 2775 1351 2825 se
1368 2751 1468 2822 clarun

168 2879 170 2884 ·
230 2850 263 2907 et
279 2839 424 2920 illustre,
443 2841 577 2922 emittit,
594 2852 630 2909 ut
644 2842 675 2909 ci
693 2841 1074 2930 procedereutobviam.
1092 2846 1205 2928 Neque
1217 2843 1312 2912 enim
1330 2852 1470 2913 terreum

231 2938 264 2997 et
278 2928 497 2997 mundanum
515 2928 678 3019 aliquem,
698 2929 756 3000 sed
774 2943 948 3019 tamquam
973 2950 1083 3000 unum
1108 2952 1148 3000 ex
1171 2931 1318 3022 angelis,
1340 2942 1371 3000 et
1391 2927 1470 2996 cisen

232 3037 402 3106 supernae
418 3015 608 3086 Jerusalem
634 3039 669 3087 se
692 3018 853 3088 censebat
875 3018 1042 3105 accipere.
1065 3023 1173 3101 Quem
1191 3030 1371 3107 postquam
1387 3013 1470 3106 adhut

232 3105 351 3195 procul
379 3105 616 3196 procedentem
642 3107 779 3197 agnovit
798 3111 998 3196 Imperator,
1025 3105 1084 3178 ille
1107 3129 1243 3195 quoquc
1262 3108 1415 3178 cernebat
1431 3098 1472 3168 alr·

232 3193 317 3280 quid
342 3194 454 3263 simile
475 3195 518 3277 ei,
545 3194 636 3283 quod
659 3195 788 3264 viderat
810 3194 1020 3264 Anastasius.
1044 3196 1185 3267 Videbat
1204 3197 1300 3266 enim
1317 3189 1472 3284 quamdam

233 3304 395 3353 coronam
421 3283 496 3370 ejus
519 3284 624 3372 capiti
648 3284 862 3374 impositam,
892 3282 1040 3374 eleganti
1064 3285 1213 3372 quodam
1239 3284 1416 3375 splendore
1435 3275 1473 3344 dt

232 3384 397 3452 coratam,
416 3385 448 3440 et
466 3373 648 3442 micantem
667 3371 742 3442 luce
758 3373 872 3442 omnis
892 3373 1027 3462 generis
1043 3374 1246 3463 gratiarum.
1273 3374 1403 3443 visione
1416 3379 1473 3452 ergt

233 3465 302 3530 lter
326 3459 594 3550 obstupefactus,
617 3461 814 3530 ccatbedra
832 3462 991 3542 surrexit,
1011 3473 1042 3530 ct
1065 3484 1201 3534 sacrum
1217 3461 1306 3532 illud
1326 3469 1420 3550 caput
1439 3471 1475 3520 re·

234 3561 388 3620 verenter
411 3561 443 3620 et
471 3549 620 3620 'ucunde
642 3562 693 3620 est
718 3549 928 3639 complexus.
955 3549 1083 3619 Deinde
1106 3573 1188 3621 cum
1207 3549 1264 3620 ille
1283 3551 1327 3620 ab
1351 3571 1387 3619 eo
1402 3561 1474 3616 acte·-

235 3639 341 3724 pisset
364 3572 650 3719 benedictionem,
669 3637 777 3707 oravit
800 3650 838 3708 ut
858 3659 921 3706 sua
936 3659 1073 3726 quoque
1089 3639 1215 3729 conjux
1230 3651 1319 3712 essct
1339 3639 1406 3727 ejus
1419 3649 1477 3722 par·

234 3726 352 3816 ticeps.
376 3732 459 3797 Cum
477 3750 517 3796 ea
533 3740 648 3796 autem
665 3725 842 3807 adfuisset,
862 3726 1017 3796 adoravit
1035 3739 1068 3797 et
1088 3729 1232 3907 rogavit,
1258 3741 1296 3798 ut
1321 3727 1477 3798 solveretur

236 3813 356 3884 vitium
381 3817 456 3904 ejus
482 3815 635 3886 matricis
649 3815 736 3906 (erat
758 3816 851 3885 enim
869 3827 964 3905 patra
980 3816 1127 3886 sterilior
1146 3873 1154 3899 ,
1177 3830 1209 3887 et
1225 3829 1317 3886 uter
1334 3820 1477 3886 senatun

235 3913 349 4001 posset
363 3903 476 3973 videre
491 3904 602 3974 filium
616 3927 623 3971 :
639 3904 730 3990 quod
748 3904 887 3994 quidem
906 3904 965 3974 illa
979 3904 1090 3996 pluris
1104 3905 1259 3987 faciebat,
1272 3927 1374 3994 quam
1387 3902 1395 3969 i
1401 3911 1477 3989 psum

235 3991 433 4080 imperium.
453 3991 514 4062 Ille
534 4005 646 4064 autem
672 3992 715 4062 ad
745 3993 828 4064 llaec
848 4006 976 4073 tacens,
1004 3993 1115 4064 solum
1142 3993 1194 4063 illi
1215 3995 1431 4084 precabatur,
1451 3991 1479 4048 ut

236 4101 355 4168 sospes
379 4091 411 4148 et
434 4080 529 4150 salva
544 4093 632 4151 esset
648 4082 724 4170 ejus
746 4082 906 4171 potentia.
934 4083 995 4151 llla
1022 4104 1099 4153 vero
1125 4105 1247 4153 rursus
1263 4081 1414 4156 instabat,
1437 4089 1479 4160 pt·

236 4179 311 4234 tens
332 4188 449 4256 preces
466 4167 652 4240 liberorum
679 4171 935 4260 procreationis.
962 4170 1025 4240 llle
1048 4185 1161 4241 autem
1187 4171 1347 4264 pergebat
1366 4159 1478 4237 easdem

239 4275 362 4353 rursus
388 4277 503 4342 preces
527 4257 652 4340 dicere,
669 4271 702 4328 et
718 4272 833 4348 aperte
850 4281 930 4349 prae
954 4281 990 4328 se
1010 4259 1137 4330 screbat
1154 4283 1189 4330 sc
1207 4280 1361 4330 recusare
1377 4264 1484 4350 petere,

236 4362 279 4409 ne
293 4363 368 4430 ipsa
381 4343 475 4414 fieret
491 4359 597 4414 mater
613 4347 777 4418 filiorum.
794 4349 856 4418 Ubi
874 4370 951 4418 vero
966 4371 1045 4419 cum
1065 4349 1123 4420 illa
1143 4349 1207 4421 hoc
1225 4369 1323 4438 saepe
1338 4343 1476 4437 petiisset
