3046 4838
200 273 242 337 to
563 288 603 336 nr
627 287 853 336 s.rn1oiour.
879 287 1011 337 norror.
1287 271 1371 337 DEC.
1400 274 1414 336 t

155 376 229 466 ipse
251 373 427 465 diligebat,
444 384 478 443 et
493 373 657 444 omnibus
674 395 807 444 servare
833 373 1030 444 mandabat.
1056 372 1226 443 Eristehat
1244 373 1360 462 utique
1381 375 1418 443 in

154 465 288 535 cunctis
304 463 442 534 casibus
466 462 609 544 firmus,
632 463 816 552 omniaque
838 463 982 533 adversa
1004 463 1172 554 patienter
1193 462 1332 534 serebat.
1359 469 1421 534 Pe-

155 553 263 624 ricula
282 553 393 623 alienu
412 553 446 622 in
465 574 501 622 se
521 552 792 642 pertimescebat,
814 552 1030 641 aliorumque
1053 575 1165 634 cnsuS,
1183 573 1265 622 suos
1281 575 1354 622 esse
1370 553 1421 622 la-

154 665 260 730 queos
274 642 464 733 judicabat.
490 643 606 712 Finem
624 664 761 730 quoque
782 641 868 713 vitae
884 665 966 713 suae
983 641 1150 713 sollicitus
1165 641 1417 724 considerabat,

155 746 311 804 metuens
328 753 371 802 ne
394 753 430 802 se
454 745 629 821 tamquam
654 731 710 800 sur
731 731 815 802 hora
838 731 898 802 illa
919 732 1083 802 inermem
1101 731 1418 820 comprehenderet.

155 825 237 892 Cum
263 843 364 913 opere
390 821 492 892 etiam
525 821 661 891 lectioni
689 821 846 904 vacabat,
873 821 986 893 sciens
1012 821 1103 909 quod
1129 820 1272 890 lectione
1297 843 1422 891 sensus

154 926 346 1002 augentur,
374 923 406 980 et
429 909 622 982 intellectus
655 911 836 981 tribuitur:
863 923 895 980 et
917 908 1010 999 quod
1035 910 1133 981 lectio
1161 910 1301 992 doceat,
1334 911 1420 998 quid

154 1015 323 1071 caveatur.
344 1005 422 1070 Erat
442 1022 519 1070 vero
533 1021 614 1090 erga
628 1020 748 1070 omnes
765 999 919 1081 humilis,
941 999 1157 1088 nimiumque
1172 1000 1206 1069 in
1224 999 1422 1070 humilitate

154 1088 342 1161 fundatus:
366 1089 454 1159 nulli
477 1111 513 1160 se
536 1110 775 1179 praeponens,
803 1088 890 1159 nulli
915 1089 1126 1180 superiorem
1155 1111 1191 1159 se
1223 1089 1418 1180 deputans:

155 1180 267 1249 sciens
290 1191 323 1250 et
345 1178 444 1260 illud,
472 1179 554 1267 quia
570 1179 599 1248 si
615 1180 694 1268 quis
718 1178 867 1268 perlecta
890 1191 1070 1250 contentus
1084 1178 1187 1248 luerit
1210 1177 1418 1260 humilitate,

155 1268 293 1339 habebit
316 1289 356 1338 ex
379 1267 439 1338 illa
471 1268 639 1359 gloriam:
664 1279 698 1337 et
722 1283 850 1356 quanto
877 1268 955 1356 quis
980 1267 1144 1338 humilior
1174 1267 1298 1349 luerit,
1325 1280 1421 1338 tanto

155 1379 234 1428 eum
252 1356 395 1428 altitudo
416 1357 545 1447 gloriae
568 1371 740 1444 sequetur.
765 1357 918 1427 Habebat
940 1357 1031 1426 enim
1057 1369 1364 1447 temperamentum
1384 1359 1419 1426 in

155 1449 353 1538 prosperis,
387 1446 585 1536 patientiam
609 1447 644 1516 in
669 1444 843 1528 adversis,
876 1458 1093 1534 mentemque
1117 1469 1178 1516 nec
1203 1446 1329 1536 gaudio
1354 1467 1420 1518 nec

155 1558 308 1607 moerore
334 1558 354 1606 a
377 1536 500 1606 Christi
524 1556 678 1623 unquam
696 1557 811 1606 amore
834 1535 1024 1605 revocabat.
1050 1539 1256 1605 Irascentem
1281 1557 1421 1624 quoque

156 1626 318 1717 patientia
343 1623 539 1710 deliniebat,
564 1637 598 1694 et
621 1624 855 1695 blandimento
879 1624 1094 1696 iracundiam
1122 1623 1267 1696 furentis
1291 1637 1422 1716 tempe-

156 1714 262 1798 rabat,
281 1738 321 1785 ac
338 1715 388 1786 sic
404 1714 553 1784 alienam
577 1715 749 1784 miseriam
777 1726 951 1805 tamquam
974 1734 1070 1784 suam
1098 1713 1247 1804 lugebat.
1271 1719 1420 1802 Eratque

154 1805 185 1874 ei
202 1805 237 1874 in
254 1825 375 1896 gressu
392 1803 608 1905 simplicitas
630 1803 664 1872 in
706 1816 781 1874 estu
796 1803 955 1895 gravitas,
984 1803 1018 1872 in
1038 1815 1133 1874 motu
1151 1803 1293 1894 puritas,
1313 1804 1347 1872 in
1367 1806 1422 1874 in-

154 1915 255 1965 cessu
271 1894 442 1975 honestas,
459 1915 493 1962 rn
507 1893 640 1995 jejunio
652 1827 818 1965 hilaritas.
838 1893 980 1962 Animus
992 1892 1083 1962 enim
1100 1894 1174 1982 ejus
1190 1893 1225 1962 in
1241 1893 1422 1964 modestis-

155 1984 243 2054 simo
266 1983 419 2086 corporis
442 1982 562 2053 habitu
581 1984 781 2073 apparebat.
813 1987 890 2053 Erat
908 1983 1008 2052 etiam
1036 2003 1160 2071 parcas
1185 1982 1218 2050 io
1237 2004 1419 2064 sermone,

154 2071 305 2144 blandus
329 2095 362 2142 in
385 2071 533 2160 eloquio.
558 2073 714 2153 Tristem,
743 2073 919 2158 immoque
942 2071 1125 2153 dolentem,
1146 2069 1240 2142 dulci
1260 2071 1420 2142 consola-

154 2162 257 2234 batur
283 2163 400 2233 affatu.
427 2167 497 2233 Hoc
521 2159 712 2252 proferebat
734 2183 774 2232 er
803 2160 915 2243 labiis,
943 2161 1033 2248 quod
1054 2173 1201 2232 mentem
1225 2160 1423 2232 aedificaret

154 2252 338 2335 audientis,
354 2251 525 2341 fiebatque
540 2251 615 2342 ejus
631 2272 743 2322 sermo
758 2250 1001 2341 exspectationi
1018 2250 1187 2320 Ecclesiae
1204 2249 1310 2321 utilis.
1328 2251 1421 2321 Nihil

155 2341 246 2411 enim
279 2363 319 2412 ex
349 2341 512 2413 omnibus
541 2363 628 2429 quae
658 2341 784 2431 egisset
809 2339 931 2420 bonis,
969 2339 1098 2411 meritis
1123 2341 1194 2411 suis
1221 2339 1419 2423 tribuebat,

155 2430 312 2518 nihilque
335 2431 369 2499 in
391 2430 522 2500 viribus
547 2431 621 2500 suis
649 2451 800 2518 unquam
833 2427 1092 2519 praesumebat:
1119 2429 1176 2498 sed
1192 2443 1302 2498 ¹omne
1331 2451 1423 2520 opus

156 2541 257 2589 suum
272 2517 314 2588 ad
328 2523 441 2610 Deum
458 2541 593 2610 semper
609 2519 798 2601 conferens,
817 2519 849 2586 ia
868 2517 1002 2588 cunctis
1014 2517 1148 2587 actibus
1163 2517 1238 2608 ejus
1250 2518 1420 2588 auxilium

154 2607 372 2697 implorabat.
399 2613 528 2678 Bonum
555 2607 645 2696 quod
671 2608 859 2688 didicerat,
886 2606 1027 2676 docebat
1043 2615 1057 2674 :¹
1078 2607 1178 2677 verba
1203 2619 1314 2678 tamen
1340 2630 1424 2698 ope-

156 2696 253 2767 ribus
278 2696 519 2787 praecedebat:
557 2697 668 2767 sciens
699 2719 767 2768 non
800 2719 875 2768 esse
898 2694 1000 2766 laude
1030 2696 1173 2786 dignum
1205 2697 1296 2784 quod
1324 2697 1424 2768 docet

154 2785 245 2943 puis,
273 2786 339 2855 nisi
363 2786 464 2856 dietis
487 2785 576 2856 lacta
598 2785 834 2874 conjunxerit;
861 2785 918 2855 sed
946 2785 1059 2876 potius
1085 2785 1115 2854 si
1138 2786 1230 2944 pund
1251 2785 1359 2868 docet,
1390 2798 1421 2856 et

168 2875 245 2956 ecit,
268 2886 350 2945 tuno
363 2875 546 2946 habebitur
569 2874 751 2964 gloriosus.
773 2875 867 2945 Unde
892 2887 924 2944 et
943 2874 1122 2964 Apostolus
1167 2874 1246 2944 icit:
1264 2881 1322 2956 Ne,
1345 2899 1423 2944 ciam

154 2966 235 3034 aliis
256 2965 534 3055 praedicaverim,
561 2967 631 3056 ipso
654 2967 809 3057 reprobus
826 2965 953 3055 efficior
970 2965 1018 3054 (l.
1037 2964 1082 3034 od
1107 2968 1179 3035 Cor.
1200 2963 1256 3054 rx).
1281 2969 1421 3034 Hostem

154 3066 328 3144 praeterea
346 3053 553 3124 invisibilem
569 3053 783 3125 orationibus
799 3067 831 3124 et
846 3053 1006 3145 precibus
1021 3053 1183 3143 repellere
1196 3053 1327 3144 jugiter
1340 3075 1423 3124 con-

155 3142 324 3224 tendebat,
348 3164 509 3234 pugnuns
537 3165 605 3224 ore,
636 3165 703 3213 non
733 3143 871 3234 gladio:
897 3142 1121 3224 orationihus,
1151 3164 1215 3212 iton
1235 3142 1318 3214 telo:
1345 3165 1422 3234 pre-

153 3231 264 3314 cihus,
285 3255 352 3303 non
367 3232 464 3302 ferro.
485 3233 623 3304 Cunctis
637 3246 749 3302 autem
767 3233 901 3312 diebus,
920 3233 1054 3302 cunctis
1069 3231 1161 3301 horis
1177 3232 1232 3301 Dei
1245 3231 1423 3322 flagitabat

181 3322 392 3404 raesidium,
419 3333 458 3392 ut
485 3321 613 3414 dignus
638 3334 714 3412 post
746 3321 868 3414 mundi
901 3321 1011 3392 lucem
1039 3332 1152 3411 posset
1175 3323 1352 3411 pervenire
1376 3320 1420 3392 ad

153 3342 326 3482 bradam.
345 3416 411 3483 ltes
430 3410 655 3502 temporarias
674 3411 845 3482 tribuebat
860 3411 988 3502 egenis
1005 3421 1044 3479 ut
1059 3433 1120 3511 pro
1139 3409 1267 3479 eisdem
1291 3431 1420 3480 merca·

154 3513 248 3571 retur
264 3501 415 3591 paradisi
425 3500 578 3571 delicias.
597 3500 916 3589 Devitabatquidem
930 3499 1138 3590 superbiam,
1152 3499 1422 3590 amplectebatur

154 3589 404 3661 humilitatem:
432 3591 489 3660 uei
512 3611 648 3691 semper
670 3589 838 3660 auxilium
860 3611 996 3680 rogans,
1016 3587 1119 3660 finem
1136 3589 1266 3679 jugiter
1285 3589 1419 3660 felicem

155 3680 347 3768 postulans.
373 3680 456 3763 Quis
479 3681 570 3750 enim
589 3678 649 3748 nto
667 3692 817 3770 tempore
836 3678 1063 3749 humilitatem
1079 3677 1156 3766 ejus
1175 3699 1330 3762 cernens,
1351 3701 1418 3748 non

155 3770 313 3859 protinus
328 3772 644 3860 compungeretur?
667 3772 730 3838 hut
753 3768 832 3857 quis
848 3780 978 3838 amator
1003 3768 1275 3858 pecuniaeque
1299 3768 1421 3837 hunia-

153 3857 293 3928 nitatem
318 3881 359 3928 ac
376 3858 640 3950 parsimoniam,
668 3858 881 3928 devotionem
906 3879 1043 3946 quoquo
1070 3871 1102 3926 et
1124 3856 1277 3928 studium
1302 3857 1419 3948 adspi-

155 3947 274 4029 ciens,
305 3969 372 4017 non
400 3947 604 4018 admirando
631 3946 809 4018 confestim
840 3947 1119 4036 obstupesceret?
1142 3952 1225 4016 Nam
1254 3945 1416 4034 quicquid

153 4034 321 4106 bonorum
352 4038 385 4106 iu
407 4035 580 4127 principio
602 4036 765 4126 arripuit,
792 4035 969 4124 usquead
994 4035 1096 4105 finem
1119 4036 1205 4105 vitae
1232 4034 1339 4105 nullis
1363 4057 1421 4103 ne·

153 4126 255 4218 gotiis
278 4148 402 4217 passus
418 4137 469 4196 est
483 4125 656 4216 implicari
674 4149 681 4193 :
708 4125 765 4196 sed
793 4127 965 4216 integrum
981 4137 1013 4194 et
1028 4137 1185 4196 sanctum
1206 4126 1418 4226 propositum

153 4237 303 4296 servans,
330 4215 364 4284 in
386 4215 482 4286 nullo
499 4227 653 4304 coeptam
671 4214 825 4305 regulam
850 4215 1086 4285 commutavit.
1107 4215 1177 4284 Sub
1198 4213 1315 4284 babitu
1339 4214 1419 4283 alte-

152 4304 226 4375 rius
243 4325 378 4394 semper
393 4304 489 4374 alteri
506 4304 684 4374 militavit:
711 4316 743 4374 et
759 4303 924 4393 quicquid
951 4304 1076 4375 habere
1092 4303 1202 4395 potuit
1217 4304 1252 4372 in
1274 4302 1415 4382 mundo,

154 4393 284 4464 Christo
305 4393 445 4464 tradidit
462 4416 502 4464 ex
523 4405 601 4464 toto.
