2932 4812
22 284 91 350 ott.
117 285 160 349 29
326 302 364 350 nn
388 303 416 349 s.
443 299 551 348 rnotm
574 299 721 348 aeonum.
748 299 960 348 claruimus.
1173 285 1236 349 565

21 388 104 477 legis
120 385 302 476 dispersis.
325 386 433 457 lussit
453 397 567 456 autem
592 387 720 455 multos
740 384 912 454 introduci
942 405 1123 476 pauperes,
1142 399 1175 456 et
1199 407 1280 456 oum

19 477 75 544 illis
92 475 210 546 cibum
234 476 397 566 sumpsit.
425 480 544 545 Postea
563 473 663 564 jubet
683 473 750 544 sibi
778 473 904 544 lectum
927 476 1044 631 parari
1070 475 1103 544 in
1131 477 1280 545 oratorio

18 580 92 634 retro
115 564 235 644 altare,
256 577 432 651 tamquam
460 563 532 633 illic
556 575 629 633 tuto
648 562 842 649 quieturus
863 568 925 632 Pro
941 564 1044 633 undis
1068 576 1182 634 autem
1213 563 1279 632 im·

18 652 215 722 minantibus
242 655 393 724 tenebris
427 675 506 723 cum
532 651 670 722 duobus
700 651 865 723 fratribus
897 665 930 721 et
960 651 1090 722 lamulo
1122 651 1214 722 fideli
1240 673 1280 722 ex

16 742 88 811 urhe
109 763 274 832 egressus
298 755 360 822 est,
381 741 520 811 nemine
542 741 730 829 quicquam
758 743 956 830 suspicante
975 741 1017 811 de
1037 741 1157 811 habitu
1183 740 1279 810 illius

16 843 140 920 propter
163 830 386 920 largissimos
416 829 557 910 imbres,
586 841 620 900 et
644 829 821 919 hyemales
845 842 1074 918 tempestates.
1102 835 1164 899 Pro
1188 842 1280 901 certo

16 920 95 989 enim
122 919 307 1001 didicerat,
337 920 366 990 si
390 920 425 988 in
454 919 645 990 crastinum
676 917 767 988 diem
799 931 962 998 maneret,
985 919 1018 988 in
1039 940 1213 994 carcerem
1243 939 1280 988 se

16 1008 194 1094 coniectum
221 1009 279 1077 iri.
303 1013 385 1078 Pota
401 1029 479 1077 vero
505 1021 601 1078 nocte
618 1007 681 1075 iter
704 1027 824 1097 agens,
846 1028 969 1077 aurora
988 1007 1178 1099 prodeunte
1202 1006 1280 1076 Lin-

17 1097 149 1165 colniam
173 1098 282 1179 venit,
301 1097 364 1167 ubi
382 1107 512 1166 mutato
528 1108 561 1165 et
582 1095 702 1165 habitu
727 1107 760 1165 et
785 1097 924 1166 nomine
939 1096 1036 1185 (nam
1057 1096 1161 1166 frater
1177 1100 1280 1165 Dear-

17 1207 151 1256 mannus
167 1186 287 1256 dictus
302 1185 378 1274 est),
392 1185 459 1254 alio
477 1206 513 1254 se
530 1183 688 1264 contulit,
700 1184 906 1271 aliquandiu
921 1184 1060 1254 latitans
1076 1187 1111 1255 in
1128 1186 1278 1273 quodam

20 1271 95 1352 loco,
112 1295 209 1361 quem
238 1273 408 1345 Dominus
437 1285 555 1376 postea
581 1271 700 1343 multis
726 1272 903 1343 miraculis
927 1273 1122 1344 illustravit.
1153 1273 1280 1343 Deinde

20 1363 160 1433 noctibus
185 1361 388 1444 ambulans,
410 1362 533 1432 diebus
557 1361 762 1432 delitescens
782 1383 862 1432 oum
881 1362 967 1442 suis,
988 1363 1124 1432 tandem
1142 1362 1184 1432 ad
1204 1385 1281 1452 por-

20 1463 79 1518 tum
104 1453 299 1521 sanwicum
324 1451 341 1482 ⁴
372 1451 548 1541 pervenit:
579 1450 664 1532 ubi,
694 1451 729 1519 in
757 1450 915 1520 navicula
946 1451 1033 1521 mari
1062 1451 1277 1533 transmisso,

19 1552 140 1626 portum
165 1540 350 1630 publicum
372 1540 539 1621 devitans,
561 1539 594 1607 in
613 1560 753 1609 arenam
779 1561 816 1608 se
839 1539 963 1628 exponi
986 1539 1103 1610 voluit.
1124 1541 1280 1611 Festinus

19 1640 117 1696 autem
141 1650 202 1718 per
227 1651 370 1698 arenam
397 1629 607 1719 ingrediens,
630 1627 729 1696 humi
760 1627 936 1718 collapsus
960 1641 1029 1708 est,
1057 1628 1196 1698 insolita
1224 1651 1280 1700 ve·

20 1715 108 1785 stium
128 1732 160 1786 et
182 1717 382 1788 calceorum
404 1716 633 1788 crassitudine
663 1717 909 1806 praepeditus:
936 1729 968 1786 et
991 1717 1051 1804 qui
1076 1717 1178 1806 paulo
1202 1731 1281 1787 ante

21 1803 198 1875 abundarat
224 1807 346 1876 multis
374 1806 483 1894 equis,
505 1805 577 1894 jam
603 1805 657 1875 vix
690 1805 810 1875 habuit
831 1805 1029 1893 jumentum
1056 1805 1277 1883 vilissimum,

24 1891 110 1978 idque
134 1895 412 1976 conductitium,
443 1907 475 1964 et
503 1894 633 1980 absque
663 1893 759 1964 freno
782 1907 815 1962 et
837 1894 1013 1996 ephippio,
1040 1907 1078 1964 ut
1102 1895 1135 1962 in
1158 1893 1279 1964 Christi

23 1996 215 2067 paupertate,
234 1995 270 2052 et
294 1984 367 2074 ipse
384 1983 456 2072 jam
480 2004 611 2073 pauper
635 1981 747 2052 sactus
769 2003 829 2070 pro
853 1983 997 2065 Christo,
1019 1983 1186 2072 inciperet
1235 1981 1281 2051 lo·

22 2068 101 2139 riari.
122 2073 181 2143 Ubi
208 2073 253 2141 ad
281 2077 314 2142 S.
337 2072 570 2142 hudomarum
597 2071 631 2106 *³*
657 2085 795 2141 ventum
820 2084 892 2156 est,
917 2072 1065 2142 nobilem
1093 2005 1280 2158 quendam

22 2159 149 2247 anglum
177 2162 335 2242 offendit,
353 2162 413 2246 qui
440 2181 518 2229 eum
544 2181 747 2249 agnoscens,
767 2160 970 2230 hortabatur
996 2174 1035 2230 ut
1059 2160 1093 2228 in
1122 2159 1277 2250 ilngliam

26 2247 147 2328 rediret3
175 2250 235 2321 sed
259 2249 443 2319 recusavit.
469 2247 532 2318 lllo
557 2249 670 2320 minas
696 2248 895 2328 intentante,
923 2263 1063 2318 sanctus
1091 2249 1281 2339 Episcopus

28 2337 172 2408 acomite
196 2337 382 2408 Flandriae
411 2337 509 2462 petiit
533 2336 635 2406 fidem
668 2335 857 2426 publicam.
878 2337 940 2407 Sed
967 2337 1025 2408 illo
1049 2359 1186 2425 quoque
1215 2336 1281 2406 mi-

26 2437 119 2504 nante,
139 2427 370 2497 Parvanensis
394 2425 446 2460 Η
470 2425 630 2516 Episcopi
654 2424 783 2495 auxilio
806 2428 923 2497 evasit.

60 2514 163 2597 §st
194 2521 383 2603 Postquam
408 2527 521 2585 autem
554 2518 624 2584 Rex
656 2512 797 2614 angliae
828 2514 996 2606 comperit
1025 2534 1105 2584 eum
1133 2535 1150 2582 e
1175 2534 1281 2604 regno

22 2604 197 2686 excessisse,
217 2628 240 2676 a
265 2609 355 2694 Rege
380 2603 544 2674 Franciae
559 2602 630 2638 Ψ*
652 2603 760 2693 pettit,
780 2623 823 2672 ne
846 2623 926 2673 eum
944 2603 1070 2674 sineret
1090 2603 1125 2670 in
1151 2601 1281 2672 ditione

23 2709 73 2756 sua
89 2693 199 2784 recipi.
219 2699 290 2764 Rex
315 2694 478 2763 Franciae
502 2692 655 2782 primum
677 2691 853 2762 simulavit
869 2712 905 2761 se
925 2693 1058 2763 nescire
1077 2690 1160 2778 quid
1178 2690 1282 2782 legati

23 2776 140 2849 vellent.
167 2781 242 2854 Illis
259 2803 337 2851 vero
361 2779 570 2862 dicentibus,
588 2779 893 2871 Archiepiscopum
920 2781 1084 2850 Thomam
1105 2779 1223 2851 lurtim
1241 2801 1282 2850 ex

22 2867 128 2955 anglia
146 2892 181 2940 se
197 2869 408 2941 subduxisse
432 2869 521 2940 male
543 2869 621 2938 sibi
640 2869 832 2952 conscium,
853 2875 920 2940 Rex
944 2870 1014 2939 ait:
1042 2892 1060 2936 a
1085 2867 1166 2940 Novi
1192 2868 1280 2938 Tho-

22 2973 101 3024 mam
122 2959 438 3049 ¹lrchiepiscopum,
458 2959 529 3029 scio
548 2979 618 3046 qua
631 2957 712 3039 tide,
731 2979 811 3028 cum
830 2968 918 3028 esset
935 2957 1178 3040 cancellarius,
1196 2959 1280 3049 Regi

21 3045 146 3138 angliae
170 3049 335 3119 servierit:
363 3060 396 3118 et
418 3069 496 3117 ecce
520 3047 604 3118 haec
618 3047 649 3116 ei
670 3067 801 3118 merces
825 3045 1033 3129 refunditur,
1052 3059 1091 3117 ut
1115 3068 1177 3116 nec
1199 3067 1281 3118 cum
1325 3115 1327 3122 ,

24 3151 87 3216 ipso
111 3157 240 3224 pacem,
260 3158 322 3207 nec
342 3136 398 3206 hic
419 3135 616 3227 perfugium
642 3157 721 3206 eum
746 3135 901 3206 obtinere
924 3135 1026 3208 sinat.
1050 3136 1158 3226 Digna
1180 3135 1282 3225 plane

23 3238 148 3308 marceo,
166 3237 205 3296 ut
226 3248 332 3317 regno
356 3247 419 3296 suo
444 3225 599 3317 pulsum,
619 3226 721 3294 etiam
739 3225 773 3294 in
795 3223 909 3294 alieno
926 3236 1163 3314 persequatur.
1184 3247 1201 3290 o
1220 3227 1280 3304 Le,

25 3311 98 3404 gatis
119 3327 230 3385 autem
252 3337 330 3385 eum
363 3315 397 3382 in
426 3312 730 3403 arehiepiscopum
756 3334 972 3383 commovere
996 3312 1198 3393 nitentibus,
1219 3310 1279 3380 ille
1374 3331 1377 3336 ·

26 3409 63 3464 ait
82 3401 176 3471 etiam
201 3426 281 3474 cum
303 3402 583 3493 jurejurando:«
605 3404 639 3472 Si
663 3401 721 3472 ille
746 3402 830 3471 mihi
856 3402 903 3471 ita
927 3403 1150 3483 inserviisset,
1166 3398 1278 3470 haud-

25 3502 180 3574 quaquam
207 3493 364 3582 ingratus
378 3513 502 3572 essem3
529 3504 562 3562 et
586 3513 690 3572 nunc,
711 3491 740 3560 si
756 3492 878 3560 scirem
899 3491 1040 3562 ulllnam
1063 3491 1118 3571 sit,
1134 3489 1279 3559 festinus

26 3591 220 3674 occurrerem
248 3581 410 3651 venienti.
430 3585 570 3650 »Orant
594 3580 700 3670 igitur
724 3579 839 3669 legati,
858 3593 896 3650 ut
924 3585 1079 3651 Romano
1108 3577 1277 3659 Pontifici,

30 3663 148 3746 scribat,
164 3691 207 3739 ne
229 3671 331 3739 etiam
363 3669 463 3740 illu'm
488 3668 748 3739 circumveniat.
772 3669 836 3738 Sed
868 3668 938 3739 illis
961 3667 1181 3749 abeuntibus,
1210 3671 1280 3736 Rex

28 3751 145 3842 scripsit
167 3758 345 3839 Pontifici,
376 3772 415 3829 ut
438 3779 518 3828 eum
543 3769 686 3860 paterna
709 3757 892 3828 dilectione
920 3757 1187 3848 complectatur,
1217 3776 1279 3824 nec

30 3853 213 3932 quemquam
246 3847 367 3918 audiat
390 3859 509 3917 contra
537 3847 694 3934 Justitiae
725 3859 938 3916 sectatorem.
962 3850 1029 3916 Rex
1053 3843 1194 3946 angliae
1216 3842 1279 3912 ubi

31 3934 178 4026 cognovit,
196 3935 279 4024 quid
300 3936 463 4006 Franciae
482 3940 551 4005 Rex
569 3935 708 4006 nunciis
725 3935 798 4005 suis
816 3933 1059 4025 respondisset,
1075 3934 1168 4004 ilheo
1186 3931 1280 4032 misit

32 4011 195 4112 EPiscopos
218 4023 349 4112 aliquot
367 4037 401 4096 et
416 4025 508 4094 viros
525 4023 658 4094 nobiles
675 4045 715 4094 ac
731 4023 882 4094 celebres
898 4023 941 4092 ad
967 4045 1144 4094 summum
1166 4026 1279 4091 Ponti·
1368 4065 1373 4075 -

35 4095 125 4189 leem,
142 4123 179 4182 ut
200 4113 224 4182 ii
249 4117 281 4183 S·
301 4113 468 4184 Phomam
488 4124 748 4183 anteverterent.
765 4113 914 4183 Veniunt
930 4110 993 4194 illi,
1013 4124 1045 4182 et
1060 4123 1180 4202 argute
1197 4110 1282 4182 satis

59 4241 166 4339 :tssgtllleu
174 4256 291 4304 &namuh
299 4267 346 4298 non
356 4258 426 4307 longe
436 4266 450 4296 a
460 4255 613 4304 cmterbury,
623 4252 792 4297 celeberrimus
801 4257 858 4298 ollm
868 4263 958 4307 portua.

59 4347 91 4374 *aa
103 4303 339 4404 (ttfflsselssffiffw
348 4320 412 4351 nunc
422 4311 561 4353 Salat-omer
569 4311 728 4358 nuncupetur.

60 4399 101 4430 'm
112 4389 237 4458 Ludcvlcus
246 4376 431 4467 nujd‘iommu
441 4417 490 4460 vn.
500 4418 524 4459 lo
535 4417 655 4467 sceptrum
666 4414 744 4457 tenuit
754 4417 782 4458 ab
793 4426 853 4458 nuno
864 4415 916 4458 11³7
925 4425 1002 4468 noque
1012 4417 1043 4458 acl
1053 4425 1140 4458 sunum
1149 4416 1208 4456 1180.
