2954 4816
40 275 107 338 llllC.
131 276 170 340 25
419 295 458 340 nr
481 293 509 342 s.
535 293 711 342 anastasia
734 293 877 354 narrar
1173 279 1235 342 ill

36 379 187 464 parietem,
200 388 231 446 et
246 385 420 468 tamquam
432 381 543 448 oculos
556 401 620 448 non
637 379 792 460 habeant,
807 379 993 469 palpabunt
1004 379 1087 468 (lau.
1099 378 1175 468 err).
1190 379 1280 448 Talis

36 467 58 532 ei
79 487 191 536 murus
215 464 340 536 lirmus
363 480 396 535 et
411 465 546 537 validus
562 466 716 554 objectus
732 465 842 536 luerat
864 479 943 536 ante
960 467 1139 556 virginem.
1155 472 1281 550 Quam-

35 553 134 622 obrem
160 553 333 624 tumulum
351 555 385 624 in
403 555 519 625 orbem
545 555 766 635 circumiens,
787 555 957 641 mansita
981 555 1148 626 matutino
1173 579 1282 644 usque

34 642 67 710 ad
81 663 234 712 occasum
255 642 350 725 solis,
368 641 496 713 frustra
512 643 673 714 laborans
688 656 720 713 et
736 644 1001 714 circumerrans.

70 731 171 816 ἓίῧ.
200 731 342 800 Interim
360 759 361 766 ¹
378 743 491 802 autem
526 731 607 801 dum
644 731 728 802 haec
755 732 894 816 fiebunt,
918 731 1058 820 quidam
1083 754 1123 802 er
1151 734 1193 804 iis
1223 735 1283 822 qui

32 832 116 888 eraut
138 840 214 888 cum
232 841 285 900 eo,
304 819 473 890 militibus
487 842 606 891 arcum
625 819 778 910 dirigens
801 821 836 890 in
859 833 1056 912 martyrem,
1075 833 1108 890 et
1125 820 1281 912 jaculum

32 907 186 989 emittens,
205 907 316 997 ipsam
341 909 481 996 quidem
510 908 599 990 ferit,
621 913 684 980 lteo
708 909 926 981 concedente.
947 909 1009 980 Illa
1033 922 1146 980 autem
1173 910 1283 1000 passis

33 995 179 1066 manibus
203 1019 283 1066 cum
316 1019 351 1068 se
370 997 413 1067 ad
440 1019 558 1088 preces
585 998 857 1158 composuisset:
880 1021 898 1065 a
924 998 1038 1068 Gloria
1062 998 1134 1080 tibi,
1154 999 1283 1070 Christe

32 1087 121 1164 Deus,
137 1084 270 1166 ellatur,
296 1086 388 1172 quod
413 1109 481 1156 non
507 1086 619 1158 solum
643 1108 663 1156 a
711 1087 818 1178 impio
841 1087 949 1169 cultu,
968 1085 1027 1157 sed
1051 1087 1152 1158 etiam
1171 1109 1189 1157 a
1207 1087 1284 1175 qui-

31 1170 231 1243 busvisaliis
251 1175 413 1245 sordibus
438 1185 471 1245 et
494 1175 765 1262 inquinamentis
790 1199 844 1246 me
869 1198 989 1266 puram
1015 1177 1281 1258 conservaveris,

33 1273 63 1327 et
78 1283 131 1348 pro
147 1275 202 1332 tuo
219 1262 359 1334 nomine
375 1263 723 1334 decertare-volueris.
745 1287 763 1332 v
780 1269 862 1333 Cum
888 1265 937 1334 sic
954 1263 1105 1346 dixisset,
1124 1265 1158 1333 in
1177 1269 1283 1366 Ange·-

34 1347 132 1418 lorum
155 1373 282 1422 manus
311 1353 427 1424 emisit
450 1353 615 1422 animam.
646 1353 729 1440 Ejus
759 1365 872 1423 autem
903 1374 1046 1442 corpuS,
1073 1376 1152 1423 cum
1188 1353 1284 1424 illinc

32 1451 170 1509 remotus
193 1452 283 1511 esset
307 1445 436 1524 Comes,
468 1440 590 1512 tollens
613 1441 812 1522 Anastasia,
839 1441 1025 1532 unguentis
1050 1441 1227 1512 condltum
1253 1455 1286 1512 et

33 1525 134 1598 linteis
152 1528 341 1599 honorifice
360 1530 603 1620 compositum,
622 1529 726 1600 simul
743 1529 884 1620 deponit
899 1553 978 1600 cum
996 1531 1184 1613 sororibus,
1198 1553 1286 1618 quae

32 1613 155 1686 fuerant
177 1618 290 1688 sociae
313 1619 522 1690 certaminis.

69 1706 178 1790 5¹9.
209 1706 336 1776 Deinde
366 1707 408 1776 ad
445 1711 688 1798 Imperatorem
722 1705 968 1776 Diocletianum
1005 1705 1156 1777 delectur
1183 1708 1284 1778 etiarn

34 1805 149 1882 martyr
173 1795 365 1878 Theodoto,
391 1818 480 1884 quae
502 1809 576 1867 orta
599 1795 740 1886 quidem
770 1808 843 1866 erat
874 1817 914 1864 ex
943 1794 1121 1885 Bithyniae
1151 1795 1286 1866 civitate

35 1880 132 1976 h'icea,
152 1883 343 1954 Christiana
370 1896 483 1954 autem
509 1897 580 1954 erat
614 1883 790 1974 religione,
817 1885 907 1954 etin
932 1885 1009 1972 ejus
1038 1883 1109 1952 zelo
1129 1883 1284 1967 lerveus;

34 1971 192 2058 inquilina
212 1995 290 2042 vero
309 1987 381 2044 erat
408 1977 484 2062 ipsa
508 1994 645 2061 quoque
673 1994 751 2043 curn
777 1973 954 2043 Anastasia
977 1984 1009 2041 et
1036 1973 1146 2043 tribus
1170 1971 1288 2045 liboris

34 2057 63 2123 in
86 2059 290 2132 llacedonia.
317 2065 400 2132 Cum
428 2084 509 2152 ergo
530 2063 605 2152 ipsa
627 2083 764 2149 quoque
787 2083 823 2132 se
847 2061 988 2132 stitisset
1006 2073 1084 2130 ante
1102 2066 1288 2161 Imperato-

34 2167 107 2227 rem,
124 2148 266 2235 quidam
293 2151 431 2220 nomine
456 2149 656 2232 Leucadius,
682 2149 779 2219 valde
803 2161 925 2241 captus
948 2150 1024 2237 ejus
1055 2147 1287 2239 pulcritudine
1341 2242 1343 2246 ι

32 2235 220 2321 (eratenim
247 2237 414 2309 Theodote
436 2262 573 2328 quoque
596 2239 681 2311 lacie
706 2238 973 2327 venustissima),
996 2237 1213 2308 vehementer
1236 2239 1286 2306 in-

36 2323 133 2394 stabat
158 2324 255 2416 apud
279 2330 535 2417 Imperatorem,
564 2341 601 2398 ut
631 2328 850 2400 misereretur
872 2328 946 2486 ekus
976 2326 1232 2430 pulcritudinis,
1256 2340 1289 2397 et

36 2433 94 2480 uon
122 2415 169 2486 sic
195 2415 417 2486 immaturam
451 2418 606 2506 perderet
630 2416 778 2506 puellam
810 2416 889 2506 pulc
916 2416 1286 2508 errvmam..0noniam

33 2513 134 2571 autem
159 2524 200 2573 ea
225 2504 401 2593 petebatur
424 2505 466 2576 ad
485 2505 635 2597 nuptias,
654 2509 843 2595 Imperator
863 2504 987 2576 lubens
1011 2503 1105 2574 dedit
1133 2503 1286 2574 lubenti:

32 2589 240 2661 existimabat
264 2594 355 2664 enim
381 2593 462 2677 lore,
483 2605 520 2664 ut
539 2616 579 2664 ex
602 2594 678 2684 ejus
699 2594 859 2685 conjugio
883 2594 915 2664 ei
939 2593 1034 2664 lieret
1060 2592 1246 2750 diffunctio
1270 2615 1288 2663 a

33 2677 145 2750 Christi
163 2680 341 2770 religione.
360 2687 442 2752 Cum
466 2705 549 2774 ergo
563 2681 766 2754 Theodotem
788 2682 975 2773 accepisset
990 2686 1099 2751 Leuca
1126 2681 1192 2764 ius,
1206 2681 1289 2768 quid

33 2785 90 2834 non
117 2767 266 2849 dicebat,
286 2770 368 2857 quid
396 2793 461 2840 uon
489 2771 646 2852 faciebat,
665 2770 807 2841 studens
829 2771 860 2840 ei
884 2769 1101 2861 persuadere,
1129 2783 1168 2840 ut
1191 2771 1292 2840 casti·

32 2865 122 2924 tatem
149 2857 290 2944 quidem
315 2872 348 2929 et
369 2859 525 2949 pietatem
543 2861 577 2930 in
596 2859 766 2930 Christum
788 2859 971 2949 abjuraret:
991 2858 1158 2948 impietati
1175 2871 1289 2928 autem

32 2947 263 3028 assentiretur,
279 2959 311 3017 et
327 2947 376 3018 sic
393 2949 610 3018 matrimonio
626 2971 705 3018 cum
723 2969 763 3018 eo
779 2949 1072 3038 conjungeretur?

68 3035 85 3119 ἓ
111 3037 198 3106 2⁰.
215 3040 397 3122 Postquam
414 3059 492 3106 vero
508 3037 624 3107 lraeca
651 3056 712 3106 ens
733 3037 827 3107 visus
850 3049 900 3106 est
924 3036 957 3104 in
979 3056 1103 3122 aquam
1130 3036 1290 3117 scribere,

32 3131 58 3187 et
79 3143 203 3192 canere
227 3125 356 3205 inania,
383 3147 461 3194 cum
486 3137 600 3195 essent
628 3059 840 3225 hujusmodi,
860 3146 948 3212 quae
965 3124 997 3194 ei
1025 3123 1160 3194 dicebat
1187 3124 1296 3195 Theo-

32 3207 116 3278 dote:
137 3234 156 3278 «
178 3213 212 3281 Si
237 3235 331 3282 meas
350 3213 489 3301 quidem
504 3235 586 3304 opes
605 3235 705 3302 cupis
721 3224 754 3282 et
771 3214 946 3303 pecunias,
963 3224 995 3281 et
1011 3235 1065 3282 me
1084 3211 1160 3282 ideo
1177 3211 1294 3283 studes

32 3317 164 3370 uxorem
192 3299 330 3382 ducere,
349 3323 426 3372 ecee
450 3302 511 3372 tibi
535 3302 618 3372 cedo
634 3301 807 3383 omnihus,
827 3323 888 3391 pro
908 3300 1071 3372 omnibus
1095 3300 1223 3371 divitiis
1240 3323 1295 3371 so-

34 3383 95 3454 lum
121 3389 296 3460 Christum
323 3391 451 3460 sortita.
475 3391 532 3460 Sin
559 3402 671 3461 autem
697 3390 799 3462 etiam
824 3411 1023 3478 corpoream
1044 3411 1141 3458 amas
1165 3388 1293 3479 pulcri·

35 3475 196 3559 tudinem,
215 3480 307 3548 scias
331 3491 361 3550 te
387 3502 426 3550 ea
450 3501 577 3562 amare,
597 3501 685 3567 quae
716 3478 860 3549 omniuo
884 3477 958 3548 lieri
983 3490 1169 3565 nequeunt.
1195 3478 1296 3548 Prius

35 3565 115 3634 enim
144 3589 257 3638 meam
283 3566 442 3650 lormam,
461 3591 566 3656 qnam
586 3581 745 3649 mentem,
768 3568 964 3649 mutaveris,
981 3567 1118 3637 etiamsi
1142 3567 1296 3656 moigne

36 3663 63 3719 et
81 3653 184 3738 serro,
203 3669 236 3726 et
259 3657 423 3728 omnibus
446 3656 551 3728 simul
578 3656 837 3747 consumpseris
865 3655 1059 3747 suppliciis.
1088 3654 1188 3724 »Ubi
1212 3655 1295 3724 haec

36 3761 108 3830 ergo
130 3744 266 3815 audivit
290 3745 503 3827 Leucadius,
533 3745 697 3834 quoniam
726 3757 866 3836 paratus
894 3757 966 3814 erat
997 3765 1068 3814 una
1091 3765 1173 3840 cum.
1201 3765 1297 3844 egre-

38 3827 142 3902 diente
166 3835 259 3904 exire
282 3840 503 3925 Imperatore,
520 3834 614 3906 domi
638 3833 778 3921 quidem
801 3833 964 3920 relinquit
987 3831 1203 3903 Theodotem:
1225 3853 1298 3922 ipse

39 3937 108 3989 vero
130 3921 196 3992 iter
217 3937 269 3994 est
291 3923 494 4016 ingressus,
524 3922 714 3994 Theodotae
746 3923 920 4012 negotium
959 3942 1025 3991 non
1059 3921 1177 4020 leviter
1207 3921 1298 3990 etin

41 4009 178 4080 transitu
203 4012 419 4082 tractandum
444 4034 519 4084 esse
542 4012 693 4092 ducens,
720 4009 779 4081 sed
805 4010 837 4080 id
865 4031 1042 4080 reservans
1065 4009 1108 4080 ad
1133 4021 1240 4079 otium
1267 4021 1299 4080 et

41 4103 168 4193 tempus
191 4101 411 4170 conveniens.
439 4101 521 4170 Cum
546 4123 627 4190 ergo
653 4100 801 4170 relaxata
825 4098 946 4170 luisset
976 4097 1144 4170 Theodote
1159 4099 1225 4180 ,'et
1240 4097 1301 4198 ¹si·

44 4183 148 4255 milam
182 4189 217 4257 in
244 4190 367 4260 virtute
399 4201 431 4260 ct
459 4188 527 4260 fide
557 4190 804 4278 assumpsisset
826 4188 1063 4269 Anastasiam,
1091 4209 1161 4256 uua
1191 4188 1300 4256 animi
1375 4267 1379 4276 .

46 4267 208 4348 alacritate
242 4288 275 4348 et
298 4277 545 4360 consensione,
571 4291 603 4348 et
633 4278 734 4364 quasi
757 4277 1030 4367 conspiratione,
1064 4275 1206 4366 parique
1229 4275 1300 4346 zelo

50 4367 243 4454 peragebant
266 4365 404 4436 solitum
425 4389 566 4440 cursum
590 4366 723 4457 pietatis
742 4366 954 4448 Christianis,
974 4365 1085 4454 quiin
1103 4365 1300 4438 carceribus

115 4486 232 4544 surius
246 4515 259 4532 ·
280 4483 364 4546 Vitae
378 4482 428 4550 SS.
445 4516 459 4532 ·
474 4483 541 4547 tol.
556 4481 619 4547 llll.
1184 4482 1221 4542 27
