2920 4810
240 265 343 334 icti*
592 283 855 334 uanrunonociuu
878 285 1094 334 uuucsrnuruu
1222 266 1304 333 lidi.
1323 267 1358 331 ii
1374 284 1404 330 cr
1419 265 1442 328 lt

195 367 245 428 ubi
261 381 382 444 semper
395 367 532 430 omnium
561 367 688 445 pedibus
708 367 829 429 coricul·
857 367 941 428 nitus
983 367 1183 446 raescriptnm
1204 366 1340 436 habuere,
1360 377 1444 425 ursm-

195 455 328 522 caretnr‚
342 453 373 508 et
385 448 444 523 ipsa
457 445 513 507 loci
522 448 683 509 necessitas
692 455 827 523 cogeret,
856 445 936 508 hunt
956 383 1090 520 grumos,
1111 445 1142 506 S.
1160 447 1344 522 Augustinus
1364 443 1444 505 otin-

196 541 234 586 ne
251 541 385 604 unquam
400 528 431 587 in
453 525 553 604 aliona
575 527 751 588 reverentia
774 527 827 588 ira·
856 527 973 604 copias.
997 527 1105 604 Accipe
1119 524 1193 603 qnid
1217 527 1358 587 haeretica
1375 523 1443 585 lurco

196 605 259 668 beri
286 613 401 684 posset;
424 605 475 666 sed
501 620 577 683 grex
606 605 684 667 beati
707 605 826 666 Martini
857 604 1016 668 Theodora
1032 606 1167 683 Augusta
1189 604 1306 666 dederit
1319 607 1347 665 in
1361 604 1442 665 mania·

197 685 265 748 talia
282 701 342 746 non
358 685 466 756 lerens,
489 687 623 748 amicum
644 685 769 748 Domini
781 687 828 747 sui
858 686 895 745 tis
917 687 1082 748 Anthemio
1106 683 1261 758 Scriboni,
1290 699 1356 746 cum
1374 685 1441 744 dert-

195 766 232 826 de
246 763 311 826 loco
331 763 453 836 levavit,
468 771 499 826 et
517 765 601 827 edito
624 763 727 844 pnloro
743 761 827 827 Mau·
857 765 1090 842 piendolligilio
1102 763 1179 841 Papa
1190 763 1333 842 adipsum
1343 763 1438 846 surim

194 843 274 904 soleo
294 841 330 904 ad
345 843 442 905 leram
464 847 557 905 sancti
582 843 711 922 sepulcri
734 844 828 920 digna
858 844 930 906 iraec
945 846 1004 906 ait:
1019 844 1187 920 «Exceptis
1200 841 1438 914 omoiousioirs·

196 922 550 987 reverentiecoiicoauit.
574 922 827 986 dniitautemde-
856 923 912 986 lice
931 921 962 985 S.
983 923 1063 984 Petri
1084 939 1187 1000 parce:
1213 939 1287 986 nam
1307 924 1330 984 si
1346 925 1372 984 in
1388 921 1442 981 late·

194 1002 382 1080 oimopninto
402 1001 467 1065 Kal.
483 1003 671 1076 Decembris,
686 1003 829 1064 videlicet
857 1005 951 1076 ranis,
966 1008 1018 1066 aut
1039 1005 1071 1064 in
1087 1003 1213 1078 Palatio,
1235 1010 1291 1064 aut
1306 1003 1337 1065 in
1356 1000 1442 1081 quallis.

195 1085 272 1142 intre
303 1079 517 1145 Martinianum
540 1082 770 1157 hebdomadam,
794 1089 828 1143 ut
856 1083 979 1146 ecclesia
1002 1081 1335 1160 invenerisVigilium,
1350 1095 1441 1143 monn·

193 1159 415 1224 solemnitatem
439 1161 573 1236 Martini,
588 1178 679 1240 quam
707 1161 827 1238 niciam
857 1164 988 1240 positum
1010 1167 1080 1224 irari
1100 1163 1221 1303 perduc
1246 1177 1319 1223 enm
1339 1160 1441 1239 usqnsd

193 1247 353 1318 aegrotans
368 1241 519 1304 celebrare
533 1248 683 1320 coeperat,
699 1241 828 1304 Muttine
857 1258 911 1303 nos
926 1265 938 1298 ι
954 1248 1013 1304 elo.
1035 1239 1098 1314 Quo
1139 1247 1246 1303 antem
1267 1250 1376 1318 spectat
1386 1239 1438 1302 all

190 1321 324 1397 junctus,
341 1324 373 1382 in
388 1321 472 1384 coelo
493 1329 755 1386 consummarem
855 1321 943 1382 mina
982 1321 1208 1400 Apostolorum,
1239 1319 1372 1382 obtinuit
1400 1333 1443 1380 sm

855 1416 934 1480 nnus
957 1417 1039 1472 usus,
1056 1409 1089 1462 nt
1105 1417 1176 1478 prae
1191 1404 1364 1462 reuerentia
1381 1417 1404 1460 rr
1419 1413 1443 1455 r»⁴

291 1477 321 1540 S.
336 1477 531 1542 EUGENlUS
548 1477 726 1542 Cunrsssnn.
857 1479 959 1558 ligiosa
991 1481 1121 1559 quadam
1155 1480 1374 1551 obseruantia,
1401 1481 1443 1554 ips*

355 1585 446 1648 Circa
459 1601 579 1648 annum
599 1585 667 1648 424·
857 1557 1013 1634 Basilicas,
1036 1559 1157 1622 Limine
1171 1559 1383 1636 Apostolorum
1398 1573 1444 1616 se·

856 1647 980 1714 rentum
996 1641 1078 1701 unde
1089 1637 1276 1701 Claudianus
1286 1639 1325 1701 ad
1336 1639 1437 1702 laeuis:

233 1716 414 1780 Manrnnoc.
427 1753 464 1764 -
476 1717 649 1781 Florentiae
662 1720 759 1781 sancti
770 1717 828 1781 Eu·
857 1718 1041 1795 magistrum
1051 1719 1205 1798 cgnitum,
1216 1720 1280 1781 ait:

193 1813 272 1858 cnon
285 1796 485 1871 Conlessoris‚
501 1797 623 1860 Diaconi
641 1800 719 1860 beati
735 1799 828 1860 Zeno·

195 1875 235 1938 iii
249 1876 386 1954 ejusdem
400 1878 532 1940 civitatis
547 1878 693 1956 Episcopi.

234 1955 277 2016 lle
298 1956 327 2018 S.
351 1957 490 2032 Eugenio
511 1956 596 2034 plura
619 1957 776 2020 habentur
795 1959 827 2019 io
858 1957 892 2032 (Ε
907 1957 1030 2020 Baronii
1046 1957 1132 2021 Notis
1146 1957 1181 2020 nd
1200 1959 1358 2034 Martyrol.
1374 1959 1432 2019 lior.

194 2033 224 2097 S.
251 2035 376 2098 zenobii
405 2038 494 2109 Vita,
523 2052 600 2114 quae
636 2037 764 2099 nabetur
795 2037 826 2099 in

194 2115 281 2176 Scrii
295 2115 472 2178 nostriidol.
491 2133 519 2177 v.
671 2125 675 2134 ·
897 2118 1075 2179 Manrnnon.
1104 2149 1141 2162 —
1171 2117 1358 2182 Antiochiae
1385 2127 1445 2178 nats·-

909 1853 953 1892 Per
962 1849 1054 1893 cinereo
1068 1849 1142 1896 Psuli.
1159 1861 1203 1902 per
1213 1853 1270 1892 enni
1280 1853 1363 1894 limium
1374 1855 1421 1893 ism

856 2201 951 2259 sancti
967 2197 1089 2260 itonam
1109 2196 1267 2276 Martyris,
1288 2201 1343 2276 qni
1361 2207 1443 2271 temp*

233 2275 412 2338 Macrinus.
428 2307 465 2318 -
481 2275 514 2337 ln
531 2275 693 2338 Germania
708 2283 828 2339 sanciae
857 2276 967 2340 Galerii
985 2275 1189 2355 imperatoris,
1214 2294 1290 2340 cum
1307 2277 1445 2353 Asc-lepr‘·

193 2355 369 2417 Gnnrnunrs
397 2355 557 2433 Virginis,
579 2353 701 2418 Ordinis
730 2356 827 2417 sancti
856 2355 1025 2418 Praeleotus
1050 2359 1079 2416 in
1102 2353 1271 2418 Ecclesiam
1288 2361 1430 2432 irrumpes

194 2433 369 2510 Benedicti,
391 2450 469 2513 quae
496 2435 576 2497 donn
605 2435 828 2498 revelationum
856 2451 986 2514 eamque
1001 2435 1139 2496 fonditus
1159 2444 1331 2498 conaretur
1344 2446 1440 2498 erere:

191 2515 269 2576 clara
291 2515 406 2576 extitit:
431 2515 516 2592 cnjus
532 2515 680 2578 lestiritas
695 2515 828 2576 decimo·
856 2523 972 2578 ceteros
1000 2513 1189 2576 Christianos
1220 2517 1379 2587 hortatus.
1401 2523 1446 2573 nt*

192 2595 322 2672 septimo
332 2593 395 2656 Kal.
408 2594 583 2656 Decembris
593 2592 828 2672 celebraturtlle
856 2595 1113 2663 contradicerent,
1136 2601 1202 2671 post
1215 2595 1286 2659 dira
1303 2601 1443 2658 tormenti

192 2692 225 2735 ea
241 2679 382 2752 superius
402 2675 544 2750 egimus).
855 2673 1205 2752 linguaeanscissionem
1226 2677 1448 2755 (sinequatznd

857 2753 909 2815 [lei
927 2755 1085 2831 praeconia
1107 2752 1307 2830 loquebatur)
1329 2771 1359 2817 m
1374 2760 1450 2814 mus!

193 2859 423 2908 ouannonncmto
434 2860 573 2902 nemone.
680 2861 731 2902 nnn
745 2861 828 2902 xvnn.
857 2832 964 2912 laqueo
978 2831 1197 2908 strangulatus.
1219 2835 1339 2896 celebri
1353 2843 1449 2904 martii·

855 2911 1450 2988 coronano.recusesreocmanuics:

201 3031 205 3039 -
232 2990 413 3054 Munrunon.
431 2993 591 3055 -liomae
612 2991 761 3054 dedicatio
772 2991 826 3056 Ba·
857 2992 1015 3072 puerulus,
1039 2991 1165 3054 nomine
1181 2991 1308 3066 Beroia,
1332 2997 1378 3072 qui
1392 2993 1418 3054 si
1433 3000 1454 3039 ea

191 3071 346 3133 silicornm
362 3081 536 3134 scincturam
549 3069 762 3150 Apostolorum
775 3071 827 3134 Pn-
856 3075 1064 3148 interrogatus
1075 3077 1177 3133 utrum
1189 3073 1451 3135 melinsessetnnat

192 3167 243 3212 rai
270 3159 301 3214 et
328 3151 442 3213 Pauci:
475 3167 607 3230 quarum
640 3153 772 3229 primam
795 3153 826 3214 in
856 3151 955 3214 Deum
977 3149 1088 3222 coiere,
1110 3166 1149 3212 an
1176 3149 1284 3229 plnres
1305 3153 1453 3224 Demos

192 3231 369 3310 ampliorem
392 3231 524 3293 lormam
546 3233 719 3294 restitutam
732 3230 825 3294 Urlic-
856 3231 886 3292 in
903 3247 1002 3292 unum
1023 3229 1132 3302 Deum,
1148 3245 1245 3308 quem
1262 3229 1454 3295 Christiani

194 3327 249 3372 ntus
263 3309 394 3374 Octavus
409 3311 539 3389 lmcipsa
557 3319 737 3372 recurrente
759 3309 825 3388 die;
856 3309 936 3383 lunt,
966 3311 1154 3372 credendum
1182 3325 1249 3374 esse
1280 3309 1444 3392 respondiss'

192 3393 318 3453 aiteram
335 3405 408 3452 vero
430 3391 602 3453 miserando
617 3391 760 3453 incendio
773 3406 826 3468 pe·
856 3389 1274 3466 vernerinuscaesusjussus
1286 3387 1445 3454 cernendis

192 3473 276 3531 nitus
297 3479 507 3549 consumptam
521 3487 555 3532 ac
577 3471 827 3546 magnificentius
855 3467 944 3546 (Vide
960 3469 1097 3542 Surium,
1114 3483 1183 3547 pag.
1208 3470 1295 3538 nini.

193 3551 414 3614 reaedificatam
437 3549 507 3612 Pius
522 3549 624 3611 Nonus
638 3549 688 3611 die
709 3550 824 3612 decima
946 3613 955 3636 ‚

193 3628 378 3703 Decembris
402 3629 542 3691 translata
566 3638 667 3690 lamen
688 3630 720 3690 in
736 3643 823 3708 prde-
974 3653 1004 3716 S·
1031 3651 1246 3717 HESYCfflUS
1270 3657 1371 3718 dani.

193 3721 308 3770 sentem
321 3709 403 3771 diem
418 3710 626 3772 anniversarie
642 3723 825 3770 commemo·

194 3790 323 3860 ratione,
345 3789 474 3850 solemni
490 3791 551 3850 ritu
567 3789 765 3850 consecravit.
935 3785 1064 3850 Proitou.
1079 3789 1205 3850 incunte
1218 3789 1343 3850 soeculo
1357 3787 1399 3849 ll.

231 3867 342 3930 Conler
364 3868 553 3931 Breviorium
580 3866 667 3930 Rom.
694 3867 751 3928 suli
772 3867 827 3929 inec

193 3949 251 4010 die.
268 3981 303 3992 -
314 3947 430 4022 Quanta
442 3948 617 4010 earumdem
631 3945 825 4010 Basilicarum
895 3946 1075 4009 Manatum.
1090 3980 1127 3990 -
1142 3945 1220 4008 Item
1236 3946 1442 4010 Antiocniccs·

193 4028 331 4088 extiterit
355 4029 497 4090 sanctitas
510 4034 541 4088 et
555 4025 675 4102 religio,
694 4041 753 4088 nun
776 4041 824 4087 sos
855 4027 892 4088 cti
910 4025 1058 4088 llnsnouii
1080 4026 1235 4104 Martyris,
1257 4029 1311 4106 qui
1324 4041 1388 4090 cunr
1407 4040 1437 4078 e*

193 4104 255 4163 ium
277 4107 385 4183 ingens
405 4114 437 4166 et
451 4105 615 4167 continuus
636 4107 671 4167 ad
695 4107 771 4184 ipsas
793 4107 826 4166 ll·
856 4105 966 4178 miles,
993 4113 1024 4167 et
1052 4114 1248 4184 praecepium
1277 4108 1441 4168 audisset?

193 4181 307 4244 delium
330 4200 505 4254 concursus,
529 4201 636 4246 verum
653 4185 828 4247 eiiainssar·
855 4185 993 4264 quisquis
1017 4199 1078 4247 non
1104 4186 1292 4248 sacrificaret
1308 4183 1398 4248 iddlis.
1416 4187 1444 4234 o?

195 4254 338 4322 lucrorum
362 4265 536 4325 reverentia
552 4265 749 4339 demonstret,
773 4267 825 4342 poi
855 4263 963 4343 gulum
995 4263 1123 4327 militiae
1151 4265 1338 4342 deponeret,
1364 4264 1442 4334 rerer·

193 4347 242 4391 eas
257 4344 288 4395 ut
303 4341 431 4403 coeleste
446 4343 596 4419 quoddam
612 4343 730 4422 asylum
745 4345 829 4404 divi·
854 4344 1014 4422 cingulum
1041 4344 1146 4406 solvit:
1172 4345 1211 4406 oli
1237 4361 1328 4422 quom
1357 4347 1458 4426 censis·i
