3046 4838
64 277 132 342 ott.
161 279 169 340 Ι
212 297 218 308 ·
465 294 500 339 or
521 295 545 342 s.
568 295 670 344 utrum
694 297 746 342 nr.
772 295 903 344 norton.
1228 283 1270 346 57

62 392 118 447 turn
136 379 298 467 colloquia
330 378 536 448 intermissa
558 392 648 450 sunt.
680 381 742 450 Sed
770 382 882 450 statim
905 380 970 449 levi
1000 381 1121 450 beatus
1147 382 1198 450 vir
1221 383 1314 453 febre

60 467 192 537 laborare
207 469 330 558 coepit,
355 467 553 555 certiusque
573 469 646 556 jam
670 469 813 540 edoctus
836 470 879 538 dc
897 469 995 539 obitu
1019 491 1093 551 suo,
1119 469 1219 557 jubet
1238 494 1314 541 con·

58 558 150 626 rotari
171 579 290 628 omues
307 558 493 626 ministros
515 579 605 638 suos,
625 580 712 646 quos
737 559 811 648 ipse
833 557 940 628 multo
964 568 1116 648 tempore
1130 571 1163 629 et
1182 560 1315 630 aluerat

57 660 79 712 et
101 647 295 727 instituerat,
313 645 633 736 iisquedenunciat
657 647 760 716 finem
786 647 873 716 vitae
898 668 981 716 suae
1000 648 1073 736 jam
1098 647 1310 737 impendere,

54 746 139 821 etque
161 735 209 804 uti
234 757 380 825 semper
395 748 624 814 consueverat,
651 735 740 804 inter
763 747 894 806 caetera
920 735 1075 805 hortatur
1097 757 1155 805 eos
1176 736 1219 806 ad
1241 759 1315 808 ser-

56 823 181 891 vandam
200 847 323 913 pacem
350 837 521 904 mutuam,
548 824 591 893 ad
610 824 809 894 charitatem
832 824 882 893 vel
901 825 1048 894 maxime
1072 824 1316 907 colendam,ut

54 933 127 996 quae
148 912 191 982 sit
207 914 355 983 unitatis
372 912 617 983 etconoordiae
632 913 821 982 vinculum.
841 912 980 994 Deinde,
995 925 1132 983 evocato
1148 914 1315 985 Baldredo

52 1005 257 1071 Tamicensis
284 1002 460 1072 Ecclesiae
484 1002 620 1083 tubere,
647 1002 697 1073 sic
721 1003 786 1070 ait:
814 1007 870 1070 «Ε
896 1023 927 1081 o,
944 1001 1058 1082 irater,
1082 1002 1174 1089 quud
1199 1005 1315 1073 certis·

51 1089 126 1159 sime
140 1090 297 1161 futurum
324 1091 412 1171 scin,
434 1103 465 1159 te
488 1091 634 1161 celatum
653 1090 745 1160 nolo.
772 1090 857 1177 Equi
885 1113 937 1159 em
959 1091 1033 1180 jam
1059 1112 1135 1160 sum
1154 1091 1313 1162 abiturus

52 1180 160 1248 avita:
186 1193 215 1248 te
239 1201 323 1249 vero
349 1180 530 1260 admoneo,
550 1202 592 1248 ne
616 1201 770 1267 unquam
796 1179 880 1248 velis
900 1185 1054 1248 Turones
1090 1180 1221 1249 redire:
1253 1181 1313 1250 sed

52 1287 138 1337 mane
161 1267 215 1336 bic
233 1269 334 1370 apud
362 1269 482 1339 iratres
506 1281 594 1338 tuos.
622 1268 718 1351 Quod
736 1269 765 1336 si
790 1289 888 1338 secus
908 1268 1039 1350 leceris,
1055 1270 1126 1358 jam
1153 1280 1231 1338 ante
1252 1269 1314 1339 tibi

51 1357 204 1443 praedico,
231 1380 356 1428 rivum
382 1369 413 1426 te
439 1357 518 1426 inde
543 1379 609 1426 non
637 1357 876 1426 rediturum.»
900 1357 997 1440 Quod
1022 1355 1162 1444 quidem
1187 1359 1236 1428 sic
1260 1381 1315 1430 ac-

50 1443 131 1513 cidit.
156 1447 351 1516 Baldredus
369 1446 461 1515 enim
488 1459 562 1535 post
586 1446 718 1514 obitum
739 1446 829 1515 beati
846 1446 909 1514 viri
934 1446 1008 1515 sine
1023 1445 1191 1515 'dilatione
1208 1453 1315 1516 Turo-

51 1555 103 1602 nes
125 1536 233 1623 petiit:
250 1536 315 1605 sed
340 1551 417 1624 post
432 1535 505 1604 dies
520 1555 586 1604 non
606 1535 744 1616 multoe,
768 1535 867 1606 turba
881 1535 914 1602 iu
932 1556 1010 1604 eum
1037 1535 1199 1617 irruente,
1216 1536 1313 1606 valde

50 1643 171 1700 caesus,
194 1635 224 1692 et
239 1623 385 1693 tandem
403 1622 600 1694 interiectus
613 1635 674 1692 est.
690 1627 771 1692 Cum
789 1624 839 1692 sic
863 1636 991 1704 autem,
1016 1637 1056 1694 ut
1072 1623 1186 1693 dicere
1203 1625 1311 1714 coepi,

51 1713 98 1778 vir
119 1711 228 1784 beatus
242 1725 452 1803 aegrotaret,
478 1725 511 1780 et
528 1713 670 1781 morbus
687 1711 729 1780 ad
754 1713 908 1799 quinque
923 1713 975 1782 vel
992 1725 1049 1781 sex
1073 1712 1146 1782 dies
1172 1713 1218 1782 ita
1234 1736 1312 1783 eum

53 1798 207 1870 infestaret
230 1815 269 1870 ut
295 1805 375 1902 ipse
398 1812 512 1870 tamen
537 1801 674 1870 interim
707 1801 853 1890 scipioni
887 1801 1027 1870 innixus
1051 1801 1311 1884 obambularet,

54 1889 262 1980 morbumque
286 1890 542 1959 dissimularet:
563 1910 630 1958 non
648 1889 803 1958 cessabat
819 1889 863 1959 ab
882 1909 983 1979 opere
1000 1889 1068 1970 llei,
1091 1890 1218 1960 bonam
1238 1913 1312 1960 eam

57 1977 200 2047 virtutum
223 2001 376 2050 suarum
396 1979 592 2048 coronidem
616 1977 690 2046 iore
714 1999 873 2069 sperans,
901 1979 930 2048 si
955 1977 997 2046 ad
1022 1989 1173 2048 extrema
1206 2001 1316 2066 usque

60 2064 235 2152 perduceret
258 2069 311 2150 id,
332 2067 426 2154 quod
446 2067 624 2157 perlonga
642 2067 729 2135 vitae
753 2066 863 2157 spatia
884 2077 1080 2136 constanter
1104 2067 1312 2137 retinuisset.

61 2158 270 2228 Pernoxenim
294 2159 332 2226 in
359 2155 487 2246 vigiliis
509 2169 542 2224 et
564 2155 791 2234 orationibus,
822 2155 976 2224 membra
1002 2155 1223 2224 lassescentia
1247 2159 1315 2246 spi·
1381 2199 1387 2212 ·

59 2243 132 2312 ritui
146 2248 258 2315 servire
277 2246 439 2334 cogebat,
454 2245 562 2334 etjam
591 2257 704 2312 mente
719 2243 975 2330 quodammodo
993 2244 1026 2311 in
1048 2243 1152 2313 coelis
1173 2243 1312 2334 degens,

56 2345 192 2430 optatum
213 2338 277 2404 iter
298 2333 513 2403 laetissimus
530 2333 758 2421 exspectabat.
778 2333 933 2402 Sentiens
950 2345 1063 2401 autern
1086 2355 1159 2421 Jam
1190 2355 1314 2424 appro-

53 2441 204 2576 pinquare
222 2423 452 2493 felicissimae
479 2422 692 2511 migrationis
716 2421 827 2500 diem,
855 2421 967 2512 pridie
990 2421 1156 2490 Calendas
1183 2427 1313 2490 Decern-

73 2511 117 2579 ris
134 2512 351 2670 congregatis
375 2509 530 2596 undique
554 2509 695 2578 famulis
718 2522 751 2578 et
775 2510 958 2599 discipulis
982 2511 1072 2590 sum,
1100 2512 1148 2578 sic
1180 2509 1315 2580 locutus

48 2613 112 2668 est:
133 2603 345 2680 «orimum,
376 2599 604 2678 dilectissimi,
632 2599 809 2688 parvitatis
835 2621 929 2668 meae
956 2597 1072 2667 audite
1096 2600 1312 2680 sententiam,

46 2701 73 2757 et
95 2712 149 2759 ros
170 2689 328 2760 amantis
355 2709 517 2777 suprema
550 2687 652 2756 rerba
689 2688 795 2777 gratis
824 2688 950 2756 animis
980 2687 1136 2776 accipite.
1163 2689 1195 2758 Si
1230 2688 1314 2756 milri

47 2780 165 2847 amoris
180 2780 295 2848 ricem
311 2776 512 2866 rependitis,
534 2776 694 2844 mandata
711 2777 941 2865 praepotentis
958 2777 1014 2844 Dei
1035 2789 1176 2860 servate;
1194 2781 1313 2846 lesum

43 2889 169 2958 semper
185 2866 379 2957 suspirate,
400 2878 579 2954 praecepta
599 2863 675 2950 ejus
700 2865 819 2934 vestris
839 2864 966 2932 animis
990 2863 1128 2954 affigite,
1155 2866 1230 2954 ejus
1255 2887 1315 2934 no-

43 2977 134 3036 men,
161 2957 209 3026 ita
245 2967 287 3023 ut
308 2975 392 3044 ego,
427 2965 557 3032 amate;
585 2953 753 3022 incertum
780 2953 866 3022 vitae
899 2952 1052 3023 lubricae
1081 2975 1243 3024 occasum
1271 2955 1315 3024 ob

40 3043 151 3114 oeulos
177 3044 352 3135 perpetim
374 3041 505 3120 habete,
526 3041 581 3109 Dei
607 3040 783 3110 tremenda
803 3041 937 3130 judicia
960 3063 1137 3129 nunquam
1165 3065 1231 3112 non
1249 3042 1315 3111 sor-

40 3134 172 3202 midate.
200 3137 275 3222 Ego
306 3130 380 3218 jam
417 3129 591 3220 ingredior
620 3128 709 3199 viam
739 3131 918 3200 universae
953 3133 1079 3200 earnis
1118 3135 1237 3216 ltaque
1262 3153 1315 3199 me

41 3223 177 3310 posthac
203 3220 362 3290 habituri
387 3218 443 3288 hic
468 3239 535 3287 non
560 3219 654 3288 estis.
684 3223 753 3309 Ego
777 3233 890 3289 autem
915 3233 1005 3290 certe
1024 3219 1127 3309 cupio
1158 3217 1311 3300 dissolvi,

40 3323 77 3391 et,
108 3313 139 3379 si
164 3310 316 3380 Domino
341 3308 391 3377 sic
417 3309 526 3378 visum
553 3320 615 3386 est,
643 3307 692 3376 ire
708 3306 749 3376 ad
782 3307 986 3395 requiem.»
1010 3309 1070 3376 His
1094 3306 1207 3384 dietis,
1234 3327 1313 3374 cum

39 3419 155 3468 omnes
171 3401 302 3468 ¹flerent
320 3409 354 3466 et
367 3397 546 3487 ejularent,
570 3394 771 3486 singulatim
789 3401 936 3467 evocatis
956 3396 1014 3465 ille
1032 3394 1315 3480 vernaculistuis

41 3488 202 3556 indicavit
229 3486 523 3575 praestantissima
545 3485 764 3562 monasteria,
788 3485 829 3552 nd
849 3506 935 3571 quae
955 3485 1030 3574 ipso
1054 3483 1215 3553 defuncto
1234 3503 1314 3550 con-

41 3575 119 3645 lerre
138 3597 178 3646 se
194 3574 372 3655 deberent,
393 3575 506 3661 aitque
529 3574 599 3642 eis:
623 3595 635 3635 ‹
657 3577 741 3641 Eece
759 3572 858 3642 hodie
879 3573 912 3640 in
932 3595 1055 3641 manus
1072 3584 1200 3641 vestras
1223 3592 1315 3639 eom-

4 3701 5 3742 ἦ
41 3665 159 3734 mendo
181 3662 332 3734 salutem
354 3665 548 3732 animarum
576 3673 779 3732 vestrarum.
807 3666 1007 3731 Mementote
1035 3660 1312 3729 admonitionum

4 3747 5 3756 ’
42 3771 209 3832 mearum,
234 3765 266 3820 et
283 3753 357 3842 jam
376 3751 504 3840 singuli
528 3750 571 3818 de
587 3751 784 3839 vobisipsis
811 3753 967 3852 cogitate.
989 3749 1118 3838 Eligius
1138 3749 1228 3816 enim
1252 3748 1315 3817 mi·⁴

42 3856 120 3926 grat,
140 3861 208 3910 nec
235 3839 397 3930 deinceps
413 3842 447 3908 in
473 3841 535 3909 boc
562 3838 679 3908 seculo
702 3841 766 3909 erit
786 3841 977 3909 vobiscum.
995 3861 1013 3904 o
1033 3843 1118 3906 Tum
1145 3859 1223 3906 vero
1242 3857 1315 3905 orn-

44 3949 108 4010 nes,
134 3929 200 4016 qui
235 3928 385 4008 aderant,
412 3949 490 3998 curn
523 3927 651 4017 ingenti
683 3929 811 4018 rugitu,
840 3928 1051 4018 singultibus
1075 3947 1189 3995 vocem
1216 3926 1314 3995 inter·

44 4016 296 4108 rumpentibus,
316 4017 362 4085 ita
387 4017 566 4084 dixerunt:
595 4037 612 4081 tt
631 4017 690 4084 Cui
718 4039 790 4097 nos,
818 4029 924 4107 pater,
952 4015 1143 4102 relinquis?
1165 4015 1249 4102 quid
1268 4016 1315 4083 ita

4 4113 6 4180 !
46 4108 103 4174 cito
126 4128 147 4174 a
174 4105 276 4174 nobis
300 4105 457 4174 recedis‘l
482 4103 541 4172 Cui
564 4104 701 4176 orbatos
726 4106 833 4175 tradis
857 4105 1019 4174 alumnos
1049 4117 1136 4184 tuos,
1156 4115 1216 4172 aut
1241 4105 1311 4184 cui,

4 4207 5 4212 ’
48 4207 156 4280 pastor
171 4194 312 4281 optime,
339 4214 490 4285 gregem,
508 4213 608 4280 quem
627 4213 667 4262 ex
691 4194 852 4284 gentibus
875 4193 1102 4284 congregasti,
1127 4191 1312 4262 fovendum

48 4283 257 4352 committis?
279 4282 414 4352 Scimus
437 4279 575 4369 quidem
598 4281 670 4370 jam
696 4282 779 4352 olim
804 4283 950 4372 flagrare
975 4281 1153 4354 tedbristi
1179 4280 1314 4361 deside-

51 4369 104 4440 rio.
124 4371 185 4440 sed
206 4370 295 4440 salva
319 4371 380 4440 tibi
405 4382 544 4439 manent
567 4371 720 4458 praemia
748 4384 823 4440 tua:
852 4393 913 4439 nec
938 4371 965 4438 si
991 4369 1122 4441 diutius
1150 4369 1206 4437 hic
1230 4389 1268 4435 er
