2932 4812
62 281 136 346 laha.
162 283 202 345 ’29
364 300 403 346 ns
427 301 453 347 s.
481 297 585 347 saorra
611 298 755 348 saccina.
783 299 995 348 canruaainn.
1208 287 1271 351 557

57 385 220 455 cernimus
245 384 411 454 beneficia
429 385 635 474 provenisse.
667 385 796 456 Habuit
824 399 939 476 postea
962 385 1047 456 illud
1071 388 1164 478 apud
1190 411 1225 458 se
1249 388 1318 458 lere

58 473 195 544 triennio
214 475 389 545 Osbernus
413 473 578 560 quidam,
605 475 657 542 vir
680 473 828 564 insignis
851 487 883 544 et
908 474 1005 544 valde
1029 475 1147 558 dives,
1178 479 1209 547 ei
1240 498 1318 546 san-

55 563 151 719 gusine
164 563 316 721 iilmus’
334 562 393 632 cui
412 562 469 631 ille
485 583 623 652 operam
643 564 789 633 navabat
805 564 839 632 in
861 564 936 653 ejus
952 565 1100 655 acceptis
1114 579 1146 635 et
1158 567 1318 656 expensis

55 672 175 721 reeren
204 675 245 722 is.

92 741 109 828 ξ
133 745 177 812 Ι.
202 747 280 811 lam
305 761 384 810 vero
403 739 507 809 etiarn
527 739 706 810 videbatur
730 740 907 831 adspirare
926 741 969 810 ad
988 741 1133 812 honores
1148 753 1181 811 et
1196 743 1316 812 mundi

54 829 155 917 hujus
178 829 383 922 dignitates:
411 827 455 897 ad
475 849 563 916 quae
579 828 766 899 obtinenda
786 829 977 919 plurimum
997 829 1047 900 illi
1064 831 1319 922 suffragabatur

53 930 82 986 et
97 919 202 988 animi
227 917 423 1009 prudentia,
449 928 482 987 et
506 918 593 986 vitae
616 917 788 988 honestas.
816 918 1010 1009 Singularis
1034 921 1125 988 enim
1144 920 1178 989 in
1197 941 1235 989 eo
1251 941 1317 990 cer·

53 1007 193 1078 nehatur
215 1006 396 1098 sapientia,
422 1017 455 1076 et
470 1006 694 1076 consiliorum
720 1008 910 1087 maturitas,
939 1027 1143 1095 morumque
1161 1009 1319 1098 jucunda

56 1096 206 1182 gravitas,
225 1108 266 1165 ut
290 1117 357 1166 non
375 1095 548 1165 immerito
564 1095 727 1165 omnibus
749 1107 782 1164 et
801 1095 1022 1166 admirationi
1038 1107 1138 1178 esset,
1157 1110 1190 1167 et
1202 1119 1316 1168 carus.

58 1183 115 1252 Sed
137 1184 256 1254 didicit
276 1197 363 1266 tuin,
388 1183 479 1271 quod
499 1185 572 1274 ipse
597 1197 711 1273 postea
731 1183 911 1266 fatebatur,
937 1205 1005 1255 non
1031 1207 1105 1256 esse
1122 1187 1157 1255 in
1179 1187 1319 1256 homine

58 1272 137 1342 iiam
152 1275 236 1364 ejus.
264 1273 363 1343 aliud
379 1273 472 1342 enim
498 1273 572 1361 ipse
596 1274 819 1363 proponebat,
848 1273 943 1343 aliud
968 1274 1134 1344 divinitus
1159 1275 1319 1362 dispone-

56 1359 158 1432 batur.
184 1363 283 1433 Venit
305 1362 444 1432 interim
469 1361 511 1431 ad
537 1362 816 1433 Cantuariensem
842 1362 1185 1454 *archiepiscopum
1211 1363 1319 1434 Theo-

55 1449 215 1534 baldum,
241 1463 274 1520 et
297 1450 486 1521 honorilice
512 1449 556 1519 ab
578 1471 618 1520 eo
640 1463 812 1541 acceptus
841 1449 933 1520 ludis
956 1462 988 1521 et
1011 1451 1145 1522 levitate
1170 1455 1316 1540 rejecta,

54 1537 136 1609 inter
158 1541 317 1610 homines
341 1551 494 1610 maturos
516 1550 549 1607 et
573 1539 744 1696 sagiones
773 1538 996 1621 versabatur,
1028 1561 1217 1628 eorumque
1248 1563 1320 1612 ser·

55 1629 210 1699 monibus
234 1627 276 1698 ad
302 1627 445 1698 meliora
464 1627 608 1698 informa
636 1639 725 1697 atur.
743 1627 986 1698 Animadversa
1003 1641 1116 1698 autern
1135 1629 1228 1699 brevi
1245 1632 1320 1722 ejus

57 1717 234 1804 prudentia
249 1730 281 1788 et
307 1716 589 1806 perspicacitate,
617 1717 871 1807 archiepiscopi
895 1717 1060 1798 consiliis,
1088 1717 1237 1806 itemque
1262 1741 1321 1787 ne·

56 1806 147 1892 gotiis
172 1819 246 1876 tuin
273 1805 434 1895 publicis,
463 1817 533 1873 tuin
561 1805 701 1895 privatis
725 1805 889 1876 interesse
919 1805 1064 1896 cogitur.
1092 1809 1203 1876 Sensu
1227 1808 1319 1876 enirn

56 1895 203 1986 pervigil,
231 1894 376 1964 consilio
419 1893 571 1975 rovidus,
589 1894 624 1963 in
646 1894 820 1984 responsis
835 1894 1000 1984 prudens,
1025 1915 1183 1965 sermone
1199 1908 1321 1964 cautus

54 1994 82 2051 et
96 1984 302 2065 moderatus,
325 1917 588 2084 archiepiscopo
611 2005 713 2053 carus
730 1993 762 2052 et
778 1983 941 2052 omnibus
960 1996 1080 2074 gratus
1098 1981 1174 2064 luit,
1197 1995 1235 2053 ut
1251 2005 1321 2052 ma-

56 2069 193 2142 levolum
214 2095 249 2174 se
267 2072 442 2174 probaret,
465 2094 493 2142 si
517 2093 596 2158 quis
613 2083 660 2142 tot
673 2071 803 2229 gratiae
826 2071 915 2141 dona
934 2073 968 2140 in
986 2071 1046 2142 illo
1062 2093 1129 2140 non
1148 2071 1316 2163 diligeret.

55 2160 195 2232 tartede
212 2160 271 2231 illo
288 2162 573 2262 archiepiscopus
590 2171 675 2231 testa
700 2172 777 2230 atur
796 2160 923 2251 palam,
951 2183 987 2230 se
1011 2160 1147 2229 nullum
1165 2181 1320 2250 unquam

60 2261 142 2318 antea
167 2262 238 2320 tam
257 2249 366 2320 fidum
389 2250 492 2319 rebus
516 2271 589 2318 suis
606 2261 638 2318 et
659 2252 832 2339 integrum
850 2251 1071 2338 comperisse.
1092 2248 1155 2319 Sed
1177 2248 1211 2318 id
1237 2247 1321 2318 vidit

59 2334 163 2420 hostis,
179 2360 323 2429 serpens
340 2339 516 2426 antiquus,
531 2351 563 2406 et
580 2339 681 2427 plane
694 2335 827 2419 invidit,
846 2337 1113 2425 excitavitqueei
1129 2337 1318 2419 aemulum,

59 2427 232 2514 llogerium
259 2426 389 2498 scilicet
408 2426 1009 2507 archidiaconum'cantuariensem
1027 2426 1088 2513 qui
1104 2425 1216 2513 quoad
1235 2427 1323 2495 Tho-

55 2535 122 2583 mas
140 2517 354 2608 supervixit‚
382 2529 464 2584 tunc
488 2515 626 2602 quidem
661 2528 865 2605 conceptum
897 2516 991 2586 virus
1021 2516 1055 2583 in
1085 2535 1164 2584 eum
1192 2514 1321 2601 quibus

55 2604 157 2689 potuit
174 2605 287 2675 modis
304 2603 436 2674 alludit.
463 2605 602 2673 Interim
628 2618 741 2673 autern
760 2617 799 2673 ut
815 2604 859 2673 ab
874 2604 953 2674 aula
969 2603 1224 2761 acchiepiseoXi
1242 2625 1320 2673 euin

54 2691 252 2774 excluderet,
272 2705 345 2763 tum
364 2714 424 2782 per
439 2712 485 2766 se.
512 2704 586 2762 tuni
611 2714 672 2782 per
694 2692 780 2762 alios
806 2691 904 2761 illum
927 2692 1100 2774 insectari,
1121 2715 1177 2762 mo
1203 2713 1323 2762 ocon·

55 2779 167 2862 viciis,
195 2781 297 2852 modo
323 2780 570 2851 scommatibus
603 2792 762 2870 appetere
786 2780 951 2862 tentavit,
985 2781 1105 2851 crebro
1136 2781 1235 2852 illum
1264 2802 1323 2870 per

53 2870 292 2940 contumeliam
316 2869 468 2938 vocitans
492 2869 656 2939 clericum
686 2890 765 2938 cum
792 2871 896 2949 ascia,
919 2870 1011 2956 quod
1035 2883 1107 2940 erat
1131 2890 1322 2961 cognomen

53 2955 153 3040 iltius,
204 2959 241 3029 ui
265 2957 405 3028 eumad
430 2957 686 3048 archiepiscopi
702 2957 804 3029 aedes
821 2958 994 3028 invitarat.
1017 2960 1079 3029 Sed
1098 2959 1150 3028 vir
1169 2958 1324 3049 prudens
1369 2959 1371 2964 ’

52 2982 219 3132 ejusmoii
240 3047 379 3132 injuriis
397 3067 463 3116 non
483 3045 722 3117 retardabatur
744 3069 763 3114 a
788 3046 919 3117 sedulis
935 3047 1199 3138 archiepiscopo
1224 3069 1323 3148 prac-

53 3135 180 3206 standis
199 3135 322 3206 officiis
336 3147 369 3205 et
383 3134 570 3222 obsequiis.
588 3137 739 3206 Excessit
754 3147 826 3204 tum
845 3157 863 3205 e
879 3134 984 3206 rebus
1002 3136 1165 3206 humanis
1185 3136 1323 3206 Wilhel·

54 3244 126 3293 mus
143 3224 357 3295 venerandae
382 3225 567 3294 memoriae
590 3223 815 3294 Eboracensis
832 3223 866 3262 *⁴
882 3224 1085 3314 Episcopus,
1101 3226 1201 3312 eique
1220 3245 1324 3314 opera

53 3311 232 3383 theobaldi
263 3311 519 3383 cantuariensis
544 3313 799 3403 archiepiscopi
831 3313 1040 3383 substitutus
1074 3325 1124 3383 est
1155 3313 1324 3404 Rogerius

54 3399 121 3468 iste.
149 3403 297 3472 Thomas
320 3424 399 3472 vero
423 3400 534 3472 lactus
550 3415 600 3473 est
619 3401 671 3438 Ψ
693 3403 895 3472 Cantuariae
920 3401 1203 3483 archidiaconus,
1230 3401 1323 3489 quod

54 3485 109 3558 illc
135 3511 171 3560 se
200 3491 374 3560 neminem
408 3488 599 3559 fideliorem
632 3491 833 3562 habiturum
864 3491 1006 3562 sentiret
1035 3490 1324 3580 archiepiscopus
1355 3511 1376 3526 ··

54 3575 276 3660 theobaldus,
296 3579 354 3667 qui
375 3578 477 3648 etiarn
505 3578 654 3649 obtinuit
677 3581 709 3648 ei
735 3579 1010 3652 Beverlacensem
1032 3580 1321 3670 Praeposituram,

55 3665 113 3734 Sed
138 3669 190 3736 vir
206 3668 346 3758 ingenio
370 3666 518 3749 liberali,
546 3668 658 3738 sciens
682 3690 756 3738 esse.
773 3668 897 3740 melius
913 3690 1037 3739 nomen
1056 3669 1200 3751 bonurn,
1219 3691 1323 3756 quam

56 3751 228 3825 thesauros
247 3757 428 3858 plurimos,
447 3755 576 3826 divitiis
592 3759 665 3826 suis
680 3756 729 3827 sic
745 3758 796 3828 uti
814 3757 956 3840 studuit,
972 3771 1010 3827 ut
1027 3757 1097 3826 illis
1115 3757 1180 3827 sibi
1199 3757 1323 3827 bonam

56 3857 184 3926 pararet
203 3845 502 3934 existimationem.
523 3845 586 3914 Sed
608 3846 691 3934 quid
711 3868 824 3915 moras
841 3847 1020 3926 nectimus,
1039 3869 1118 3916 cum
1139 3847 1195 3914 illc
1210 3846 1325 3916 nullas

56 3949 173 4014 passus
191 3935 234 4004 sit
250 3933 294 4003 ad
314 3933 492 4023 superiora
511 3933 759 4024 proficiscens?
775 3940 889 4022 Neque
902 3935 995 4004 enim
1013 3934 1138 4004 humili
1156 3934 1229 4004 loco
1246 3935 1325 4004 hae-

57 4036 124 4088 rere
145 4023 255 4111 potuit
271 4023 412 4092 flamma
437 4035 504 4092 tam
522 4023 646 4092 eicelsi
667 4024 796 4103 animi,
822 4037 854 4093 et
873 4025 963 4110 quod
987 4024 1098 4114 magis
1124 4023 1323 4094 mirandum

3 4139 4 4144 =
59 4117 113 4182 est,
132 4107 166 4177 in
188 4123 278 4179 tanta
296 4109 507 4181 sublimitate
525 4123 617 4180 tanta
634 4111 812 4202 integritas
833 4115 931 4182 vitae.

99 4196 182 4280 aa.
210 4203 325 4286 ltaque
349 4199 634 4290 archiepiscopus
658 4199 885 4282 Theobaldus‚
910 4201 1024 4271 volens
1045 4223 1123 4270 eum
1142 4201 1184 4270 ad
1203 4201 1326 4272 altiora

52 4345 55 4350 ¹
87 4353 208 4407 lunatos,
221 4361 363 4412 Conterhierp.
712 4365 739 4392 ⁴*
755 4363 856 4413 angllce,
871 4365 939 4406 a'orlc.

87 4405 123 4435 ⁸⁸¹⁸
137 4413 202 4452 antio
217 4415 281 4456 1154.
