2954 4816
17 293 83 358 1111.
108 295 147 358 25
326 311 363 357 aa
386 310 573 358 1111111111
599 309 789 358 snavnroars
812 309 924 360 nosrar
1152 295 1210 358 tot

14 418 89 485 spem
113 393 309 486 emergendi
334 393 561 486 perdideram.
589 393 650 464 llle
673 394 709 464 iu
735 393 856 486 gloria,
878 413 941 485 ego
965 396 1000 464 in
1024 395 1181 466 miseria:
1204 396 1262 465 ille

14 484 232 564 admirabilis,
308 506 327 556 0
362 483 582 554 miserabilis.
608 487 767 554 Sanctum
796 495 827 554 et
857 485 1006 554 terribile
1041 507 1159 554 nomen
1189 487 1263 577 ejus

12 575 64 660 (lb.
88 571 174 661 1111),
200 507 307 660 traicitg
319 572 371 644 vix
395 572 519 644 audeat
542 571 604 642 illa
619 572 757 664 dignior
774 574 954 643 nominare
974 585 1109 643 natura.
1132 579 1261 644 Nomen
1353 638 1356 650 ,

12 661 84 731 istud
108 662 265 732 clausuro
290 674 322 731 et
345 664 517 752 integrum
542 661 716 749 quomodo
740 683 862 752 capere
886 674 1051 752 poteram,
1078 683 1180 750 quem
1207 663 1261 732 vix

11 750 171 840 lngelicus
194 751 318 821 oculus
342 750 550 840 prospicere,
577 749 705 820 nedum
724 750 918 840 perspicere
942 754 1080 840 potest?
1104 751 1167 820 Sed
1186 751 1264 822 vide

11 839 206 909 allusionem.
233 839 294 909 Ille
317 840 473 926 quierat
497 838 714 908 admirabilis
738 840 938 930 agminibus
961 839 1181 940 Angelorum,
1210 841 1264 909 in-

11 927 99 998 clinat
121 927 245 1010 coelos,
271 939 303 998 et
327 927 364 998 fit
386 927 608 998 consiliarius
631 927 826 998 hominum.
860 929 1109 1017 majestativum
1136 949 1261 998 nomeu

11 1017 38 1083 in
61 1017 252 1104 pietativum
277 1016 492 1097 effunditur,
517 1016 632 1103 etqui
656 1017 873 1088 admirabilis
896 1030 947 1087 est
970 1019 1006 1086 in
1031 1016 1156 1098 ecelis,
1181 1039 1264 1088 con·
1315 1035 1317 1038 ·

13 1104 107 1174 sulere
129 1106 220 1176 venit
244 1106 279 1174 in
304 1107 425 1178 terris:
452 1104 632 1176 abscondit
656 1127 847 1196 purpuram
881 1105 947 1176 sub
978 1105 1137 1177 miseriae
1162 1107 1265 1176 vesti-

13 1195 129 1275 mentis,
153 1208 186 1264 et
209 1193 255 1264 ad
281 1193 405 1276 lutum,
431 1194 493 1264 ubi
512 1192 684 1298 jacebam,
711 1194 910 1276 inclinatus,
939 1216 1006 1263 non
1033 1195 1212 1285 mergitur.
1232 1199 1265 1265 Is

11 1281 119 1370 (audeo
139 1283 269 1374 dicere)
291 1283 419 1353 infixus
442 1283 477 1351 in
502 1281 586 1352 ltmo
611 1281 784 1373 profundi,
811 1285 905 1372 operi
932 1305 1098 1352 manuum
1120 1305 1264 1354 suarum

33 1373 135 1462 orrigit
153 1372 342 1453 dexteram,
368 1371 411 1442 de
435 1369 616 1462 profundis
633 1393 802 1459 aquarum
820 1371 976 1452 extrahit,
994 1383 1182 1442 extractum
1203 1372 1265 1442 ab·

12 1392 83 1540 luit,
107 1461 265 1530 ablutum
289 1460 415 1542 induit,
442 1459 603 1530 indutum
630 1472 802 1550 reportat,
830 1473 1038 1561 reportatum
1070 1460 1263 1530 confirmat.

13 1549 137 1639 Porrigit
159 1549 336 1619 dexteram
361 1571 440 1618 cum
475 1550 653 1632 nascitur,
679 1571 760 1619 cum
786 1549 938 1637 loquitur
960 1549 1128 1629 extrahit,
1155 1549 1268 1620 abluit

14 1657 77 1704 cum
101 1639 259 1720 moritur,
285 1637 399 1708 induit
422 1659 501 1707 curn
528 1639 687 1729 resurgit,
714 1659 794 1708 eum
820 1637 974 1708 aseendit
998 1649 1157 1728 reportat,
1183 1659 1266 1708 eon-

14 1723 109 1796 110111
130 1749 213 1798 cum
245 1727 406 1816 spiritum
437 1727 562 1797 emittit
586 1725 628 1796 de
658 1726 774 1796 coelis.
801 1731 916 1797 Bonus
939 1726 1078 1814 quidem
1108 1725 1268 1798 consilia-

16 1813 85 1893 rius,
110 1817 169 1902 qui
192 1815 394 1896 consilium,
420 1813 513 1902 quod
537 1835 618 1886 voce
640 1815 783 1898 dederit,
810 1828 842 1886 et
867 1827 973 1885 morte
997 1813 1160 1894 defendit,
1186 1821 1268 1886 llrot

16 1902 90 1972 enim
113 1905 243 1986 docens,
270 1905 318 1974 ait
341 1903 569 1996 Evangelista‚
595 1906 682 1974 sicut
693 1915 892 1994 potestatem
909 1903 1176 1993 bobcnsfflottb.
1194 1903 1265 1991 vu),

17 2011 69 2058 non
83 1993 166 2064 sicut
190 2015 312 2064 eorum
337 1992 470 2064 scribae
485 2005 518 2061 et
537 1992 722 2082 pharisaei.

51 2083 127 2166 §lb
153 2087 258 2164 Deua,
284 2093 317 2151 et
339 2080 447 2164 fortis,
475 2081 615 2152 nomina
641 2093 723 2152 sunt
746 2083 933 2172 potestatis,
961 2080 1019 2152 sed
1050 2085 1137 2150 Deus
1160 2080 1269 2149 elluo·

17 2166 93 2236 ditur
113 2171 145 2238 in
167 2185 302 2262 patrem
328 2169 435 2240 lutari
459 2168 578 2252 seculi,
604 2169 701 2240 sortis
721 2171 755 2240 in
775 2171 966 2262 principem
988 2170 1095 2260 pacis.
1122 2168 1270 2238 Breviter

18 2277 111 2336 curro,
133 2261 219 2347 quia
250 2271 283 2328 et
308 2257 366 2328 lati
392 2260 469 2340 atis,
490 2271 524 2328 et
553 2260 743 2330 scientibus
767 2259 877 2350 legem
907 2259 1041 2347 loquor.
1076 2255 1164 2342 Quid
1192 2256 1266 2338 tibi,

20 2347 265 2442 mussitabunde
283 2281 427 2428 Luciier,
446 2348 481 2416 in
500 2358 592 2418 tanta
613 2347 822 2419 diffusione?
836 2347 997 2418 Clausum
1014 2361 1065 2418 est
1081 2347 1142 2417 tihi
1159 2355 1268 2416 totum

20 2439 213 2508 itinerarium
237 2437 307 2517 Dei,
334 2450 366 2507 et
386 2437 582 2526 malignans
598 2437 721 2508 oculus
746 2447 825 2506 tuus
841 2437 899 2508 hie
918 2437 1063 2507 nimium
1094 2433 1267 2524 caligavit.

21 2521 69 2618 ¹Sed
91 2537 119 2594 et
135 2525 304 2597 Dominus
333 2547 429 2594 meus
459 2525 675 2596 admirabilis
694 2525 760 2596 luit
779 2527 814 2594 in
844 2525 1030 2608 nativitate,
1050 2523 1271 2594 consiliarius

20 2629 46 2707 tu
62 2615 319 2700 praedicatione,
339 2619 426 2684 [teus
444 2614 478 2683 in
497 2613 744 2686 miraculorum
761 2616 1009 2696 coruscatione,
1027 2613 1124 2683 sortis
1140 2613 1176 2682 111
1191 2635 1271 2704 pas·

21 2719 107 2784 sione,
126 2715 222 2794 pater
238 2702 347 2774 futuri
371 2702 479 2773 seculi
499 2702 534 2772 in
560 2704 822 2784 resurrectione,
849 2705 1011 2794 princeps
1029 2703 1123 2792 pacis
1148 2703 1183 2770 iu
1209 2701 1272 2772 illa

21 2802 135 2862 aeterna
150 2791 376 2862 beatitudine.
395 2797 465 2861 1101
486 2792 683 2862 terreamini
701 2792 848 2863 novitate
867 2794 1063 2873 verborum,
1083 2791 1167 2878 quia
1183 2790 1271 2860 nihil

22 2897 125 2949 novam
139 2881 383 2952 introducitur.
398 2881 452 2950 Sic
468 2893 501 2951 et
513 2879 594 2951 olim
611 2881 752 2950 uomina
766 2893 988 2962 commutata,
1004 2891 1037 2950 et
1051 2882 1161 2950 ellusa
1175 2891 1269 2962 sunt,

22 2967 123 3038 lbram
141 2971 177 3040 in
194 2970 378 3050 Abraham,
409 2969 505 3040 Sarai
524 2969 559 3038 in
581 2973 712 3050 Seram,
739 2981 771 3040 et
795 2971 824 3041 si
847 2992 934 3057 quas
954 2969 1041 3038 alias
1063 2969 1273 3040 mutationes

24 3053 48 3122 in
69 3057 122 3128 illa
148 3060 251 3130 veteri
276 3057 413 3128 olhcina
444 3080 501 3128 vos
526 3058 649 3148 legisse
674 3058 834 3129 recolitis.
861 3060 924 3130 Sed
952 3071 985 3129 et
1001 3058 1045 3129 ab
1075 3059 1162 3148 ipsis
1187 3079 1273 3157 pene

26 3147 126 3215 nundi
150 3147 345 3238 principiis,
373 3169 407 3216 tn
433 3169 559 3216 arcano
587 3146 736 3234 quodam
767 3148 1024 3238 scripturarum
1050 3146 1136 3229 loco,
1163 3145 1275 3216 divini

25 3237 154 3308 nominis
169 3237 374 3308 effusionem
388 3235 559 3306 invenisse
576 3257 630 3306 me
646 3235 769 3306 recolo.
784 3237 949 3325 Loquitur
962 3241 1051 3306 Deus
1067 3235 1110 3305 ad
1124 3241 1272 3322 Moysem

25 3319 263 3398 deliberatione
281 3323 431 3406 Israelis,
457 3336 490 3394 et
514 3336 590 3415 post
615 3325 758 3396 multam
777 3325 834 3395 Dei
850 3339 882 3395 et
899 3326 1005 3416 Moysi
1023 3323 1274 3394 conlabulatio-

26 3427 96 3494 netu,
109 3415 276 3506 Propheta
290 3413 463 3484 subtiliter
475 3413 620 3501 inquirit
634 3435 757 3484 nomen
769 3415 1072 3503 ejus,etbominus
1090 3411 1192 3484 dicit:
1208 3417 1275 3498 Epo

27 3518 82 3566 11111
101 3506 159 3591 qui
174 3527 270 3573 sum:
291 3503 351 3572 ltoc
365 3503 452 3574 milti
465 3525 582 3572 nomen
600 3505 634 3572 t'rt
651 3514 835 3574 aeternum.
852 3508 942 3574 llaec
953 3504 1040 3572 dices
1051 3503 1134 3592 filiis
1147 3503 1273 3584 lsrael:

29 3590 77 3682 bvi
89 3601 143 3670 ert,
158 3595 251 3662 misit
263 3615 316 3660 me
328 3591 374 3660 od
384 3613 441 3662 vos
452 3592 576 3675 (llccod.
591 3591 652 3680 111).
666 3592 867 3662 Perterritus
883 3597 1013 3682 Moyses
1027 3587 1278 3660 inextricabilis

30 3680 205 3750 auctoritate
220 3679 392 3762 vocabuli,
411 3702 450 3749 ac
468 3681 496 3750 si
513 3679 653 3761 diceret,
672 3685 743 3750 Hoc
762 3681 894 3750 excedit
910 3680 1121 3751 intellectum
1144 3699 1279 3762 meum,

31 3781 82 3832 non
98 3789 235 3856 possum
253 3789 388 3861 capere,
416 3768 483 3838 nisi
503 3769 712 3844 effundatur.
738 3769 836 3840 audit
851 3790 871 3839 1
888 3770 1082 3860 majestate:
1105 3773 1174 3859 Ego
1199 3789 1277 3838 sum

31 3851 99 3923 beas
111 3856 293 3940 Abraham,
313 3861 401 3928 Deus
416 3861 524 3939 Isaac,
544 3870 576 3928 et
592 3862 681 3929 Deus
696 3860 816 3929 Jacob.
836 3858 937 3929 Vides
952 3855 1178 3927 effusionem?
1193 3861 1279 3926 Ecce

34 3939 100 4012 heus
121 3947 338 4037 Angelorum,
364 3957 461 4016 vocat
477 3967 513 4018 se
532 3950 638 4018 Deum
660 3947 855 4018 hominum.
875 3953 1062 4018 Curramus
1086 3967 1179 4037 ergo,
1210 3945 1278 4014 lra-

34 4035 94 4127 1111,
122 4033 155 4102 11
178 4035 318 4106 odorem
339 4047 598 4127 unguentorum
619 4035 776 4106 istorum.
808 4040 994 4106 Curramus
1021 4035 1065 4106 ed
1093 4035 1208 4106 oleum
1236 4033 1279 4104 de

35 4113 103 4186 ohta
117 4124 269 4212 speciosa
286 4123 320 4194 in
336 4145 410 4196 cam
418 4125 470 4213 pis
483 4145 695 4213 expressum,
712 4123 810 4194 nulla
830 4124 994 4196 iniectum
1009 4146 1164 4206 amurca,
1182 4122 1280 4194 nulla

37 4205 278 4284 substantiatum
295 4212 539 4296 amaritudine,
554 4213 667 4284 oleum
681 4213 773 4303 quod
789 4212 956 4284 exhilarat
970 4213 1093 4283 faciem
1110 4213 1277 4296 hominis,

38 4296 107 4396 11101
126 4315 220 4373 11111
239 4301 393 4385 vulnera,
412 4301 564 4372 dolorem
584 4301 689 4385 tollit,
717 4302 828 4373 reddit
847 4305 1062 4374 suavitatem.
1081 4307 1199 4373 Nonne
1220 4307 1280 4374 Sa-

40 4395 204 4463 maritanus
229 4403 342 4462 noster
359 4391 459 4462 nobis
475 4415 495 4462 a
512 4392 642 4464 latrone
659 4391 809 4482 pessimo
829 4391 1015 4464 vulneratis
1032 4391 1146 4465 attulit
1165 4392 1279 4463 oleum

101 4506 236 4568 11111111-
256 4509 340 4572 Vitae
355 4507 407 4572 SS.
423 4511 435 4556 ·‘
448 4507 517 4572 vot.
534 4506 597 4570 Xll.
1164 4509 1203 4571 ab
