3046 4838
110 305 219 370 utut
536 331 572 378 nn
595 333 621 380 s.
647 331 753 380 auaro
778 333 827 379 nr.
854 329 984 380 uovrotr.
1305 315 1344 380 ta

110 429 215 510 omnes
241 423 431 502 postremo
474 437 541 507 per
568 417 723 487 ordinem
757 417 888 488 faciens
918 417 952 486 in
988 437 1106 486 mensa
1141 417 1383 498 discumbere,

112 519 177 600 ipse
197 521 322 588 panem
349 501 545 597 frangens,
561 508 745 594 cibumque
767 505 838 577 illis
856 505 1015 576 inferens.
1044 506 1204 594 Denique,
1231 506 1285 578 his
1313 528 1386 598 per·

114 599 197 670 actis,
212 591 377 662 omnium
398 595 486 684 jam
510 595 595 666 fame
620 595 753 678 relecta,
771 596 822 666 sic
846 597 919 685 ipse
934 608 993 665 aut
1016 607 1094 666 ante
1117 617 1175 666 eos
1192 607 1298 678 stans,
1327 607 1387 666 aut

114 689 192 748 certe
209 679 250 748 ad
263 701 382 782 cornu
400 705 549 755 mensae
565 685 623 754 vili
639 684 761 755 sellula
783 697 895 768 utens,
918 684 1015 755 valde
1031 685 1208 776 exiguum,
1226 697 1327 774 atquc
1346 705 1386 754 ea

117 770 359 842 comedentium
403 771 611 864 fragmentis
646 774 800 844 relictum
827 775 984 846 sumebat
1017 774 1146 845 cibum.
1182 774 1386 864 Plerumque

119 877 187 927 rcro
203 860 321 950 egenis
343 861 393 932 ad
424 885 577 934 mensam
598 865 697 954 juxta
724 885 851 933 morem
879 865 1015 946 vocatis,
1046 885 1125 934 cum
1151 877 1183 933 et
1206 863 1274 964 ipsi
1297 875 1386 934 esset

121 965 259 1039 congrua
273 951 347 1021 cibi
364 953 534 1024 sumendi
556 953 652 1036 hora,
686 973 803 1024 mensa
827 952 930 1023 allata
953 965 1054 1042 atque
1078 963 1278 1043 composita,
1315 975 1387 1022 ma-

123 1037 214 1108 nibus
235 1040 338 1111 etiam
358 1041 457 1125 lotis,
485 1065 544 1113 nec
560 1064 653 1114 unus
677 1041 816 1130 quidem
833 1055 1010 1145 supererat
1028 1043 1139 1133 panis,
1158 1043 1218 1130 qui
1235 1041 1387 1110 inritatis

123 1141 224 1216 posset
245 1132 393 1221 apponi,
422 1133 595 1214 omnibus,
618 1142 657 1202 ut
678 1153 779 1222 saepe
795 1133 1025 1224 contrngebat,
1051 1131 1168 1201 eodem
1190 1129 1246 1200 dic
1275 1151 1386 1217 usque

126 1215 161 1286 ad
182 1217 304 1289 rictum
320 1233 387 1292 aut
407 1223 441 1290 in
468 1221 614 1292 eleemos
641 1241 703 1290 nas
719 1221 876 1304 redactis
897 1232 957 1292 aut
981 1222 1015 1290 in
1040 1221 1149 1311 pretia
1172 1220 1384 1311 captivorum

125 1305 317 1407 absumptis.
345 1310 413 1381 Sed
439 1333 519 1380 cum
544 1332 584 1380 ex
610 1243 751 1381 binatis
784 1311 1093 1381 circumstantibus
1120 1308 1261 1397 quidam
1293 1307 1385 1380 istud

129 1415 249 1486 saeptus
264 1399 467 1481 irriderent,
489 1398 647 1470 nonnulli
671 1401 772 1470 etiam
791 1398 967 1470 humiliter
991 1400 1128 1489 inopiae
1150 1399 1225 1484 ejus
1247 1419 1386 1488 compa-

129 1497 274 1568 terentur,
293 1491 479 1560 universos
494 1487 598 1560 simul
614 1489 734 1559 beatus
752 1488 802 1557 vir
826 1491 986 1559 coercens
1009 1502 1111 1577 atque
1134 1487 1300 1570 refovens,
1320 1487 1387 1579 aje-

129 1571 197 1643 bat:
218 1579 340 1661 «Quid
371 1578 506 1648 molesti
529 1578 622 1658 estis,
642 1577 796 1647 modicae
824 1577 930 1647 fidei?
953 1577 1113 1666 Nunquid
1135 1578 1194 1667 qui
1219 1577 1326 1646 Ellam
1355 1590 1387 1646 et

130 1661 275 1737 loannem
299 1669 335 1737 in
365 1667 499 1738 deserto
524 1668 626 1756 pavit,
654 1687 715 1737 nos
740 1665 842 1738 modo
874 1668 907 1737 in
935 1667 1047 1737 medio
1073 1679 1172 1738 coetu
1202 1665 1382 1737 bominum

130 1773 183 1822 suo
199 1753 373 1828 fraudabit
397 1755 589 1828 beneficio?
605 1755 722 1838 Credo,
741 1757 865 1844 inquit,
883 1757 916 1826 in
938 1759 1126 1827 Creatorem
1153 1777 1281 1836 meunt,
1299 1775 1386 1842 quo-

132 1842 209 1913 niam
231 1848 291 1916 etsi
315 1868 385 1916 nos
410 1867 477 1916 non
491 1867 676 1926 meremur,
700 1847 732 1915 bi
758 1857 870 1916 tamen
895 1867 1062 1936 pauperes
1088 1845 1223 1926 Christi,
1251 1843 1386 1914 relocil-

131 1929 180 2001 lati
200 1933 296 2006 bodie
312 1935 430 2026 ipsius
454 1933 556 2016 dono,
585 1935 627 2004 ab
647 1935 712 2004 boc
736 1935 894 2006 recedent
920 1934 1144 2005 domicilio.»
1176 1939 1241 2004 Nec
1265 1954 1383 2016 mora,

133 2019 300 2110 aliquando
321 2025 526 2114 priusquam
551 2025 651 2095 verba
668 2024 865 2115 compleret,
880 2023 1071 2183 plulsabant
1095 2023 1159 2092 viri
1176 2021 1385 2093 vestibulum

131 2109 246 2196 domus,
272 2135 388 2205 panes
411 2125 610 2202 caeteraque
635 2115 826 2186 necessaria
857 2135 876 2184 a
916 2125 1036 2184 uenter
1063 2112 1271 2183 deferentes:
1298 2132 1385 2198 quos

132 2211 180 2270 aut
200 2207 276 2287 Rex,
302 2215 342 2272 ut
365 2225 466 2294 saepe
494 2215 737 2284 consueverat,
771 2217 830 2274 aut
853 2202 947 2273 dives
980 2203 1145 2290 quidam,
1184 2211 1244 2270 aut
1266 2199 1386 2270 devota

134 2290 268 2365 mittebat
286 2313 446 2382 persona.
464 2295 590 2362 Omnes
612 2293 704 2362 enim
725 2293 797 2383 jam
814 2305 1026 2384 compertum
1053 2291 1236 2372 trabebant,
1262 2302 1294 2360 et
1310 2289 1386 2377 qui·

134 2377 187 2450 bus
200 2381 332 2474 llligius
347 2382 528 2473 indigeret,
547 2393 578 2452 et
594 2382 721 2470 quibus
737 2381 790 2452 sui
802 2382 894 2484 juris
918 2382 1144 2453 substantiam
1161 2379 1382 2470 dispergeret.

137 2470 366 2559 Undecumque
400 2481 513 2541 autem
537 2471 686 2551 veniret,
715 2470 815 2562 Eligit
840 2485 952 2542 tamen
984 2469 1070 2540 fides
1100 2491 1179 2539 eum
1206 2489 1386 2557 nunquam

135 2555 257 2630 fefellit:
279 2560 444 2648 quoniam
473 2560 635 2630 veraciter
654 2559 737 2629 dicit
766 2561 961 2651 Scriptura:
988 2561 1142 2630 Hilarem
1166 2559 1315 2629 dotorem
1339 2558 1387 2626 di·

136 2649 199 2740 liqit
221 2655 307 2721 iteam
321 2651 369 2739 (2.
388 2651 435 2719 od
452 2654 523 2720 Cor.
542 2649 601 2738 rx).
624 2653 662 2719 Et
682 2649 745 2720 boc
766 2670 848 2720 sane
865 2671 932 2719 non
949 2648 1153 2729 transitorie,
1172 2659 1232 2718 aut
1256 2645 1298 2716 ad
1314 2668 1386 2716 mo·

135 2752 272 2808 mentum
298 2737 398 2808 fecit:
419 2737 477 2808 sed
502 2739 596 2809 omni
622 2759 708 2828 pene
731 2737 818 2810 vitae
842 2759 924 2809 suae
948 2752 1100 2830 tempore
1116 2737 1149 2806 id
1175 2757 1292 2828 agens,
1322 2735 1386 2806 tale

135 2825 247 2898 Galliae
263 2827 404 2915 reliquit
421 2827 628 2916 exemplum.

172 2919 277 3006 θη.
305 2916 370 2986 Sed
394 2937 473 2986 cum
498 2915 640 2986 viderim
673 2917 863 2998 bominem,
893 2938 957 2988 cur
986 2938 1051 2987 nou
1085 2929 1118 2986 et
1140 2915 1285 2986 formam
1310 2913 1386 3004 ejus

136 3003 328 3096 depingam?
344 3009 423 3075 Erat
446 3027 527 3076 sane
551 3017 681 3077 statura
698 3027 872 3096 procerus,
898 3005 984 3078 facie
1000 3005 1228 3077 rubicundus.
1252 3009 1384 3074 Forulo-

137 3115 196 3162 sam
216 3094 359 3164 babebat
382 3095 580 3176 caesariem,
600 3105 633 3165 et
655 3095 754 3183 quasi
779 3094 969 3185 crispantes
997 3095 1152 3186 capillos,
1181 3115 1304 3164 manus
1324 3091 1385 3162 ho·

139 3197 234 3254 nestas
251 3195 283 3253 et
305 3182 473 3274 oblongos
488 3184 623 3273 digitos,
649 3183 848 3276 angelicum
874 3185 1018 3266 vultum,
1039 3184 1229 3275 simplicem
1246 3194 1278 3253 et
1302 3204 1385 3272 pru·

139 3271 254 3344 dentem
278 3272 492 3363 adspectum.
521 3273 835 3362 Utebaturquidcm
862 3274 896 3343 in
923 3273 1110 3364 primordio
1134 3294 1217 3342 auro
1241 3282 1274 3342 et
1292 3292 1385 3362 gem·

142 3363 195 3432 nis
209 3363 239 3431 in
257 3362 394 3442 babitu;
412 3361 557 3434 babebat
572 3384 709 3451 quoque
727 3385 829 3436 zonas
846 3385 886 3433 er
905 3384 990 3434 auro
1004 3374 1037 3432 ct
1052 3362 1198 3452 gemmis
1217 3374 1383 3451 comptas,

141 3472 251 3521 necnon
266 3463 298 3520 et
317 3473 502 3522 crumenas
524 3451 697 3544 eleganter
720 3464 920 3544 gemmatam
940 3451 1049 3522 lineas
1065 3473 1143 3520 vero
1165 3449 1301 3520 metallo
1327 3472 1385 3519 ru-

139 3539 211 3618 tilas,
241 3563 317 3611 oras
342 3561 519 3611 sarcarum
553 3563 637 3612 auro
667 3553 825 3634 opertas;
851 3555 974 3612 cuncta
1011 3540 1150 3628 quidem
1186 3539 1386 3610 vestimenta

141 3629 388 3718 pretiosissima;
415 3629 582 3699 nonnulla
609 3631 711 3701 etiam
749 3630 950 3702 holoserica.
985 3629 1047 3700 Sed
1076 3630 1129 3700 bis
1153 3628 1315 3700 omnibus
1343 3629 1385 3698 ob

139 3719 378 3789 ostentationem
403 3717 601 3808 fugiendam
628 3721 739 3811 primo
758 3733 907 3810 tempore
930 3721 1090 3791 utebatur
1107 3718 1233 3810 palam:
1264 3715 1386 3787 intrin-

139 3829 311 3878 secusrero
335 3803 541 3878 ad'carnem
566 3809 718 3880 cilicium
744 3810 897 3900 gestabat
921 3831 961 3878 ex
979 3807 1240 3879 consuetudine.
1268 3811 1386 3877 Postea

139 3919 201 3967 vero
215 3919 291 3967 cum
317 3897 499 3968 adauctius
523 3897 675 3988 profecit,
702 3909 826 3968 currota
849 3909 1050 3968 ornamenta
1074 3897 1110 3966 in
1134 3897 1308 3988 egentium
1326 3918 1384 3966 ue·

138 3986 333 4058 cessitatibus
355 3988 583 4077 consumpsit.
602 3986 738 4058 Videres
755 3986 958 4077 plerumque
983 3989 1031 4056 ire
1047 3985 1202 4057 funiculo
1217 3987 1383 4066 cinctum,

140 4075 245 4146 vilibus
261 4075 412 4147 vestibus
441 4087 579 4157 tectum,
604 4097 707 4163 quem
728 4076 867 4147 videbas
890 4076 1022 4147 dudum
1060 4075 1225 4146 radiantis
1252 4077 1327 4145 auri
1354 4087 1387 4146 et

140 4185 332 4251 gemmarum
360 4164 449 4234 mole
472 4177 641 4254 opertum.
668 4171 919 4254 Nonnunquam
950 4187 1026 4235 vero
1049 4187 1128 4234 cum
1155 4163 1280 4234 videret
1305 4185 1384 4235 eum

142 4257 196 4322 lter
218 4253 258 4324 ob
286 4253 500 4324 devotionem
527 4276 747 4344 amoremque
772 4255 893 4326 Christi
918 4254 1157 4346 exspoliatum,
1188 4254 1386 4342 subripiens

143 4341 280 4434 sibiipsi,
313 4342 417 4414 dabat
444 4343 473 4413 ei
500 4345 678 4434 proprium
712 4343 954 4414 indumentum
975 4355 1007 4412 et
1031 4341 1224 4432 cingulum.
1252 4341 1386 4409 Dicebat
1465 4363 1468 4370 ’

145 4432 235 4512 eninr,
263 4451 330 4502 non
360 4453 436 4502 essc
466 4430 632 4523 dignum,
663 4455 740 4516 eos,
773 4433 833 4521 qui
858 4431 973 4502 seculo
998 4431 1194 4510 militarent,
1229 4427 1385 4496 incedere
