2954 4816
240 291 305 354 tro
599 308 637 354 on
661 307 689 354 s.
716 306 892 355 snnsmsm
915 303 1060 353 aanrrnc
1307 285 1380 352 llllC.
1402 287 1437 350 25

239 396 257 480 ᾖ
281 394 357 464 88.
381 397 602 478 Posteaquam
623 413 700 462 vero
724 393 758 460 in
786 390 898 460 medio
923 391 1009 459 mari
1034 389 1184 469 fuerunt,
1207 388 1269 474 qui
1284 409 1337 458 eos
1353 387 1436 458 ducc-

196 481 280 552 bant
305 480 455 562 milites,
482 478 549 568 ipsi
573 479 712 566 quidem
739 480 899 569 cymbam
930 477 1117 565 qrramdam
1154 477 1388 554 ascendentes,
1408 478 1435 544 in

196 585 320 641 terram
343 570 567 659 navigarunt:
586 590 705 638 narem
725 581 852 650 autem,
871 589 959 658 quac
976 567 1122 636 ducebat
1138 566 1265 637 Christi
1283 579 1436 654 martyrem

195 681 274 731 cum
301 659 514 747 Eutychiano
529 669 562 725 et
577 657 721 727 caeteris
740 656 991 738 condemnatis,
1017 677 1099 725 curn
1120 655 1277 742 undiquc
1338 654 1437 723 rloras·

196 762 282 830 sent,
301 768 389 828 eam,
409 767 488 816 cum
506 746 540 814 in
563 758 656 815 tanto
675 759 868 815 versaretur
883 745 1047 835 periculo,
1067 743 1273 830 relinquunt
1317 743 1434 812 actibus.

197 838 252 907 Sic
276 857 395 905 navem
416 855 510 904 mare
527 835 671 924 tegebat,
692 847 724 904 et
739 836 790 906 eis
811 847 929 924 parata
947 857 967 904 a
987 839 1053 904 Deo
1073 832 1226 923 adjutrix
1248 833 1349 901 missa
1365 833 1434 900 beau

197 923 376 1006 Theodote,
402 935 436 992 et
459 923 531 992 velo
549 922 704 993 insidens
724 924 947 994 cernebatur:
973 936 1006 992 et
1028 921 1163 992 clavum
1190 920 1346 1022 dirigens
1366 941 1435 990 sccu-

197 1014 344 1094 rissime,
371 1012 420 1082 eis
446 1013 689 1102 navigantibus
712 1034 855 1082 cursum
882 1011 1066 1113 praebebat
1085 1009 1385 1079 secundissrmum.
1402 1006 1431 1074 hl

197 1114 322 1172 terram
347 1117 459 1170 autem
480 1121 598 1170 narem
617 1100 713 1170 duxit
728 1101 802 1170 sine
823 1100 987 1190 periculo.
1013 1099 1209 1182 Quinetiam
1236 1097 1380 1168 ostendit
1391 1101 1434 1164 lu·

198 1190 398 1278 tychianum
430 1190 536 1259 fuisse
566 1202 852 1260 connumeratum
882 1191 971 1259 inter
999 1188 1122 1257 Christi
1156 1199 1336 1276 martyres.
1371 1191 1434 1253 Tum
1470 1200 1471 1233 t

197 1280 322 1365 itoque,
343 1279 515 1366 quierant
538 1278 573 1346 in
596 1299 680 1347 nave
705 1277 936 1359 condemnati,
966 1276 1193 1366 obstupefacti
1218 1275 1389 1352 miraculo,
1409 1271 1435 1336 ad

197 1367 402 1456 Eutychiani
420 1367 522 1452 pedes
547 1366 769 1456 procidebant
792 1379 824 1436 et
849 1367 1022 1456 martyris,
1044 1378 1076 1434 et
1101 1364 1284 1454 rogabant,
1310 1377 1346 1434 ut
1367 1363 1436 1430 doce
1471 1403 1472 1482 p

198 1471 317 1526 rentur
341 1457 505 1526 rationem
532 1455 623 1525 fidei.
653 1460 697 1524 lla
721 1477 802 1546 ergo
821 1475 910 1542 quae
939 1455 1119 1546 petebant,
1147 1454 1348 1532 consecuti,
1371 1463 1397 1518 et
1415 1449 1436 1544 in
1471 1499 1472 1542 ,

198 1546 322 1636 pietate
349 1557 386 1613 ut
409 1556 550 1645 oportet,
579 1544 714 1625 initiati,
737 1545 771 1612 in
801 1543 924 1613 Christi
944 1565 1080 1634 gregem
1111 1555 1193 1611 sunt
1220 1540 1436 1632 cooptati,an

198 1647 295 1705 erant
318 1655 438 1702 omnes
455 1635 558 1703 simul
584 1645 721 1702 centum
747 1645 781 1702 et
804 1633 924 1722 viginti
946 1633 1020 1701 viri.
1471 1645 1472 1686 t

243 1725 365 1809 §tw
393 1727 483 1792 llaec
507 1722 604 1791 tertio
628 1735 704 1811 post
727 1721 783 1791 die
813 1721 1056 1812 significantur
1082 1718 1271 1790 Praefecto.
1299 1719 1435 1802 Quicum
1471 1747 1472 1778 t

199 1812 311 1881 statim
333 1831 456 1900 magno
481 1809 594 1879 studio
611 1822 717 1880 toturn
736 1809 830 1878 bunc
853 1810 1012 1890 chorum,
1033 1831 1143 1899 nuper
1168 1810 1354 1886 initiatum,
1374 1824 1437 1873 conr·
1471 1823 1472 1866 i

201 1899 448 1990 prehendisset,
459 1898 543 1967 etad
558 1898 706 1967 tribunal
719 1897 889 1968 sistendos
905 1910 1071 1978 curasset,
1084 1919 1142 1967 eos
1153 1899 1343 1968 arbitratus
1356 1893 1436 1963 adhuc
1471 1903 1472 1952 t

201 1991 346 2079 primam
373 1987 746 2072 servaresententiam,
766 1987 815 2056 eis
832 2009 956 2057 aurum
973 1986 1097 2056 obtulit
1119 1998 1152 2055 et
1175 1986 1328 2066 divitias,
1353 1996 1380 2052 et
1399 1981 1435 2074 hoj
1471 1999 1472 2002 ’

201 2099 299 2148 nores
320 2077 443 2168 partim
461 2074 600 2162 quidem
616 2075 688 2162 jam
713 2075 905 2164 praebebat,
933 2077 1057 2165 partim
1077 2096 1154 2144 vero
1175 2074 1402 2164 pollicebatur,
1420 2087 1435 2133 st
1471 2101 1472 2110 ,

201 2166 310 2238 solum
330 2165 469 2234 vidisset
487 2175 646 2245 mutatos,
668 2175 700 2232 et
724 2185 846 2234 rursus
866 2165 1026 2254 gentilem
1053 2176 1228 2234 servantes
1255 2163 1315 2233 reli
1343 2163 1433 2229 ionem-

200 2261 381 2342 Postquam
399 2264 511 2322 autem
531 2274 590 2342 spe
614 2251 711 2322 valde
727 2252 792 2322 fuit
810 2251 929 2334 falsus,
949 2253 1051 2322 fortes
1074 2265 1107 2322 et
1128 2252 1263 2324 validos
1279 2185 1388 2320 vilers
1402 2265 1435 2312 oo·
1471 2258 1472 2300 t

203 2365 277 2413 rum
296 2343 441 2422 animos
461 2343 510 2410 cis
534 2354 652 2411 contra
669 2341 869 2411 ostendebat
892 2363 993 2410 enses
1019 2341 1141 2420 nudos,
1161 2354 1194 2410 et
1212 2342 1342 2431 ignem,
1362 2349 1387 2406 et
1402 2355 1434 2398 rt·
1471 2345 1472 2388 t

202 2431 362 2522 tepultas,
381 2443 414 2498 et
437 2430 645 2520 sartagines:
673 2452 692 2496 tt
709 2431 740 2499 Si
768 2431 905 2510 nolitis,
933 2431 1065 2508 dicens,
1094 2441 1128 2499 at
1152 2431 1239 2500 haec
1261 2425 1319 2498 vo's
1346 2423 1435 2496 inritos
1471 2433 1472 2476 t

203 2519 458 2609 persuadebunt
483 2517 689 2588 sacrificare.
708 2541 724 2584 »
743 2523 924 2609 Postquam
947 2531 1060 2588 autem
1090 2517 1140 2588 illi
1164 2539 1336 2605 exaequo
1359 2527 1434 2596 nequ

202 2610 425 2700 vincebantur
441 2629 460 2676 a
478 2607 590 2686 malis,
619 2607 739 2676 neceb
763 2607 909 2694 iisquae
934 2608 1023 2678 bona
1049 2607 1268 2688 videbantur,
1296 2613 1435 2698 converte·
1471 2641 1472 2655 ,

202 2700 337 2779 bantur,
363 2717 442 2765 cum
468 2717 526 2764 eos
551 2696 648 2784 prius
670 2695 787 2766 multis
811 2697 977 2767 affecisset
1002 2697 1190 2776 tormentis,
1220 2694 1344 2764 deinde
1364 2703 1434 2760 ctiam

203 2786 320 2872 iniqua
349 2797 455 2854 morte
479 2805 536 2854 eos
561 2782 780 2852 condemnat.
803 2789 1007 2855 Generosam
1033 2805 1110 2854 vero
1138 2784 1264 2855 Christi
1289 2793 1435 2870 martyrem

197 2875 296 2962 jubet
321 2873 430 2944 tribus
456 2873 543 2963 polis
568 2871 755 2963 alligatam,
782 2884 815 2942 ct
845 2874 924 2964 igne
953 2872 1108 2961 undique
1131 2872 1385 2946 circumdatam,
1406 2881 1436 2930 sn

203 2963 304 3030 linem
327 2961 442 3030 subire
458 2961 624 3050 martyrii.
652 2961 747 3043 Quod
773 2961 912 3048 quidem
938 2985 1016 3031 cum
1042 2961 1194 3032 celeriter
1216 2961 1342 3030 factum
1364 2962 1434 3024 esset.
1457 2973 1472 3040 ε,

202 3051 433 3207 ipsabquoque
452 3049 484 3117 in
507 3049 669 3118 manibus
688 3049 742 3118 bei
759 3051 812 3119 sui
829 3051 970 3141 deponit
985 3050 1144 3141 spiritum
1162 3073 1231 3119 xxn
1253 3047 1374 3118 mensis
1395 3046 1435 3108 lt·
1458 3099 1463 3141 :

203 3161 274 3208 cem
306 3161 364 3206 rrs.
1458 3146 1472 3205 l

246 3230 263 3314 ξ
287 3231 368 3300 eff).
395 3225 571 3316 Apollonia
595 3239 708 3296 autem
734 3228 903 3314 quaedam
930 3227 1055 3297 mulier
1078 3247 1200 3317 genere
1219 3223 1435 3317 insignisprfl·
1459 3225 1464 3316 ἦ

201 3329 276 3386 cata
292 3314 453 3384 Praefecti
478 3336 631 3396 uxorem,
654 3315 780 3406 accipit
802 3337 940 3386 sacrum
964 3337 1091 3406 corpus
1107 3315 1322 3386 Anastasiae:
1339 3321 1434 3379 etcum
1459 3338 1472 3383 ·,;

202 3407 316 3495 ipsum
336 3403 508 3493 praeclare
531 3417 564 3474 et
580 3417 618 3474 ut
634 3406 808 3493 oportebat
832 3404 1044 3486 honorasset,
1070 3403 1212 3494 deponit
1236 3404 1272 3474 in
1299 3403 1382 3471 horto
1396 3391 1435 3459 dt·
1460 3395 1465 3480 l

203 3517 280 3564 mus
297 3515 391 3564 suae.
407 3498 524 3563 Postea
542 3514 619 3562 vcro
637 3493 803 3582 templum
816 3494 1085 3580 quoqueexcitat
1099 3493 1241 3582 martyri
1256 3487 1432 3650 praeclarum

201 3595 233 3652 et
259 3582 495 3673 magnificum,
523 3593 554 3650 et
580 3593 694 3670 postea
720 3582 992 3652 anniversarium
1018 3581 1047 3650 ei
1072 3582 1197 3652 festum
1214 3573 1434 3668 cestretlpst
1464 3625 1465 3639 ,

202 3693 310 3740 annos
328 3685 440 3741 autem
469 3669 606 3752 multos,
634 3671 808 3742 civitatum
827 3670 1039 3760 felicissima,
1066 3665 1380 3760 Constantinopolis,
1398 3675 1433 3753 ω’
1461 3748 1465 3759 ,

202 3782 319 3846 quam,
337 3761 411 3850 ejus
432 3757 474 3828 ad
500 3780 536 3827 se
558 3772 751 3848 exportatas
774 3760 919 3849 suscipit
935 3759 1108 3847 reliquias,
1134 3773 1167 3828 ct
1189 3781 1247 3828 eas
1271 3757 1393 3844 depoott
1409 3761 1432 3838 'l
1465 3767 1472 3820 ¹t

205 3849 387 3938 magnifico
413 3846 539 3936 templo
563 3861 596 3916 et
618 3869 656 3916 ea
682 3847 799 3939 digno,
823 3849 1022 3918 thesaurum
1044 3847 1226 3929 bonorum,
1254 3846 1367 3916 fontem
1388 3851 1431 3902 tot·
1471 3881 1472 3884 =

204 3938 414 4018 reculorum,
440 3936 750 4007 corroborationem
775 3937 912 4006 animae
927 3951 960 4006 et
974 3938 1144 4026 corporis:
1171 3936 1217 4006 td
1242 3933 1371 4028 gloriam
1391 3926 1430 3989 ll⁴
1466 3988 1467 4012 ,

205 4028 275 4098 tris.
304 4025 376 4094 Filii
402 4037 434 4092 et
458 4025 606 4112 Spiritus
626 4027 759 4106 Sancti,
786 4027 891 4094 unius
911 4023 1100 4094 divinitatis
1115 4037 1147 4094 et
1168 4025 1282 4113 regni:
1306 4037 1355 4089 cur
1374 4025 1431 4079 con·

205 4115 294 4184 venit
325 4114 438 4184 omnis
471 4111 591 4194 honor,
619 4114 778 4198 majestas
800 4127 834 4184 ct
858 4114 1125 4205 magnificentia,
1148 4135 1240 4183 nunc
1262 4122 1293 4180 et
1314 4114 1427 4188 semper·

204 4203 286 4270 etin
308 4202 422 4272 secula
440 4200 649 4281 seculorum,
669 4207 784 4272 lmen.
