2932 4812
247 201 311 264 576
520 217 558 263 on
582 218 609 264 s.
637 216 742 264 rnoiiii
767 213 913 264 inanior.
941 215 1153 264 esurusmnit.
1309 194 1426 260 bitin

203 301 387 372 millesimo
413 303 599 372 centesimo
626 303 881 392 septuagesimo
905 301 933 369 *.
961 301 1068 371 Caede
1086 312 1286 390 perpetrata,
1311 295 1426 366 infelices

202 389 266 470 iiii,
294 405 325 461 ct
349 393 490 463 caeteris
513 390 699 460 homicidis
724 391 959 473 immaniores,
987 387 1210 480 gloriabundi
1234 409 1291 478 per
1312 383 1388 456 aedes
1404 397 1426 449 ei

203 477 358 550 officinas
374 478 628 570 archiepiscopi
642 478 855 560 discurrunt,
872 499 1011 560 aurum,
1034 491 1229 569 argentum,
1252 487 1424 547 vestanen

204 570 364 659 pretiosa,
380 568 485 639 libros
509 581 541 636 et
564 568 734 638 Ecclesiae
748 567 886 638 chartas
901 583 1004 655 atque
1025 567 1216 658 privilegia,
1233 563 1426 656 permuinqu

204 657 273 728 alia
297 658 478 747 diripiunt.
505 655 588 726 Inde
612 657 646 725 in
672 657 749 742 ejus
773 656 940 738 clericos,
966 655 1109 726 clientes
1135 668 1168 724 et
1194 667 1342 745 parentes
1363 671 1426 719 suani

204 759 335 817 exercet
359 745 576 835 tyrannidem
604 745 741 835 publica
769 758 927 836 potestas,
955 743 1170 832 diversisque
1193 744 1327 813 allectos
1345 753 1427 808 conin-

205 835 329 915 meliis,
351 837 461 924 privat
484 833 717 916 facultatibus,
737 838 779 903 ita
809 847 848 903 ut
869 833 984 903 miseri
1016 846 1048 902 et
1081 831 1231 902 mendici
1257 831 1427 922 perignem

204 924 398 1014 provincias
414 923 562 1014 dispersi
582 925 663 993 sint.
689 927 793 993 Nemo
819 944 896 992 vero
921 924 1004 994 satis
1028 923 1200 1012 explicare
1223 935 1426 1011 queat-quii·

205 1023 261 1082 tus
284 1033 419 1082 moeror
441 1013 611 1082 civitatem
641 1011 841 1101 occuparit,
869 1024 944 1102 post
969 1032 1048 1081 uam
1075 1010 1193 1081 audita
1217 1024 1267 1082 est
1296 1009 1372 1078 bean
1387 1023 1426 1098 nn

204 1099 336 1172 caedes.
364 1105 486 1191 Magno
505 1123 588 1171 sane
611 1100 774 1172 omnibus
790 1099 925 1170 horrori
946 1033 1014 1171 luit
1037 1112 1106 1170 iam
1124 1098 1264 1169 crudele
1287 1097 1426 1183 laciniae]

204 1189 350 1259 ecclesia
368 1188 600 1280 designatum.
624 1189 795 1264 celaverat
819 1189 871 1258 vir
895 1203 1034 1260 sanctus
1059 1210 1187 1280 magno
1211 1186 1335 1266 studio,
1355 1198 1427 1278 quoa·

207 1279 298 1358 vixit,
325 1280 539 1350 sanctitatem
565 1299 689 1348 suam:
715 1277 772 1348 sed
798 1298 873 1347 eam
901 1299 967 1348 non
994 1299 1117 1368 passus
1141 1287 1192 1347 est
1215 1275 1344 1347 diutius
1363 1273 1425 1368 lain

204 1367 422 1457 omnipotens
448 1371 556 1437 Deus:
582 1367 642 1436 sed
667 1381 743 1457 post
761 1365 880 1436 iusum
905 1367 1110 1457 sanguinem
1130 1364 1249 1436 muliis
1269 1387 1341 1435 eam
1363 1379 1428 1429 nira-

205 1455 295 1526 culis
318 1455 520 1527 declaravit:
552 1477 671 1526 verum
703 1478 742 1526 ea
771 1456 869 1526 initio
896 1455 1173 1536 occultabantur,
1205 1467 1370 1542 tamquam
1389 1467 1424 1544 nn

205 1543 367 1615 habitura
391 1544 514 1615 iidem:
540 1543 649 1615 donec
673 1544 716 1614 iis
742 1542 982 1635 multiplicatis
996 1544 1100 1614 cessit
1119 1543 1381 1614 adversariorum
1395 1556 1430 1602 in·

206 1633 326 1723 pietas,
348 1647 381 1704 ei
405 1633 618 1704 obstructum
639 1646 690 1704 est
706 1655 744 1703 os
763 1632 979 1721 loquentium
998 1631 1128 1790 inigua.

250 1724 268 1810 ξ
294 1727 374 1795 ²10.
396 1727 532 1794 Postero
555 1721 612 1791 die
631 1721 793 1812 martyris
814 1743 874 1792 cor
899 1743 941 1792 us
961 1743 1046 1792 mun
1074 1721 1233 1792 issimum
1257 1719 1385 1808 quidam
1404 1713 1429 1778 b

206 1811 287 1894 turi,
297 1810 340 1881 ad
352 1811 481 1882 nudam
497 1831 634 1882 carnem
647 1811 827 1880 inveniunt
839 1743 1104 1911 ciliciumquod
1118 1810 1423 1902 porrigebaturmna

206 1899 248 1968 ad
274 1920 411 1992 genua,
440 1921 548 1988 eoque
571 1899 760 1970 admodum
786 1901 901 1970 stricte
924 1897 1037 1969 lemur
1059 1911 1212 1970 cinctum
1240 1910 1322 1968 erat.
1349 1899 1385 1964 Ea
1401 1909 1428 1956 ra

205 1991 400 2078 conspecta,
424 1989 538 2078 largos
560 1989 856 2089 exupraesentium
882 1988 995 2058 oculis
1017 1987 1250 2078 lacrymarum
1272 1986 1385 2056 imbres
1402 1999 1427 2044 n·

206 2077 340 2168 pressit.
360 2079 551 2168 Apparebat
566 2099 658 2146 emm
684 2088 767 2148 tunc
791 2077 884 2167 rigor
900 2077 1139 2167 poenitentiae,
1158 2089 1190 2146 et
1207 2075 1294 2147 vitae
1309 2083 1427 2164 asperii

206 2178 308 2253 atque
329 2167 510 2248 ‚sanctitas
528 2187 617 2254 quae
640 2177 741 2236 antea
765 2165 818 2236 vix
839 2166 1060 2256 paucissimis
1083 2165 1315 2236 familiaribus
1336 2176 1423 2248 cogni

205 2253 328 2325 fuerat.
349 2254 529 2326 conditum
555 2254 635 2324 inde
661 2267 713 2326 est
736 2254 970 2325 venerandum
997 2275 1124 2344 corpus
1154 2255 1190 2323 in
1215 2265 1331 2344 crypta
1353 2249 1428 2318 adiit·

207 2343 291 2413 dum
317 2343 505 2414 honorilice
531 2356 564 2414 et
592 2356 791 2413 reverenter.
813 2348 918 2414 Tanta
943 2363 1021 2414 vero
1046 2355 1161 2414 secuta
1186 2357 1269 2413 sunt
1295 2338 1428 2410 miracul.

206 2443 245 2502 ut
265 2433 293 2502 si
310 2431 510 2522 singulatim
530 2433 772 2514 scriberentur,
789 2432 919 2502 inlirmi
937 2433 991 2502 vix
1011 2433 1081 2502 sint
1103 2430 1281 2502 credituri.
1299 2436 1370 2500 Toto
1385 2441 1423 2488 iti

207 2541 311 2602 anno,
328 2520 478 2611 demptis
501 2519 625 2592 diebus
649 2521 779 2603 decern,
799 2522 835 2590 in
860 2523 936 2679 egos
959 2519 1104 2590 ecclesia
1131 2521 1324 2590 conticuere
1352 2509 1430 2610 laudi·

207 2609 344 2678 divinae
359 2620 392 2679 et
416 2611 597 2680 Missurum
623 2609 803 2680 solemnia.
824 2615 868 2679 Su
897 2611 942 2679 iio
965 2621 1079 2680 autem
1104 2621 1137 2679 et
1160 2623 1295 2699 praeter
1319 2617 1431 2678 omnim

207 2699 506 2787 exspectationem,
530 2701 595 2770 lico
623 2698 811 2770 ulciscente
838 2698 954 2769 lusum
985 2719 1046 2768 san
1100 2697 1190 2768 inem
1223 2696 1371 2854 margus
1389 2707 1430 2756 sut-

208 2807 275 2876 pax
300 2787 397 2876 regni
417 2786 616 2878 perturbata
630 2800 693 2869 est,
710 2788 874 2858 excitatae
894 2799 975 2859 sunt
999 2809 1034 2859 se
1063 2787 1196 2868 itiones,
1217 2798 1250 2857 et
1272 2789 1313 2858 be
1326 2784 1384 2878 lun
1398 2793 1432 2842 tt·

208 2875 275 2943 titit
298 2875 513 2946 intestinum.
541 2875 648 2946 Filius
671 2877 819 2946 incurrit
854 2877 889 2946 in
916 2888 1069 2967 patrem,
1103 2887 1135 2946 et
1167 2889 1264 2966 pater
1290 2876 1323 2944 in
1344 2868 1430 2940 filiurn

207 2983 424 3052 regnumque
440 2965 475 3034 in
493 2964 542 3034 sei
570 2985 646 3036 sum
665 2963 829 3047 divisum,
844 2965 989 3036 celerem
1006 2963 1248 3037 desolationem
1267 2960 1425 3034 minabatur

208 3054 431 3123 Nortmennia
456 2987 572 3124 iosiill
596 3053 712 3144 gladio
734 3053 888 3124 ferienda
911 3052 1037 3124 tradita
1058 3066 1119 3124 est.
1138 3054 1259 3146 anglia
1275 3054 1432 3124 contremui

207 3152 239 3209 et
263 3155 434 3212 commota
453 3155 503 3212 est
527 3165 547 3212 a
571 3141 657 3212 lacic
675 3141 786 3212 cladis
805 3143 1030 3213 imminentis.
1049 3141 1261 3214 Obsidebant
1275 3161 1344 3212 earn
1357 3138 1433 3224 bost-⁴

207 3229 374 3318 undique,
392 3243 425 3301 et
448 3231 542 3300 intus
566 3231 746 3303 vastabant
760 3231 914 3303 exitiales
932 3231 1128 3313 seditiones,
1147 3231 1227 3304 aliis
1242 3245 1370 3322 patrem
1384 3218 1432 3310 ⁸¹¹¹?

208 3317 319 3388 filium
346 3341 486 3390 causam
514 3319 693 3410 justiorem
718 3319 832 3390 fovere
859 3319 1105 3391 asserentibus.
1125 3320 1188 3390 Sed
1212 3319 1342 3390 tandem
1359 3317 1431 3406 santi

209 3408 371 3497 martyris
395 3407 526 3479 meritis
552 3430 615 3497 pax
641 3408 773 3480 reddita
797 3420 857 3490 est,
886 3423 918 3478 et
950 3410 1026 3500 eius
1050 3409 1237 3482 adversarii
1265 3413 1431 3499 propensior

209 3495 323 3566 studio
348 3495 446 3598 illum
469 3498 617 3567 venerati
638 3511 719 3570 sunt
747 3496 972 3581 defunctum,
1003 3519 1107 3586 quam
1141 3499 1305 3569 viventem
1338 3492 1431 3561 iuerad

210 3599 392 3674 persecuti.

235 3801 247 3828 't
263 3798 274 3820 ⁸
289 3800 386 3848 Singula
400 3801 510 3850 persequi
525 3801 600 3850 pietas
615 3809 661 3841 non
676 3801 801 3852 permittit.
815 3811 874 3851 quse
884 3799 1004 3843 carnifices
1015 3801 1186 3848 immanissimi.
1195 3803 1236 3844 Del
1247 3793 1431 3859 timorecantaiti'„⁴

208 3857 232 3896 ei
247 3855 295 3894 tam
309 3855 363 3894 ilaei
378 3865 448 3904 quam
463 3851 537 3895 totius
552 3852 706 3895 numanitatis
720 3853 875 3899 immemores.
889 3855 1062 3898 commiserant.
1080 3857 1132 3898 iton
1146 3855 1209 3897 enim
1219 3853 1307 3896 summit
1315 3861 1345 3893 eu
1352 3851 1421 3910 manb-

208 3909 338 3949 ssoerdotis
352 3913 375 3948 et
390 3917 446 3948 neco
461 3909 585 3957 profanare
595 3904 718 3949 ecclesiam
728 3913 751 3949 ei
761 3908 822 3950 diem
837 3910 1013 3950 sanctissimum
1021 3908 1146 3954 incestare.
1155 3906 1296 3956 niobem-oni
1304 3904 1378 3953 capilii·
1386 3899 1425 3961 qen

208 3959 270 4002 sacri
284 3959 418 4002 chrismat-is
433 3961 512 4000 unctio
527 3963 574 4001 Deo
589 3961 716 4008 dicaverat.
732 3961 859 4012 amputati.
873 3963 936 4012 quod
952 3965 1024 4004 etiam
1034 3965 1100 4004 dictu
1108 3963 1222 4004 horribile
1230 3963 1272 4004 est.
1281 3955 1366 4001 maestis
1375 3947 1430 4000 gisl*

205 4017 256 4064 jem
270 4015 377 4055 defuncti
390 4015 504 4063 ejicerent
518 4015 649 4060 cerebrum.
663 4021 687 4056 et
701 4025 743 4066 per
752 4016 913 4064 pavimentum
924 4027 978 4058 oum
988 4027 1071 4058 cruore
1080 4018 1104 4058 et
1113 4016 1206 4057 ossibus
1215 4012 1361 4056 emneuuime
1369 4009 1427 4074 wlff

209 4071 270 4114 rent.
287 4066 437 4108 immaniores
452 4065 538 4107 Christi
553 4067 738 4115 crucinxoribus.
752 4069 794 4118 qui
803 4070 855 4117 eina
865 4079 934 4110 crura
943 4080 1013 4120 quem
1023 4068 1110 4111 obiisse
1119 4071 1233 4112 sitierant,
1241 4067 1299 4110 sient
1306 4063 1370 4105 &bit
1377 4063 1425 4094 ‘W‘

208 4121 276 4165 tium.
290 4131 338 4161 non
351 4121 493 4161 censuerant
507 4129 560 4161 esse
572 4121 705 4170 irnngonda.
715 4120 793 4162 sedin
803 4120 842 4163 bis
852 4123 960 4164 omnibus
970 4121 1115 4164 cruciatibus
1124 4125 1206 4164 inuicti
1215 4121 1283 4163 enimi
1290 4122 1312 4160 et
1319 4105 1426 4179 'ffl'm'll

208 4175 356 4214 conscentias
370 4177 459 4224 martyr
472 4183 515 4214 neo
528 4174 627 4214 verbnm
636 4175 744 4224 protulit.
754 4185 797 4215 nec
807 4176 934 4217 clamorem
944 4175 1029 4222 emisit.
1039 4187 1082 4218 nso
1091 4177 1165 4218 edidit
1174 4175 1288 4227 gemitum,
1297 4179 1333 4210 itte
1341 4161 1428 4226 brachi-s

209 4225 251 4262 eut
265 4228 356 4266 vestem
370 4227 478 4277 opposuit
493 4224 598 4273 lanianti:
612 4229 653 4268 sed
671 4231 741 4276 caput
755 4229 902 4274 inclinatum.
916 4231 978 4279 quod
989 4227 1071 4280 gladiis
1080 4229 1313 4280 exposuernbrirtnie
1322 4219 1427 4279 admirari—..¹

209 4273 283 4314 donoc
294 4283 506 4325 consummaretur.
516 4281 610 4320 tenebat
620 4278 779 4327 immenasas
789 4283 881 4324 tandem
891 4285 915 4324 ln
926 4289 1012 4324 terrem
1022 4282 1146 4333 prbclrious
1155 4286 1218 4325 recto
1228 4267 1429 4329 corpore.1¹t⁰i‘³l''·

209 4327 284 4365 movit
294 4333 334 4368 aut
345 4341 439 4375 manum
450 4362 461 4382 μ
471 4333 513 4385 (Ex
524 4333 621 4383 iipisroia
630 4333 728 4376 ioannis
739 4335 861 4382 acrisoni..
870 4346 931 4378 suno
942 4335 1008 4388 iiii).
