2932 4812
236 301 299 365 612
509 315 548 362 na
572 315 599 362 s.
627 315 801 363 siivasmo
827 315 907 362 riri
931 314 968 361 rr
993 313 1142 362 coxrrss.
1293 291 1361 357 titt.
1379 291 1403 353 ll

190 423 270 472 cum
297 400 477 470 indixisset
503 401 666 470 omnibus
687 399 876 480 silentium,
903 411 936 469 et
960 397 1113 468 sedasset
1140 396 1329 474 tumultum,
1351 392 1407 462 dicit

190 491 350 562 ludaeis:
379 513 396 556 ii
419 494 488 559 Non
510 500 593 558 sunt
616 489 718 558 verba
742 501 872 558 vestrae
898 489 1120 588 Scripturas:
1149 491 1213 578 Epo
1240 485 1370 558 occidam,
1389 491 1408 548 ct

190 583 302 650 oiocrc
325 581 452 669 sociam
474 577 587 666 (Duil.
613 578 726 666 xxxii),
746 578 836 647 utin
858 599 927 664 qua
952 590 995 648 sit
1014 581 1103 646 Deus
1118 576 1321 664 omnipotens
1336 573 1407 639 intro·

190 669 317 739 ductus
335 669 397 737 hoc
421 666 554 735 dicere?
571 690 588 734 ii
606 666 661 735 Illi
686 679 813 746 autem,
841 666 925 735 haec
945 667 993 735 ita
1017 665 1202 744 sababum,
1221 662 1407 733 assensisuii.

193 759 267 828 «si
301 779 394 846 ergo,
421 755 506 824 dixit
537 754 725 845 sylvester,
757 777 797 824 ex
822 759 888 825 Deo
909 777 928 824 a
952 756 1095 824 Zambrc
1125 751 1303 843 perlectum
1330 748 1408 818 luitut

193 858 392 924 moreretur,
421 865 480 931 per
499 844 653 934 ejusdem
673 865 793 913 rursus
812 843 1063 913 invocationem
1089 843 1157 922 liet,
1179 855 1215 912 ut
1238 841 1304 931 ipse
1319 857 1407 926 quoquc

193 936 383 1005 reviviscat.
411 938 468 1002 Est
490 935 582 1002 enini
617 933 793 1002 beneficus
820 937 929 1014 Deus,
958 953 1024 1002 non
1064 931 1251 1002 maleficus.
1289 925 1361 997 Illud
1380 935 1408 992 eit

191 1026 282 1094 enini
308 1024 339 1091 ei
365 1025 499 1104 naturd,
523 1023 586 1092 hoc
604 1044 682 1092 vero
696 1035 828 1111 praeter
849 1035 1021 1090 naturam.
1041 1027 1079 1089 Et
1105 1019 1296 1090 benefacere
1315 1013 1409 1104 quiden

190 1126 241 1182 est
257 1113 288 1180 ei
301 1111 547 1190 voluntai·ium;
564 1110 765 1180 malefacere
780 1124 908 1190 autem,
930 1109 1117 1179 violentum
1135 1121 1169 1179 et
1181 1103 1408 1179 involuntarium

194 1201 380 1270 citantem
408 1221 660 1286 nonnunquam
687 1212 827 1290 propter
850 1199 1047 1286 aliquorum
1075 1198 1269 1268 utilitatem.
1301 1196 1329 1264 Si
1348 1213 1409 1286 eigo.

190 1289 282 1377 quod
301 1302 351 1358 est
376 1300 508 1378 praeter
532 1301 703 1368 naturam,
732 1302 764 1357 et
783 1288 914 1376 quoda
942 1293 1006 1357 beo
1031 1309 1098 1356 non
1126 1309 1189 1356 sua
1214 1296 1325 1375 sponte
1343 1301 1411 1351 susci·

191 1379 296 1469 phur,
317 1392 385 1446 tam
406 1377 505 1447 lacile
531 1377 716 1466 perlectum
747 1392 798 1447 est
817 1399 835 1446 a
860 1377 1020 1458 zambre,
1054 1375 1192 1446 facilius
1220 1373 1364 1445 efficietur
1379 1367 1409 1434 il.

190 1466 283 1554 quod
308 1479 359 1536 est
382 1467 413 1534 ei
431 1466 622 1538 secundum
647 1479 819 1548 naturam,
846 1480 877 1535 et
902 1466 1077 1536 decaetero
1102 1485 1206 1553 quern
1233 1464 1353 1534 nomine
1371 1462 1409 1528 la,

191 1567 230 1626 ut
262 1557 335 1644 ipse
362 1554 457 1638 dicit,
483 1555 608 1626 occidit
628 1568 779 1635 taurum,
811 1555 838 1623 si
861 1576 982 1634 rursus
1008 1554 1230 1640 vivificaverit
1256 1548 1411 1621 invocationi

191 1645 453 1735 omnipotentis,
483 1667 536 1712 me
555 1665 692 1732 quoque
715 1643 855 1714 babebit
871 1644 947 1731 ejus
965 1643 1078 1714 verbis
1102 1644 1370 1713 assentientemi

235 1736 254 1820 ᾖ
277 1737 356 1806 85.
384 1734 444 1803 His
464 1735 512 1802 sic
530 1733 660 1803 dictisa
679 1732 734 1800 llei
754 1734 950 1823 interprete,
973 1733 1154 1802 lambres:
1184 1755 1204 1799 ti
1222 1728 1359 1818 strophis
1371 1743 1410 1789 ui-

192 1823 328 1899 borum,
357 1822 480 1912 inquit,
502 1821 607 1890 iratus
628 1821 808 1910 sylvester,
837 1843 856 1891 o
878 1827 1078 1912 Imperator,
1100 1841 1161 1911 per
1178 1843 1218 1891 ea
1243 1818 1309 1890 vult
1336 1813 1410 1885 adin·

191 1911 291 2011 brace
317 1911 362 1992 id,
382 1911 471 1998 quod
500 1911 600 1980 modo
625 1909 751 1980 lactum
777 1923 828 1980 est
853 1910 1083 1990 miraculum,
1108 1911 1164 1979 Dei
1192 1908 1332 1980 nominis
1357 1905 1411 1970 inu·

191 2013 337 2070 catione.
366 1999 427 2068 Sed
461 2021 528 2068 non
564 2021 652 2090 opus
679 2010 730 2068 est
754 2020 847 2067 nunc
871 2000 1005 2080 verbis,
1044 2020 1251 2069 neccarum
1281 2005 1411 2066 ornatae·

192 2089 454 2176 probabilitate:
483 2089 580 2157 lactis
605 2099 718 2158 autern
744 2109 832 2178 opus
856 2101 917 2157 est.
948 2093 986 2158 Ec
1011 2089 1039 2158 si
1062 2102 1205 2175 quaest
1231 2088 1289 2158 tibi
1305 2088 1412 2152 viriosa

191 2178 369 2278 Episcope,
389 2189 421 2246 et
438 2183 532 2257 lesu,
560 2178 619 2263 qui
645 2199 664 2244 a
689 2190 720 2244 te
743 2177 879 2258 colitur,
906 2199 981 2247 eain
1014 2175 1112 2246 lactis
1131 2176 1283 2248 ostende.
1299 2198 1314 2240 i
1330 2167 1412 2230 -ilt

192 2289 254 2347 vis,
282 2267 394 2352 inquit
419 2264 476 2334 ille
501 2267 745 2341 beatissimus,
773 2265 951 2336 ostendam
980 2265 1104 2334 Christi
1130 2267 1300 2344 virtutem,
1328 2263 1414 2329 imort-

192 2358 282 2425 tione
306 2357 381 2442 ejus
410 2355 529 2423 bovem
556 2353 744 2435 vivificans,
777 2377 880 2442 quein
918 2367 953 2424 tu
979 2353 1237 2424 interfecistilii
1262 2374 1329 2417 -c
1349 2343 1414 2415 laiht

192 2457 272 2514 sunt
290 2445 384 2542 haec,
411 2467 430 2512 o
456 2443 646 2530 Sylvester,
678 2443 791 2531 inquit
821 2445 992 2524 lambres,
1022 2457 1054 2513 et
1078 2445 1196 2515 inanis
1221 2440 1355 2533 jactatio.
1372 2436 1413 2501 ‚lat

192 2545 301 2623 potest
316 2553 407 2602 enim
435 2532 520 2612 lieri,
547 2545 584 2602 ut
602 2544 723 2603 taurus
747 2533 947 2603 vivificetur.
970 2555 987 2597 ii
1009 2533 1045 2601 ai
1066 2546 1182 2602 autern
1213 2532 1294 2602 dicit
1317 2537 1413 2612 maguti

192 2622 458 2692 Constantinus:
483 2641 500 2686 <i
523 2620 555 2688 si
573 2643 653 2710 erga
671 2620 762 2708 quod
783 2633 821 2692 tu
834 2621 923 2690 dieis
940 2622 1014 2690 lieri
1029 2643 1097 2690 non
1125 2643 1238 2712 posse,
1257 2616 1350 2711 possit
1366 2615 1414 2696 tp-

192 2733 318 2800 scopus
344 2711 386 2779 ad
412 2733 500 2800 opus
525 2709 715 2790 deducere,
742 2711 863 2800 ejusne
893 2711 1005 2780 verbis
1038 2711 1258 2791 assentieris,
1293 2719 1321 2777 et
1349 2707 1414 2794 bittit

191 2821 265 2899 esse
289 2799 507 2868 confiteberis
522 2819 614 2878 euni,
641 2799 701 2886 qui
722 2798 765 2868 ab
791 2800 867 2889 ipso
892 2799 1135 2890 praedicaturi
1152 2822 1171 2866 ii
1187 2839 1232 2850 —-
1248 2821 1264 2864 ii
1280 2801 1370 2868 Certe·
1385 2805 1416 2850 tl·
1447 2833 1448 2836 ¹

184 2900 276 2976 uuit,
303 2891 543 2978 olniperator‚
566 2887 647 2977 juro
673 2907 732 2976 per
756 2887 916 2968 salutem,
945 2887 975 2958 si
1000 2887 1115 2958 videro
1140 2889 1235 2959 hunc
1261 2895 1416 2956 tauruntv

191 2997 344 3065 surgere,
373 2978 444 3132 ipse
468 2997 604 3064 quoque
629 2975 801 3047 Christum
823 2976 954 3046 latebor
980 2971 1098 3056 Deuiii,
1122 2987 1155 3046 et
1185 2999 1239 3046 me
1267 2971 1416 3044 submittant

192 3063 354 3153 Sylvestri
402 3065 542 3154 ogmati.
564 3088 581 3130 >i
601 3069 671 3134 Hoc
695 3085 815 3136 omnes
832 3085 970 3155 quoque
985 3063 1206 3136 affirmarunt
1224 3061 1344 3134 ludaei.
1357 3059 1416 3122 liin·

191 3175 272 3244 ergo
298 3158 465 3236 Sanctus,
491 3175 570 3222 cuni
597 3175 689 3242 genu
714 3155 876 3238 llexisset,
903 3169 936 3224 et
960 3155 1033 3225 solo
1057 3168 1162 3246 caput
1200 3151 1381 3225 demisisset.
1399 3145 1416 3202 ct

188 3242 309 3313 oculos
330 3242 505 3332 irrigasset
529 3243 680 3313 lluxione
703 3243 895 3314 calidarum
928 3243 1187 3332 lacrymarum,
1215 3248 1314 3312 Deum
1338 3253 1380 3325 titt
1396 3243 1417 3323 p

191 3331 310 3402 oravit.
337 3332 461 3432 beinde
481 3353 639 3422 surgens,
658 3343 690 3401 et
717 3353 841 3403 manus
866 3333 901 3401 in
930 3331 1039 3402 altum
1064 3333 1199 3413 tollens,
1226 3327 1416 3401 dimicanti

191 3422 433 3491 audientibus:
461 3443 478 3486 ii
501 3421 644 3490 Domine
667 3425 750 3492 lesu
775 3421 916 3502 Christe,
943 3423 1004 3510 qui
1028 3443 1064 3491 es
1094 3423 1149 3491 bei
1175 3421 1269 3492 lilius
1286 3427 1316 3487 et
1341 3417 1415 3502 lietb

187 3511 246 3580 cui
269 3509 367 3580 facile
386 3523 436 3579 est
461 3509 633 3580 vivificare
658 3521 690 3580 et
715 3523 822 3580 morte
838 3509 985 3590 afficere,
1007 3525 1182 3599 percutere
1206 3523 1239 3580 et
1254 3493 1416 3578 sanareltll

191 3598 335 3688 placeat,
363 3613 401 3670 ut
418 3599 473 3668 liic
494 3599 567 3678 bos,
588 3598 650 3686 qui
669 3598 847 3670 daemonis
864 3600 1077 3669 invocatione
1102 3610 1211 3670 morte
1226 3598 1288 3667 luit
1304 3592 1415 3682 allectit-

190 3710 211 3757 a
228 3700 346 3758 sanato
363 3701 396 3758 et
415 3687 550 3758 vivifico
564 3699 597 3756 et
612 3688 807 3758 venerando
825 3701 883 3758 tuo
902 3688 1043 3758 nomine
1063 3689 1261 3759 vivificetur.
1282 3684 1415 3752 lemanni

192 3790 330 3867 tenipus
347 3789 408 3859 est,
436 3789 473 3846 ut
489 3791 547 3846 tua
571 3776 797 3848 ostendantur
822 3777 989 3857 miracula
1015 3776 1055 3847 ad
1083 3777 1227 3848 salutem
1257 3770 1414 3844 niultoiiiu·

191 3879 331 3967 propter
355 3887 459 3954 quam
478 3867 599 3956 ipsein
620 3879 744 3935 terram
762 3866 983 3952 descendisti3
1002 3867 1126 3938 exaudi
1142 3889 1195 3936 me
1211 3881 1334 3936 servani
1349 3865 1415 3922 iuuit

191 3977 234 4112 ripi
246 3957 310 4056 liac
335 3956 430 4055 hora,
459 3968 495 4024 ut
513 3955 771 4024 sanctissimum
798 3968 897 4026 tuum
925 3976 1049 4026 nomen
1076 3956 1176 4027 sitin
1203 3949 1315 4042 majori
1337 3939 1414 4013 adlit

192 4065 212 4111 a
240 4057 433 4114 miratione.
462 4067 480 4110 ii

236 4135 254 4216 ξ
278 4136 360 4204 86.
389 4139 427 4202 Et
443 4155 522 4202 cuin
542 4133 625 4202 haec
641 4131 794 4215 dixisset,
813 4155 919 4224 prope
939 4145 1076 4204 taurum
1094 4134 1266 4211 accedens,
1284 4144 1348 4197 voce
1361 4112 1416 4186 sub

193 4215 268 4315 lata·
284 4220 509 4290 exclamavit:
537 4221 602 4290 «Si
627 4231 677 4290 est
702 4243 802 4293 verus
820 4228 922 4303 Deus,
946 4243 1047 4310 quein
1078 4245 1140 4315 ego
1160 4219 1325 4314 praedico,
1345 4209 1414 4276 lesus

192 4302 358 4386 Christus,
378 4310 439 4409 qui
464 4320 565 4379 natus
589 4321 694 4379 estex
715 4311 817 4382 llaria
834 4313 983 4403 Virgine,
1002 4334 1106 4404 surge
1122 4325 1153 4384 et
1173 4323 1221 4384 sia
1235 4323 1326 4396 supra
1341 4290 1413 4394 podes

192 4395 280 4467 ¹¹¹0&
300 4403 359 4462 lua
375 4396 508 4485 abjecta
531 4397 673 4467 feritate.
696 4423 714 4465 ii
739 4401 898 4474 Protinus
919 4402 1035 4491 itaque
1057 4415 1169 4473 motus
1191 4414 1307 4472 taurus,
1326 4381 1413 4456 exilit·
