2954 4816
272 257 335 322 380
1330 251 1400 316 nit.
1421 252 1450 313 at

308 463 545 546 niusnuii
572 463 610 541 a.
644 459 924 540 vioroniiu
953 458 1192 539 iiisronii
1219 457 1391 538 nauus

436 697 476 743 EX
499 692 739 743 laarrnotocto
762 692 877 742 tuohts
901 693 1104 742 rnuvinuhsts
1127 691 1282 741 eviscovi.

268 891 286 976 g
309 894 347 988 ¹:
374 891 500 958 Romae
525 889 647 960 natalis
666 903 804 961 sanctae
821 891 985 960 Victoriae
1010 887 1153 977 virginis
1171 900 1205 956 et
1223 885 1384 976 martyris,
1398 903 1451 972 pii-

226 989 400 1048 secutione
417 977 515 1078 ,Decii
539 982 701 1050 Caesaris.
729 985 818 1050 Haec
842 979 1047 1069 desponsata
1071 977 1235 1066 Eugenio,
1261 976 1328 1044 viro
1345 991 1451 1063 pagano

226 1077 366 1156 rogante
389 1070 460 1136 Tito
479 1067 625 1150 Aurelio,
651 1069 710 1156 qui
735 1090 897 1158 sponsam
921 1065 1110 1137 Anatoliam
1136 1066 1311 1155 Virginem
1331 1060 1451 1152 habehit.¹

227 1154 269 1225 ad
287 1153 499 1254 suadendam
523 1177 610 1238 eain,
638 1169 676 1226 ut
699 1158 730 1227 ei
754 1157 907 1239 nuberet,
932 1156 1095 1245 perrexit:
1122 1155 1179 1223 cui
1195 1167 1229 1224 et
1245 1153 1343 1222 dixit:
1364 1147 1453 1244 ilud

227 1265 292 1324 me,
310 1241 450 1313 domina
474 1264 569 1314 soror
595 1245 760 1327 Anatolio,
782 1260 814 1316 et
838 1267 900 1335 ego
924 1244 1117 1313 Christiana
1136 1265 1229 1322 sum,
1249 1255 1282 1311 et
1301 1239 1382 1318 novi,
1401 1235 1458 1322 quil

227 1337 315 1402 Deus
340 1331 479 1421 nuptias
507 1355 574 1402 non
600 1334 816 1404 condemnat.
844 1333 1029 1423 Prophetae
1048 1344 1081 1401 et
1117 1331 1310 1402 atriarchae
1332 1326 1454 1415 conjuga

226 1419 433 1522 habuerunt,
452 1432 484 1489 et
512 1423 690 1511 posteritas
714 1444 833 1493 eorum
861 1445 880 1492 a
905 1427 970 1492 Deo
999 1353 1178 1490 benedicta
1203 1430 1268 1490 cst.
1297 1423 1454 1512 Nunc-erp

226 1508 307 1579 andr
333 1529 397 1590 me,
416 1521 447 1578 et
471 1510 588 1599 accipe
613 1511 736 1592 virum,
753 1512 813 1600 qui
834 1523 864 1580 te
881 1532 948 1580 non
964 1509 1095 1600 prodat,
1110 1508 1202 1596 quod
1224 1509 1274 1578 sis
1291 1505 1452 1575 Christiana:

226 1597 284 1667 sed
311 1619 370 1698 pei·
395 1598 584 1668 maritalem
610 1599 770 1690 copulam
795 1599 865 1680 siat,
884 1611 922 1668 ut
945 1599 1018 1688 ipse
1042 1598 1247 1668 Christianis
1270 1592 1452 1688 consentiat.»

226 1690 315 1755 Haec
330 1685 457 1754 dicenti
470 1687 635 1756 Victoriae
653 1687 910 1778 virgoilnatolia
929 1687 1121 1777 respondit:
1140 1709 1158 1753 i<
1175 1691 1201 1756 0
1217 1684 1372 1762 Victoria,
1389 1695 1453 1746 vinrc

226 1773 416 1875 diaholum,
435 1787 467 1844 et
481 1788 553 1845 esto
572 1797 648 1846 vera
664 1777 821 1846 Victoria.
839 1782 933 1845 Tunc
945 1775 1084 1863 quando
1100 1786 1167 1844 tota
1184 1787 1277 1844 terra
1292 1791 1388 1841 vacua
1399 1777 1452 1836 erat

226 1862 310 1933 dixit
334 1867 422 1932 Deus
442 1863 657 1936 hominihus:
686 1867 827 1937 Crescite
850 1875 881 1936 et
904 1865 1192 1955 multiplicamini,
1222 1873 1255 1931 et
1282 1885 1318 1930 re
1342 1863 1396 1929 lete
1414 1864 1453 1950 ter·

225 1976 311 2022 rain.
333 1955 429 2022 Nunc
454 1952 555 2042 plena
575 1965 675 2034 terra,
704 1966 882 2045 postquam
905 1954 1010 2022 Vilius
1035 1953 1092 2021 Dei
1119 1950 1162 2021 de
1185 1950 1282 2020 coelo
1329 1941 1452 2018 escendit.

224 2039 376 2128 quotidie
399 2039 539 2111 clamat:
566 2043 710 2112 Crescite
730 2043 764 2111 iii
783 2043 862 2122 fide,
891 2040 1170 2131 multiplicamini
1197 2041 1233 2109 in
1260 2037 1417 2110 charitate,
1436 2039 1455 2093 tl

226 2129 351 2219 replete
375 2127 506 2199 coelos:
533 2131 614 2229 quia
634 2130 923 2232 appropinquavit
938 2151 1090 2220 ⁴regnum
1111 2129 1300 2198 coelorum.
1322 2150 1338 2192 ii
1423 2207 1426 2214 Δ

270 2221 287 2304 ξ
313 2223 356 2288 ².
384 2221 510 2286 Iterum
537 2229 625 2288 inter
648 2219 715 2288 ulia
739 2230 771 2287 et
796 2231 871 2308 post
900 2217 989 2299 alia,
1025 2230 1143 2287 sancta
1171 2216 1326 2286 Anatolio
1349 2207 1450 2281 intulit:

231 2331 242 2369 i
264 2311 332 2396 Ego
348 2303 414 2385 die,
434 2325 503 2391 qua
519 2307 667 2407 explicui
694 2307 839 2396 pretium
865 2319 1145 2376 ornamentorum
1170 2325 1327 2375 meorum
1352 2302 1380 2369 in
1401 2313 1452 2388 pat·

228 2415 325 2483 peres
349 2392 572 2493 Christi,·vidi
598 2417 657 2484 per
678 2397 790 2464 visum
811 2395 969 2482 juvenem
996 2415 1099 2464 aureo
1123 2392 1319 2463 diademate
1341 2380 1451 2545 splendi-

226 2483 323 2564 dum,
350 2503 386 2550 in
411 2480 563 2550 vestibus
588 2485 772 2573 purpureis
796 2496 897 2570 atque
924 2483 1118 2573 gemmatis,
1147 2481 1205 2569 qui
1236 2495 1332 2572 grata
1366 2477 1453 2545 acieet

226 2570 312 2640 laeto
337 2570 433 2639 vultu
451 2591 504 2638 me
518 2571 720 2661 inspiciens,
740 2573 804 2642 ait:
832 2571 1062 2662 Ovirginitas,
1084 2593 1173 2658 quae
1192 2587 1263 2639 nun
1281 2571 1316 2637 in
1332 2559 1453 2655 operibffl

227 2659 458 2740 tenebrarum,
486 2657 543 2727 sed
574 2681 709 2751 semper
738 2662 772 2729 in
802 2661 932 2730 lumine
962 2661 1118 2730 versaris.
1145 2663 1236 2728 Haec
1256 2679 1318 2748 ego
1337 2651 1452 2736 iudicis,

224 2747 393 2848 evigilavi,
420 2759 452 2816 et
482 2750 579 2848 coepi
603 2749 700 2818 llere:
727 2760 760 2818 et
790 2749 973 2838 projiciens
999 2769 1054 2817 me
1081 2749 1114 2817 in
1143 2749 1348 2836 pavimento,
1372 2751 1453 2832 rogan

225 2841 421 2916 hominurn,
448 2845 486 2904 ut
510 2857 550 2918 is,
577 2838 637 2925 qui
663 2837 747 2907 mihi
769 2837 983 2924 loquebatur,
1003 2837 1223 2906 dulcissimos
1241 2850 1402 2904 sermones
1415 2835 1453 2889 ite

226 2946 303 2993 rum
346 2937 595 3010 rosaqueretur.
623 2925 676 2996 Sic
693 2926 778 2995 inihi
803 2927 914 2996 oranti
938 2936 970 2994 et
996 2939 1193 3025 prostratae,
1221 2924 1312 2994 idem
1332 2918 1384 3006 qui
1403 2919 1453 2979 intr

225 2945 539 3113 loqueliatuptalia
551 3013 636 3082 milii
653 3014 893 3102 subsequitur:
913 3015 1096 3114 Virginitas
1113 3035 1270 3114 purpura
1288 3006 1399 3099 regalis
1413 3007 1452 3070 est,

225 3121 330 3200 quam
358 3122 418 3187 qui
443 3099 567 3200 induit,
594 3102 735 3191 reliquis
760 3105 797 3172 llt
821 3104 1038 3172 eminentior.
1066 3101 1254 3192 Virginitas
1281 3094 1453 3190 gemmati1

226 3200 385 3280 pretiosa.
413 3189 597 3279 Virginitas
614 3191 795 3261 thesaurus
814 3203 865 3261 est
889 3192 978 3280 regis
996 3191 1199 3260 immensus.
1219 3191 1308 3260 Huic
1327 3183 1404 3253 sures
1421 3191 1454 3238 tt·

226 3277 332 3349 sidias
356 3276 510 3347 tendunt.
533 3283 629 3349 Hanc
649 3293 686 3350 tu
709 3279 888 3370 evigilans,
915 3277 1060 3349 sollicite
1082 3278 1230 3360 custodi,
1258 3275 1453 3364 quantunque

226 3380 256 3438 te
282 3365 358 3458 plus
383 3365 508 3466 habero
531 3367 721 3458 cognoscis,
745 3367 1092 3449 instantiuacustodi,
1111 3389 1153 3436 ne
1171 3366 1337 3456 perdas.»

269 3458 356 3543 Μ.
383 3459 443 3524 His
467 3467 500 3524 et
523 3457 696 3526 similibus
721 3456 832 3526 verbis
858 3471 890 3525 et
915 3456 1013 3528 lactis
1036 3457 1176 3526 incitata
1207 3453 1355 3528 Victoria,
1379 3451 1451 3534 0le

227 3544 374 3633 pretium
398 3557 678 3614 ornamentorum
695 3567 836 3615 suorum
854 3545 976 3635 etipsa
993 3544 1150 3616 distraxit
1175 3539 1383 3634 pauperihus.
1402 3531 1450 3621 Sti·

225 3653 292 3732 que
316 3631 442 3701 lactum
463 3644 592 3731 estut,
615 3633 797 3724 agentibus
814 3634 955 3723 sponsis,
974 3655 1092 3703 earum
1118 3631 1253 3703 ilurelio
1272 3644 1303 3701 et
1324 3628 1449 3710 rugerio.

225 3742 307 3810 quia
335 3720 463 3789 nubere
486 3719 555 3790 iths
581 3721 632 3790 vir
657 3723 730 3790 ines
754 3720 877 3790 Christi
903 3720 1099 3802 noluerunt,
1120 3743 1140 3790 a
1162 3721 1261 3791 Decio
1291 3721 1332 3787 im
1357 3714 1451 3778 craton

225 3811 310 3910 urhe
327 3814 436 3910 Roma
452 3807 583 3909 pulsae,
605 3745 655 3878 ad
674 3809 814 3898 praedia
837 3831 1043 3900 sponsorum
1068 3809 1287 3880 ducerentur.
1313 3735 1368 3872 Uli
1385 3792 1450 3894 ,sill

225 3911 257 3969 et
277 3897 391 3967 inedia
407 3908 454 3966 ita
469 3896 614 3968 afflictae
633 3910 724 3979 sunt,
751 3911 789 3967 ut
808 3899 861 3967 vii
876 3898 918 3968 ad
945 3919 1124 3988 vesperum
1151 3897 1306 3968 modicus
1326 3893 1449 3982 paniict·

225 3987 342 4059 barius
357 3985 407 4055 eis
425 3984 582 4069 daretur;
609 3986 773 4074 nulloque
802 3998 899 4076 pacto
922 3985 1057 4056 efficere
1080 3987 1198 4076 sponsi
1224 3985 1405 4077 potuerunt,
1426 3967 1449 4027 Vl

225 4075 277 4146 vel
299 4075 342 4145 ad
366 4072 580 4158 nubendum,
604 4076 654 4146 vel
679 4075 722 4144 ad
748 4075 1014 4145 sacrificandum
1044 4075 1152 4146 animi
1178 4074 1311 4145 illarum
1340 4057 1447 4134 incliut·

226 4174 357 4234 rentur.
1429 4220 1434 4231 .

269 4255 354 4339 §⁴¹-
380 4255 479 4321 Beata
507 4251 612 4340 igitur
638 4249 784 4320 Victoria
811 4250 846 4318 iii
878 4249 1084 4341 virginitatis
1109 4251 1281 4342 proposito
1306 4226 1445 4334 invincibi-

176 4421 180 4428 ,
226 4339 304 4410 liter
327 4341 523 4430 persistens,
543 4353 621 4430 post
643 4337 751 4410 multa
774 4337 863 4412 lacta
888 4338 1068 4423 miracula,
1095 4340 1184 4410 inter
1207 4359 1292 4428 quac
1312 4327 1440 4423 ptuiiott
