2972 4826
62 332 122 397 ttt.
144 333 161 398 6
450 350 487 397 nn
509 351 535 397 s.
563 349 698 399 ntcotco
722 352 797 400 xxx.
822 352 872 398 nr.
1187 337 1251 402 toa

59 434 99 504 llo
117 434 344 524 magnificem,
361 445 391 502 te
407 434 439 502 in
460 434 517 504 illo
529 435 754 525 contempler,
769 435 922 515 Domine,
942 437 1002 523 qui
1022 437 1293 526 mejampridem

57 526 192 612 sanguine
216 537 276 594 tuo
300 521 485 604 redemisti,
507 537 540 593 et
562 547 654 594 nunc
674 545 759 594 auro
788 539 986 614 pereuntem
1011 524 1177 595 familiam
1206 527 1295 596 redi·

56 611 111 680 mis.
128 612 267 681 Ostende
285 611 373 680 mihi
390 611 655 701 dispensatorem
675 612 766 682 bunc
779 629 890 696 tuum,
912 626 946 682 et
961 614 1126 705 Angelum
1145 615 1295 703 prolecto

53 697 189 780 interris,
211 701 318 800 cujus
349 721 506 788 opevecce
530 701 717 771 secundam
745 724 882 790 quoque
906 703 1026 783 filiam,
1055 702 1194 772 diabolo
1218 727 1295 773 cru·

52 785 145 857 daliter
166 787 411 868 metuendam,
436 803 553 859 sancto
572 791 747 860 connubio
764 791 960 861 honestabo.
981 814 999 858 tt
1024 795 1114 862 llaec
1137 813 1218 860 cum
1244 793 1296 860 di·

52 877 138 957 xisset,
169 899 234 948 uon
264 879 363 968 prius
388 877 525 959 destitit,
560 900 664 965 quam
696 878 840 948 alterum
865 901 1002 966 quoque
1059 901 1201 950 enarum
1228 881 1296 950 sibi

48 963 177 1046 adscivit,
194 988 256 1036 nec
270 967 404 1036 minore
421 980 511 1036 certe
526 967 654 1056 gaudio
666 967 818 1056 duplicis
831 969 983 1058 conjugii
999 903 1171 1050 celebrati,
1189 991 1293 1055 qnam

47 1075 92 1140 spa
113 1055 194 1124 tertii
211 1077 351 1142 quoque
375 1055 570 1144 propediem
589 1055 797 1126 celebrandi.
816 1056 889 1125 lam
903 1058 996 1126 enim
1018 1069 1151 1127 tantum
1169 1058 1236 1127 sibi
1253 1057 1296 1127 de

46 1142 89 1208 ltci
107 1144 334 1214 misericordia
357 1143 546 1232 pollicetur,
573 1157 611 1214 ut
635 1166 708 1215 sese
734 1147 1003 1234 ptxtorettertiae
1034 1167 1171 1233 quoque
1203 1146 1295 1216 filiae

47 1229 137 1300 dotem
162 1245 275 1302 tenere
297 1232 469 1302 manibus.
496 1238 545 1302 lta
565 1233 609 1303 ab
625 1233 758 1302 inferno
781 1247 919 1323 ereptus
935 1235 1048 1316 homo,
1067 1247 1183 1305 noctes
1205 1234 1295 1304 dias-

48 1337 100 1403 que
115 1337 289 1412 perpetuos
314 1323 479 1410 ereptoris
503 1323 557 1390 sui
582 1322 752 1392 desiderio
780 1323 969 1393 aestuabat.
997 1324 1153 1409 Satisque
1177 1337 1293 1392 noctes

45 1407 197 1480 insomnes
213 1433 274 1498 per
297 1411 459 1480 excubias
476 1410 612 1492 ducere,
639 1411 765 1497 quoad,
785 1412 947 1498 quisnam
971 1424 1059 1481 esset
1084 1411 1152 1492 hic,
1179 1411 1295 1501 explo-

46 1511 137 1565 ratum
171 1499 320 1568 baberet.
347 1503 412 1568 llec
439 1499 554 1568 minus
587 1498 803 1569 admirabilis
836 1513 970 1580 noster,
1001 1500 1131 1569 tertiam
1157 1522 1295 1588 quoque

45 1583 132 1654 filiam
148 1587 275 1676 nuptiis
297 1587 386 1656 tradi
405 1588 575 1676 cupiebat.
594 1587 766 1658 Profunda
786 1589 902 1675 itaque
920 1600 1016 1658 nocte
1038 1589 1176 1658 veniens
1196 1590 1295 1659 tacito

44 1673 88 1758 (ut
106 1675 235 1764 assolet)
252 1675 349 1766 pede,
366 1698 424 1764 per
438 1675 593 1746 eamdem
616 1675 796 1746 fenestram
820 1679 952 1746 tertiam
975 1677 1143 1762 introjecit
1165 1678 1291 1747 dotem.

45 1767 80 1829 lc
96 1765 222 1852 pervigil
250 1779 345 1852 pater
360 1765 548 1834 decidentis
571 1767 648 1834 auri
673 1766 817 1856 strepitu
842 1765 1004 1846 monitus,
1031 1777 1158 1851 quanta
1186 1779 1296 1855 potest

46 1850 154 1935 pedum
171 1852 343 1922 velocitate
360 1853 552 1942 prosiliens,
578 1854 754 1924 Nicolaum
781 1854 918 1924 tandem
936 1853 1123 1944 fugientem
1141 1855 1295 1941 assequi·

49 1949 104 2017 tur,
128 1942 387 2030 comprehendit,
406 1954 506 2024 tenet,
528 1955 628 2030 atque
651 1943 745 2012 illius
763 1943 908 2032 pedibus
932 1943 1134 2022 advolutus,
1162 1943 1295 2012 redem-

53 2037 160 2110 ptorem
187 2047 312 2111 suum,
344 2031 559 2119 adjutorem,
601 2031 801 2102 salvatorem
839 2032 1058 2122 pereuntium
1096 2032 1291 2100 animarum

57 2112 132 2180 flens
150 2119 360 2206 gaudensque
376 2118 576 2208 compellat:
604 2120 708 2190 «tttsi
727 2120 818 2190 enim
848 2121 1085 2191 miserationes
1113 2131 1210 2198 tuas,
1241 2119 1295 2187 in-

58 2201 132 2285 quit,
149 2207 325 2277 misericors
349 2209 528 2278 excitasset
544 2208 721 2290 Dominus,
752 2208 884 2279 dudum
912 2209 983 2299 jam
1013 2207 1158 2298 perierat
1178 2205 1296 2306 infelix

56 2309 125 2356 cum
141 2294 226 2366 tribus
245 2296 498 2366 infelicioribus
513 2298 601 2366 natis
616 2311 730 2386 pater:
748 2297 806 2366 scd
824 2298 1116 2368 clementissimus
1131 2303 1296 2365 Dominus

57 2398 110 2465 per
125 2391 147 2448 tc
163 2383 296 2454 salvavit
317 2407 390 2466 nos,
409 2398 442 2454 et
465 2408 484 2454 a
508 2386 640 2454 crudeli
665 2387 795 2474 peccati
823 2409 906 2456 casu
924 2386 1079 2456 liberavit
1103 2385 1292 2465 Dominae,

55 2467 194 2542 suscitans
215 2475 357 2563 inopem
382 2496 401 2542 e
421 2487 521 2554 terra,
539 2488 572 2544 et
588 2474 630 2542 de
644 2487 790 2544 stercore
803 2475 940 2565 erigens
962 2496 1184 2564 pauperem.»
1202 2473 1295 2543 Talia

54 2552 288 2646 lacrymantem,
317 2564 500 2649 beatosque
519 2563 729 2634 osculantem
749 2563 864 2652 pedes,
890 2563 1050 2634 Nicolaus
1077 2585 1177 2651 aegre
1202 2583 1294 2632 com·

49 2649 176 2730 pascuit:
193 2651 253 2738 qui
271 2673 352 2720 cum
376 2651 581 2720 benefxcium
608 2674 710 2721 sunm
736 2664 864 2738 quanta
890 2653 999 2740 potuit
1023 2652 1217 2721 bumilitate
1245 2663 1295 2719 at-

45 2743 205 2818 tenuasset,
235 2739 357 2809 multis
375 2739 509 2808 tandem
528 2739 816 2829 adjurationibus,
835 2751 874 2809 ut
892 2763 962 2810 rem
980 2740 1069 2812 nulli
1095 2739 1294 2810 mortalium
1362 2749 1365 2758 “

44 2825 235 2908 patefaceret,
261 2828 389 2897 frustra
415 2840 572 2917 precatus
596 2841 657 2896 est.
688 2834 757 2897 Una
782 2829 889 2918 igitur
916 2830 1000 2899 haec
1028 2853 1068 2898 ex
1102 2829 1296 2898 innumeris

42 2931 133 3001 pmpe
148 2916 380 2986 misericordis
400 2916 551 2986 hominis
571 2917 677 3005 hujus
700 2916 939 3006 eleemosynis.
970 2917 1066 3001 Quod
1091 2919 1119 2988 si
1145 2917 1295 3004 reliquas

40 3020 160 3088 quoque
178 3005 356 3074 recensere
373 3027 567 3094 pergemus,
586 3005 720 3091 quoties
737 3005 971 3094 indigentibus
988 3029 1086 3096 opem
1101 3007 1190 3086 tulit,
1207 3029 1294 3093 quo-

41 3089 95 3158 ties
111 3093 194 3180 pavit
209 3095 412 3173 esurientes,
428 3094 561 3180 quoties
580 3093 692 3164 alieno
717 3107 873 3184 gravatos
890 3117 967 3166 aere
979 3095 1113 3177 levavit,
1133 3094 1295 3164 immensi

39 3181 274 3267 propemodum
301 3181 428 3252 laboris
448 3182 482 3251 id
508 3182 621 3252 fuerit.

78 3269 93 3352 δ
112 3274 146 3339 1.
168 3275 288 3340 Postea
301 3291 494 3358 veroquam
518 3270 665 3359 perfecta
678 3271 749 3357 jam
768 3282 800 3340 ct
814 3270 970 3341 absoluta
991 3271 1054 3340 viri
1072 3271 1179 3340 virtus
1196 3269 1295 3338 illum

39 3356 155 3444 majore
173 3361 231 3427 liei
249 3357 481 3428 familiaritate
498 3359 643 3450 dignum
662 3359 783 3440 effecit,
802 3360 892 3448 cepit
905 3381 985 3428 cum
1010 3357 1208 3428 solitudinis
1235 3379 1297 3457 cu-

39 3443 149 3529 piditas
178 3447 320 3537 ingens:
351 3448 385 3516 in
412 3468 521 3535 eoque
551 3447 720 3518 desiderio
753 3448 886 3518 diutius
914 3447 1141 3528 immoratus,
1179 3455 1297 3514 statutt

38 3533 160 3603 tandem
185 3537 229 3606 ab
245 3536 340 3606 omni
357 3537 537 3608 bominum
554 3549 653 3606 coetu
669 3537 894 3617 secedentem,
917 3536 951 3604 in
969 3537 1121 3607 abditam
1142 3533 1295 3621 aliquam
1386 3608 1392 3618 ,

40 3623 176 3692 eremum
198 3645 273 3695 sese
294 3624 489 3707 recondere,
511 3637 550 3695 ut
573 3626 734 3695 remotior
758 3625 901 3706 mundo,
930 3631 995 3696 Deo
1021 3626 1116 3695 fieret
1142 3621 1293 3711 propior.

39 3711 167 3782 Pramus
183 3715 277 3782 enim
295 3714 421 3800 quietis
444 3726 546 3802 atque
563 3713 821 3804 tranquillitatis
837 3715 945 3784 animi
960 3715 1090 3803 optima
1115 3732 1240 3812 parens
1264 3722 1297 3780 et

38 3801 149 3877 nutrix;
175 3821 291 3870 comes
316 3815 515 3890 vernatque
541 3803 771 3890 tranquillitas
798 3803 1058 3893 cognitionum,
1091 3801 1297 3886 divinaeque

40 3890 323 3980 contemplationis
339 3891 514 3962 fructifera
532 3891 638 3972 radix,
666 3905 826 3978 certaque
845 3892 1001 3980 pronuba
1025 3911 1103 3960 cum
1126 3894 1193 3958 Deo
1213 3909 1296 3958 con-

38 3976 114 4062 Jugii
135 3978 338 4067 spiritualis.
372 3985 490 4068 ltaque
522 4001 603 4049 cum
642 3980 743 4050 veteri
773 3979 934 4050 visendae
963 3977 1175 4048 Palaestinae
1205 3975 1294 4046 desi·

43 4057 122 4134 derio
145 4079 327 4149 teneretur,
352 4068 413 4138 ubi
440 4068 593 4140 Salvator
621 4080 829 4139 nosterante
853 4072 993 4137 Crucem
1019 4069 1108 4136 inter
1136 4065 1296 4136 mortale'a

46 4167 178 4225 versatus
205 4171 268 4238 est,
299 4158 412 4226 navim
435 4157 470 4227 in
490 4161 679 4247 Aegyptum
698 4157 885 4226 redituram
908 4155 1123 4234 conscendit,
1149 4168 1187 4224 ut
1216 4154 1297 4224 inde

49 4236 78 4304 ttl
93 4243 171 4313 Loca
189 4257 307 4315 sancta
323 4246 506 4330 profectus,
526 4246 704 4316 solitudini
729 4267 765 4315 se
785 4244 908 4314 deinde
932 4245 1071 4314 dicaret.
1097 4243 1159 4314 Sed
1183 4242 1296 4312 Palae·

51 4327 293 4404 ttinaeterbmo
319 4335 536 4414 intermissis,
570 4335 779 4423 navigationi
807 4334 873 4422 ipsi
903 4333 1084 4423 paululum
1117 4331 1296 4421 indulgea-

52 4431 120 4484 mus.
138 4424 243 4511 lgitur
261 4444 281 4492 e
299 4437 399 4514 portu
415 4422 601 4509 tranquillo
625 4422 719 4492 coelo
743 4421 922 4501 solventes,
942 4426 1031 4492 rectfl
1049 4421 1082 4489 in
1106 4424 1294 4511 Aegyptum
