2932 4812
355 306 393 352 nn
417 306 445 352 s.
472 301 673 352 nnnatrrnno
697 305 896 352 conrussonu
1152 289 1214 352 ott

254 411 335 480 ergo
365 411 427 460 nos
453 389 569 459 miseri
593 390 742 470 dicturi,
773 390 855 480 quid
881 389 1004 460 facturi
1036 390 1069 460 in
1103 388 1259 460 districto

278 478 335 547 adi
356 477 491 548 iudicis
510 500 645 560 sumus,
664 479 725 568 qui
748 491 780 548 et
803 478 944 550 virtutes
969 501 1036 548 uon
1063 478 1255 559 habemus,

321 567 447 638 ‘torum
472 566 671 638 excellentia
696 579 774 637 ante
798 566 970 638 humanos
994 566 1112 638 oculos
1137 587 1257 657 super·

356 668 455 726 ‘atem
482 655 607 726 habere
630 666 709 726 ante
733 657 859 726 interni
876 656 997 726 arbitri
1020 655 1139 726 oculos
1163 655 1260 726 nullo

414 756 450 814 et
473 745 663 816 sanctitatis
688 766 812 815 nomen
832 745 926 836 apud
951 745 1105 816 humana
1125 744 1259 831 judicia

52 893 56 902 .
444 833 700 924 egaudemusl
723 839 811 918 Quot
834 834 925 903 enim
952 833 1054 904 hodie
1068 834 1256 914 cernimus,

61 911 147 992 ,.“’“
206 897 254 982 ‘71'
462 922 593 993 nabilis
609 923 717 1011 hujus
733 923 795 992 viri
809 922 859 992 vel
877 922 1036 993 ultimam
1055 920 1259 1013 particulam

36 1011 50 1098 '2
134 961 218 1106 :Q
404 1013 440 1079 td
466 1011 600 1080 coelum
621 1032 657 1082 se
678 1011 713 1080 in
739 1011 922 1101 superbiae
945 1011 1111 1083 cornibus
1133 1009 1259 1080 exalta·

138 1097 175 1173 ’δ
352 1123 383 1168 ⁴e
399 1100 530 1188 aliquid
548 1100 739 1171 virtuosum
761 1112 959 1190 operantur,
980 1121 1097 1170 verum
1118 1121 1179 1188 per
1195 1099 1259 1169 hoc

113 1196 127 1224 ⁴
303 1227 320 1257 ,ι
348 1202 470 1258 terram
493 1201 624 1278 petunt.
650 1189 852 1259 dilectantes
873 1188 1039 1260 nimirum
1061 1188 1181 1258 laudes
1199 1188 1258 1258 ho·

252 1277 396 1368 aetipsis
409 1277 580 1368 dissipant
593 1277 727 1349 lruotus
740 1276 911 1348 laborum.
928 1283 1082 1365 Cumque
1097 1299 1132 1348 se
1145 1289 1260 1346 osten-

192 1396 219 1436 ,ε
247 1365 359 1437 oculis
390 1377 580 1457 appetunt,
606 1377 685 1436 ante
710 1366 847 1435 divinae
876 1366 1063 1455 majestatis
1094 1366 1258 1436 intuitum

141 1508 149 1524 .
172 1477 277 1526 omne
299 1454 390 1543 quod
417 1467 535 1546 agunt.
564 1460 670 1544 Saepe
688 1455 790 1524 etiam
817 1475 934 1527 sacrae
958 1455 1044 1546 legis
1066 1454 1260 1526 eruditione

88 1565 121 1612 as
136 1545 326 1625 instruunt,
345 1565 448 1615 omne
461 1543 554 1632 quod
571 1543 735 1624 sentiunt,
756 1543 960 1614 testimoniis
980 1544 1173 1634 attingunt:
1197 1565 1259 1613 nec

34 1653 99 1700 nen
116 1655 174 1722 per
193 1633 260 1704 hoc
274 1633 378 1702 vitam
396 1633 625 1714 audientium,
646 1632 705 1704 sed
726 1633 884 1724 proprios
907 1631 1040 1703 favores
1063 1645 1257 1720 quaerunt:

16 1719 70 1804 [uia
93 1743 150 1791 nec
170 1719 323 1812 prolerre
338 1721 407 1792 alia
424 1722 582 1813 cupiunt,
606 1721 673 1791 nisi
697 1743 786 1810 quae
802 1721 999 1793 auditorum
1017 1720 1121 1791 corda
1138 1721 1181 1791 ad
1207 1743 1260 1790 re-

16 1809 147 1881 tetendas
163 1811 285 1882 laudes
299 1811 489 1891 excutiunt,
512 1832 580 1882 non
598 1822 712 1880 autem
730 1811 772 1881 ad
791 1810 964 1900 lacrymas
989 1809 1146 1880 tendunt.
1165 1814 1260 1880 Mens

16 1897 113 1994 quippe
127 1899 354 1972 exterioribus
378 1911 557 1989 occupata,
576 1899 656 1990 igne
673 1898 782 1970 divini
798 1899 926 1970 amoris
947 1920 1016 1969 non
1037 1898 1144 1968 calet:
1161 1909 1194 1968 et
1210 1897 1258 1966 id-

16 2005 79 2055 irco
92 1988 131 2057 ad
145 2009 336 2080 supernum
352 1987 561 2060 desiderium
576 1989 794 2058 inllammare
807 1987 981 2058 auditores
992 2009 1073 2058 suos
1085 1997 1260 2074 nequeunt

16 2073 100 2150 ierbo,
123 2099 211 2164 quae
232 2075 358 2169 frigido
374 2077 477 2147 corde
497 2076 731 2167 proferuntur.
749 2082 863 2164 Neque
879 2078 972 2146 enim
989 2097 1055 2157 res,
1072 2097 1161 2164 quae
1178 2076 1259 2144 etin

16 2165 165 2254 ¹temetipsa
190 2187 260 2236 non
286 2166 434 2248 arserit,
466 2165 560 2237 aliud
591 2165 758 2237 accendit.
787 2165 882 2235 Unde
910 2165 948 2235 fit
979 2164 1195 2256 plemmque,
1222 2175 1260 2234 ut

16 2255 244 2348 typccritaruui
267 2252 359 2324 dicta
384 2267 417 2324 et
444 2254 623 2326 audientes
649 2275 717 2324 non
737 2254 908 2336 erudiant,
935 2265 968 2324 et
988 2253 1124 2324 eosdem
1151 2254 1257 2342 ipsos,

16 2357 59 2422 tut
84 2343 275 2430 proferunt,
311 2342 424 2414 elatos·
451 2342 636 2424 laudibus,
670 2342 855 2413 deteriores
886 2342 1044 2413 reddant.
1076 2347 1260 2412 attestante

17 2429 110 2500 atenim
127 2432 244 2514 Panic,
263 2433 404 2502 sct'cntt'a
422 2433 532 2522 infiat,
552 2433 702 2502 charitas
721 2433 876 2520 aedificat
899 2431 946 2521 (l.
968 2435 1041 2502 Cor.
1064 2431 1148 2588 vin).
1175 2435 1258 2499 Cum

17 2535 73 2601 ergo
89 2520 234 2592 charitas
250 2521 424 2591 auditores
441 2520 657 2591 aedificando
675 2541 740 2590 non
761 2521 872 2610 erigit,
891 2519 1033 2590 scientia
1052 2542 1112 2610 pro
1127 2531 1259 2590 erentes

19 2605 138 2678 nsscndo
155 2610 329 2700 pervertit.
1161 2659 1165 2670 .

42 2698 116 2778 §b-
141 2699 348 2785 Plerumque
373 2699 582 2787 hypocritae,
615 2698 736 2768 lratres
766 2697 843 2776 mei,
876 2721 910 2768 se
935 2697 1143 2767 abstinentia
1171 2694 1259 2764 affli-

18 2795 89 2864 gunt,
106 2807 203 2858 omne
221 2786 327 2856 robur
343 2787 496 2876 corporis
509 2791 670 2866 atterunt,
688 2801 721 2856 et
735 2787 834 2873 quasi
851 2787 966 2856 carnis
984 2785 1085 2854 vitam
1102 2784 1261 2854 funditus

18 2889 33 2934 n
55 2893 148 2943 carne
164 2877 317 2946 viventes
339 2876 428 2946 extio
459 2889 556 2957 uunt,
584 2875 702 2963 sicque
727 2896 787 2964 per
810 2874 1053 2945 abstinentiam
1073 2875 1173 2943 morti
1198 2895 1257 2963 ap·

18 2961 157 3048 rapiant,
175 2977 215 3036 ut
233 2985 319 3054 pene
334 2897 488 3050 quotihie
504 2963 687 3033 morientes
704 2965 817 3033 vivant
832 2987 840 3028 ε
858 2963 916 3032 sed
936 2985 996 3052 per
1009 2962 1073 3031 hoc
1087 2962 1259 3032 humanos

18 3047 108 3118 calos
119 3065 302 3138 quaerunt,
314 3052 555 3124 admirationis
568 3051 712 3142 gloriam
729 3063 902 3142 expetunt,
914 3051 1056 3121 veritate
1069 3063 1259 3130 attestante,

18 3154 79 3218 tuae
93 3140 147 3209 ait:
165 3143 404 3212 Emtcrmt'nant
420 3141 512 3210 enim
526 3143 632 3231 socies
647 3163 738 3222 suas,
749 3152 788 3209 at
807 3152 995 3232 appareant
1009 3140 1195 3210 bominibus
1208 3142 1262 3230 je·

19 3229 290 3319 traiectamque.
306 3229 362 3320 n).
389 3235 473 3300 Nam
496 3251 555 3299 ora
580 3227 783 3320 pallescunt,
802 3250 929 3319 corpus
953 3227 1127 3299 debilitate
1150 3229 1260 3315 quati·

20 3331 61 3393 nr,
80 3329 191 3404 pectus
207 3317 541 3408 interrumpentibus
559 3317 719 3408 suspiriis
738 3330 902 3408 urgetur:
929 3318 987 3388 sed
1009 3315 1097 3388 inter
1117 3316 1200 3386 haec
1217 3316 1261 3385 ab

19 3420 53 3466 ue
72 3407 299 3492 proximorum
317 3429 430 3478 sermo
450 3405 690 3478 admirationis
709 3407 898 3494 quaeritur,
921 3405 1077 3494 nihilque
1092 3427 1152 3494 pro
1168 3416 1260 3475 tanto

21 3488 106 3586 ebore
121 3495 227 3578 aliud,
250 3496 317 3567 nisi
338 3496 530 3566 aestimatio
551 3495 706 3565 humana
729 3496 909 3587 cogitetur.
938 3495 1150 3584 Perpendite‚
1177 3493 1260 3564 dile·

20 3580 133 3652 :tissimi
156 3583 277 3656 lratres
302 3585 394 3666 mei,
427 3606 532 3673 quam
554 3583 762 3654 miserabilis
791 3584 969 3654 vecordiae
997 3595 1058 3664 est,
1091 3583 1259 3654 laboriose

20 3683 103 3752 ltere,
121 3683 152 3742 et
167 3675 210 3744 ab
225 3693 282 3744 ore
300 3673 480 3744 hominum
499 3672 663 3744 laudibus
679 3672 813 3743 inhiare
829 3699 836 3740 ι
857 3673 936 3744 lorti
952 3694 1054 3762 opere
1070 3671 1261 3763 praeceptis

20 3753 191 3832 :celestibus
215 3762 390 3844 inservire,
420 3760 478 3832 scd
500 3774 654 3832 terrenae
680 3761 915 3834 retributionis
937 3763 1130 3852 praemium
1155 3782 1262 3849 quae-

20 3859 79 3910 'ere
105 3849 154 3919 Sic
172 3851 264 3922 euim
293 3850 413 3922 beatus
433 3851 480 3920 ait
503 3850 699 3940 Gregorius,
727 3851 787 3938 qui
809 3873 869 3941 pro
898 3850 1021 3922 virtute
1045 3872 1150 3938 quem
1175 3849 1257 3938 agit,

21 3949 182 4008 ‘lunanum
199 3939 349 4010 savorem
363 3939 546 4021 desiderat,
564 3960 633 4010 rem
649 3940 767 4029 magni
780 3939 892 4009 meriti
908 3938 968 4008 vili
985 3938 1093 4030 pretio
1106 3937 1260 4010 venalem

21 4032 114 4114 portat.
133 4028 224 4099 Unde
248 4028 334 4100 coeli
359 4049 505 4120 regnum
535 4027 658 4098 mereri
685 4029 806 4118 potuit,
826 4027 907 4098 iude
927 4025 1054 4098 lamam
1075 4025 1262 4098 transitorii

21 4105 116 4198 latoris
133 4118 276 4216 quaerit.
296 4122 393 4188 Intus
409 4138 503 4207 ergo,
523 4114 644 4187 lratres
665 4117 744 4199 mei,
766 4117 861 4188 intus
877 4116 1045 4186 servanda
1061 4127 1142 4185 sunt
1157 4114 1259 4195 bona,

21 4209 85 4272 sluaa
102 4221 253 4293 agimus,
288 4205 379 4276 siah
404 4207 537 4274 interno
558 4205 678 4294 iudice
698 4205 806 4276 vicem
832 4206 984 4297 recipere
1011 4203 1119 4274 nostri
1145 4203 1260 4293 operis

22 4297 236 4378 exspectamus.
263 4293 351 4364 Hinc
366 4305 417 4366 est
432 4293 537 4374 enim,
556 4292 647 4381 quod
669 4293 704 4362 iu
721 4294 903 4384 Evangelio
927 4293 1055 4364 Veritas
1078 4292 1179 4362 dicit:
1199 4296 1261 4362 Ne·

22 4380 224 4453 icratsinistra
249 4393 321 4462 tua,
347 4383 428 4473 qaid
453 4384 560 4472 saciat
580 4383 722 4452 deutero
740 4393 812 4463 tua,
841 4393 876 4452 at
900 4385 943 4452 sit
967 4384 1176 4472 eleemosyna
1201 4392 1261 4450 tua
