2994 4832
1484 223 1485 256 l

252 277 292 341 74
416 321 419 328 ,
569 296 607 341 on
632 294 826 341 seminini
851 293 934 341 viiio.
962 295 999 340 nr
1023 295 1116 342 uine.
1334 275 1485 360 bEClt

202 391 297 469 pater
327 377 542 468 impulsusa
575 378 715 458 multis,
750 379 861 466 iisque
894 379 1068 448 nobilibus
1094 389 1126 448 et
1152 378 1337 468 potentibus
1358 377 1443 458 viris,

203 468 263 555 qui
288 467 355 536 sibi
386 466 480 535 illam
507 467 542 535 in
570 467 829 537 matrimonium
861 467 934 537 dari
966 466 1232 549 contendebant,
1262 467 1322 536 lioc
1347 466 1445 536 multis

203 556 316 627 verbis
331 557 362 624 ei
378 555 523 624 suadere
548 568 703 625 conatur.
721 560 761 625 li
784 555 844 625 illa
869 558 1021 646 praecise
1047 567 1146 646 negat
1170 578 1206 626 se
1222 555 1311 625 nelle
1327 555 1445 624 nubere.

205 644 354 715 Stultum
375 644 467 713 enim
493 643 564 713 fore
580 645 689 726 duxit,
710 667 746 713 se
772 643 842 731 jam
871 644 975 714 semel
1001 645 1138 714 coelesti
1159 667 1284 734 sponso
1307 643 1445 722 dicatam,
1484 651 1485 716 l

203 748 356 802 terrenas
374 733 512 821 nuptias
530 733 628 814 inire,
650 733 782 821 hocque
798 747 897 835 pacto
912 757 931 803 a
948 733 1236 824 contemplatione
1257 755 1362 802 rerum
1379 732 1447 799 diri·
1484 719 1485 800 l

203 843 327 892 narum
353 822 498 891 abduci:
525 843 592 908 qua
617 845 687 893 una
713 823 919 892 suavissima
944 823 1161 915 cogitatione,
1186 838 1353 910 tamquam
1374 821 1449 891 salii-
1484 827 1485 912 l

204 911 355 980 berrimo
379 910 467 991 cibo,
486 909 562 998 ejus
586 913 705 980 anima·
727 911 883 980 alebatur
907 912 949 980 ad
975 913 1222 982 aeternitatem.
1484 913 1485 938 ³

248 1001 334 1087 §a
362 1003 481 1086 Itaque
508 1011 603 1088 pater
633 1021 712 1068 curu
739 1000 771 1068 id
801 1001 985 1090 impetrare
1022 1000 1116 1070 nulla
1155 1001 1283 1070 ratione
1314 998 1448 1089 potuerit,

205 1099 382 1179 perspecta
406 1089 577 1159 constanti
594 1087 685 1157 filiae
706 1089 888 1170 voluntate,
907 1091 951 1158 ab
966 1089 1042 1178 ejus
1066 1089 1177 1160 oculis
1201 1090 1301 1180 longe
1326 1086 1450 1177 peregri-

205 1177 278 1246 nari
304 1178 433 1258 statuit,
453 1175 487 1245 id
513 1190 602 1246 certe
622 1198 777 1266 sperans,
804 1191 841 1247 ut
866 1180 973 1268 patris
992 1178 1163 1247 desiderio
1184 1179 1272 1248 victa
1296 1177 1373 1256 filia,
1393 1177 1450 1264 ejus

204 1265 370 1335 voluntati
383 1266 527 1335 cederet.
548 1265 611 1336 Sed
627 1287 666 1335 er
682 1266 887 1336 coelestibus
902 1266 970 1336 illis
983 1267 1129 1349 deliciis
1145 1289 1233 1354 quas
1250 1289 1335 1356 pura
1349 1263 1451 1361 mentis

203 1355 408 1455 cogitatione
434 1355 527 1455 virgo
551 1355 776 1443 concipiebat,
804 1369 938 1425 tantum
963 1357 1096 1426 roboris
1129 1357 1272 1447 accepit,
1303 1369 1339 1425 ut
1364 1351 1451 1422 nullis

204 1465 309 1512 minis
325 1457 513 1533 perterrita,
529 1445 660 1533 nuptiis
686 1466 838 1531 unquam
855 1445 1078 1526 consenserit,
1095 1467 1183 1532 quas
1209 1459 1357 1514 terrenas
1374 1457 1451 1530 patei

203 1533 396 1621 appetebat.
423 1537 489 1602 Iste
517 1554 615 1622 porro
640 1541 720 1602 cum·
747 1533 958 1623 peregrinari
993 1533 1177 1615 statuisset,
1199 1535 1262 1604 lioc
1283 1534 1377 1602 abeo
1396 1527 1451 1597 filia

203 1622 358 1712 patitui
382 1620 545 1690 balneum
573 1621 640 1690 sibi
667 1619 878 1692 aedificetur.
907 1623 1081 1692 Consentit
1107 1636 1212 1711 pater,
1241 1622 1451 1704 fenestrasque
1482 1647 1483 1656 ,

203 1709 302 1789 duas,
325 1710 454 1797 quibus
474 1709 591 1780 lumen
608 1709 831 1799 exciperetur,
848 1712 882 1780 in
900 1733 940 1781 eo
955 1712 1029 1781 fieri
1042 1711 1151 1801 jubet.
1173 1716 1243 1781 Hoc
1263 1709 1450 1804 aedificium,
1484 1769 1485 1808 q

204 1811 300 1888 pater
323 1799 480 1879 absente,
511 1798 741 1887 contemplata
766 1801 860 1887 virgo
884 1801 1045 1882 Barbara,
1077 1813 1113 1869 ut
1137 1800 1237 1881 fidei,
1267 1821 1368 1887 quam
1390 1794 1453 1892 reli-

203 1887 296 1977 giose
311 1886 454 1967 colebat,
476 1889 618 1977 posteris
637 1889 888 1958 monimentum
907 1888 1124 1976 relinqueret,
1145 1901 1283 1959 sanetae
1299 1885 1453 1957 Trinitatis

205 1976 379 2066 exemplar
403 1977 437 2044 in
463 1998 501 2045 eo
521 1976 784 2065 exprimendum
810 1978 953 2049 curavit.
981 1983 1099 2065 Itaque
1157 1999 1193 2047 ro
1220 1977 1358 2049 duabus
1383 1975 1454 2042 lene·
1484 2003 1485 2006 ¹

205 2064 301 2166 stris&
324 2087 409 2166 quas
436 2078 531 2153 pater
560 2067 837 2166 praescripserat,
866 2079 933 2135 tres
958 2060 1044 2148 ficri,
1072 2077 1104 2136 et
1129 2000 1215 2136 liibri
1241 2067 1453 2167 pavimentum

206 2157 322 2253 Crucis
347 2155 498 2254 imagine
517 2176 632 2224 ornari
653 2168 776 2242 jussit:
795 2156 912 2246 sicque
930 2177 1151 2245 magnacum
1171 2154 1251 2224 fidei
1273 2175 1354 2226 suae
1370 2149 1454 2250 signi·

207 2242 374 2324 ficatione,
391 2242 587 2312 aedificium
607 2242 692 2312 illud
711 2244 898 2314 obscurum
923 2256 957 2313 et
976 2244 1066 2314 antri
1086 2244 1211 2324 simile,
1228 2243 1453 2314 sanctimoniae
1484 2265 1485 2304 i

204 2343 238 2400 et
252 2331 550 2486 spiritusAElenum
567 2330 825 2401 demonstravit.
843 2337 941 2402 Pater
961 2354 1128 2414 reversus,
1143 2333 1293 2402 aedificii
1311 2333 1454 2402 rationem

207 2432 370 2489 mutatam
421 2420 497 2496 olet,
525 2421 623 2506 isque
648 2433 826 2511 propterea
852 2419 1005 2490 furenter
1025 2423 1197 2492 irascitur.
1219 2422 1317 2491 Fabri
1338 2419 1454 2508 culpan
1484 2435 1485 2462 ¹

205 2508 239 2576 in
270 2507 378 2578 liliam
413 2509 594 2595 rejiciunt:
632 2530 720 2595 quae
753 2523 981 2610 opportunam
1008 2511 1097 2580 lianc
1122 2523 1220 2580 nacta
1245 2511 1453 2604 occasionem

204 2609 319 2685 aperte
348 2598 391 2665 de
422 2609 658 2666 sacrosanctae
693 2599 868 2668 Trinitatis
905 2599 1015 2690 gloria
1050 2599 1217 2669 divinitus
1243 2599 1353 2669 multa
1375 2596 1453 2664 diiii.

206 2685 331 2754 Deinde
356 2684 515 2774 pluribus
533 2687 645 2756 verbis
669 2686 710 2755 ad
737 2687 921 2758 salutarem
940 2687 1063 2758 Christi
1080 2693 1162 2758 lesu
1180 2687 1284 2758 fidem
1304 2687 1457 2777 cohortata

205 2786 255 2843 est
271 2785 414 2862 patrem:
432 2775 491 2862 qui
516 2775 611 2864 graii
633 2773 723 2844 filiae
746 2777 900 2846 oratione
916 2777 1035 2846 iratior
1049 2775 1171 2858 factus,
1190 2790 1229 2847 ut
1243 2777 1285 2860 is,
1308 2777 1368 2864 qui
1381 2789 1458 2843 oinni

206 2863 380 2960 impietate
405 2862 558 2932 imbutus
582 2875 702 2943 erate
726 2863 902 2936 charitatis
927 2866 1056 2935 finibus
1072 2887 1244 2956 egressus,
1265 2867 1381 2936 stricto
1395 2878 1458 2930 ense

206 2971 346 3020 unicam
372 2949 479 3020 liliam
505 2951 715 3040 aggreditur.

249 3040 334 3126 §n
362 3046 400 3109 st
423 3062 461 3108 ea
481 3040 637 3109 scelerati
667 3041 772 3130 patris
797 3042 962 3132 impetum
990 3065 1068 3112 cum
1096 3044 1210 3133 potius
1236 3046 1457 3134 miseraretur,

205 3149 309 3215 quam
336 3126 488 3210 timeret,
515 3129 558 3199 ob
589 3151 663 3198 eam
689 3152 853 3212 causam,
882 3153 923 3200 ne
948 3131 1005 3200 ille
1036 3154 1072 3202 se
1105 3131 1197 3200 filiae
1220 3131 1325 3202 caede
1350 3128 1460 3199 nefaria

206 3217 413 3305 inquinaret,
440 3227 478 3287 ut
498 3217 660 3288 irruentis
678 3219 711 3288 in
737 3242 774 3289 se
799 3219 905 3309 patris
934 3220 1108 3290 crudelem
1134 3233 1295 3289 conatum
1323 3211 1461 3311 animad-

206 3306 314 3387 vertit,
346 3306 458 3375 statim
484 3305 566 3398 fuga
595 3306 739 3376 salutem
766 3307 956 3395 quaesivit;
981 3310 1120 3396 ·Deique
1146 3330 1210 3399 cpe
1235 3321 1319 3378 tunc
1343 3330 1361 3376 e
1388 3324 1462 3396 peri·

206 3395 285 3464 culo
310 3394 463 3477 liberata,
492 3395 583 3482 quod
614 3397 735 3487 ingens
759 3419 880 3467 sarium
907 3397 1110 3468 mirabiliter
1133 3419 1169 3468 se
1190 3396 1404 3487 patefaciens,
1420 3391 1433 3459 f
1452 3425 1461 3435 -

205 3483 311 3574 gienti
337 3484 424 3553 viam
440 3485 586 3574 aperuit,
605 3485 639 3554 in
658 3506 835 3556 summum
853 3496 1002 3556 montem
1018 3509 1053 3556 se
1078 3487 1216 3576 recepit,
1235 3486 1294 3555 ubi
1321 3487 1356 3555 in
1374 3497 1462 3572 specii

206 3572 387 3651 occultata,
416 3574 505 3662 patri
529 3573 656 3644 lateret.
684 3577 801 3644 Orem
828 3597 904 3644 vere
927 3576 1022 3645 omni
1055 3576 1282 3644 admiratione
1312 3567 1485 3666 dignanlq

206 3683 326 3731 sarium
352 3661 572 3744 discinditur,
599 3674 637 3732 ut
661 3685 724 3733 suo
748 3663 930 3753 complexu
947 3665 1114 3754 virginem
1142 3677 1288 3734 tueatur.
1307 3667 1410 3740 Pater,
1433 3669 1485 3742 eal

206 3769 243 3822 re
263 3749 461 3820 admirabili
485 3765 689 3841 conspecta,
730 3774 795 3822 non
826 3766 1037 3834 commotus,
1070 3752 1176 3821 filiam
1210 3752 1411 3839 insequitur,
1433 3755 1485 3836 ul}

206 3837 350 3908 occidat.
377 3843 497 3926 ltaque
518 3840 611 3910 illam
637 3839 821 3931 diligenter
840 3841 923 3910 dum
949 3842 1142 3932 investigat,
1167 3842 1201 3911 in
1220 3841 1308 3911 duos
1329 3850 1463 3933 pastores

206 3924 349 3994 incidit:
382 3949 530 4014 quornm
562 3929 649 3998 alter
672 3952 708 3998 se
741 3929 892 4019 puellam
930 3931 1055 4000 vidisse
1080 3951 1119 3999 ne
1146 3932 1232 4013 avit,
1260 3930 1345 4000 alter
1370 3927 1485 4014 digiioq

206 4013 454 4102 ostenditque
480 4017 554 4086 loco
575 4017 703 4088 lateret.
731 4023 828 4088 Pater
859 4017 1073 4088 inhumanus
1099 3954 1204 4088 fillum
1230 4020 1290 4088 ubi
1323 4011 1485 4085 invenit‚i

206 4101 280 4191 ejus
298 4101 407 4204 latera
429 4104 588 4195 pedibus,
611 4105 751 4178 dorsum
780 4107 906 4264 pugnis
933 4106 1029 4178 foede
1057 4109 1215 4198 percutit,
1241 4106 1395 4204 crinibus
1421 4099 1485 4182 rel

209 4202 351 4280 ptatam,
377 4214 431 4262 via
455 4215 577 4282 aspera
601 4217 640 4265 ac
655 4194 788 4265 diflicili
805 4195 828 4265 il
846 4219 900 4266 am
919 4196 1033 4268 trahit.
1060 4197 1120 4266 llis
1141 4197 1350 4266 cruciatibus
1368 4207 1461 4277 virgo,
1484 4229 1485 4274 1

209 4292 385 4364 tamquam
412 4279 536 4350 domus
565 4283 598 4351 in
632 4305 712 4351 saxo
735 4282 902 4363 fundata,
930 4307 1019 4373 quae
1048 4306 1157 4372 neque
1189 4285 1392 4361 fluminum,
1413 4297 1463 4346 11ss-

209 4386 278 4453 quc
301 4377 480 4436 ventorum
507 4370 538 4437 vi
562 4373 778 4454 concutitur,
807 4395 827 4442 a
858 4372 938 4443 fidei
971 4373 1182 4444 Christianae
1213 4372 1382 4465 proposito
1406 4381 1462 4434 110ss
