2946 4798
247 265 311 329 476
561 280 599 326 ns
624 279 650 326 s.
678 277 799 326 somne
823 277 873 326 xe.
899 279 937 324 rr
960 277 1111 326 ermom.
1311 257 1382 322 buu.
1405 259 1431 318 ll

204 366 411 456 Redemptor
434 376 549 434 noster
565 363 662 434 beato
677 363 803 433 Joanni
819 364 926 432 vicem
944 384 1042 432 suam
1060 360 1103 431 ad
1120 360 1359 432 declarandum
1372 358 1432 426 diri-

205 454 321 526 nitatis
345 475 428 525 suae
445 453 645 543 mysterium
671 452 850 543 delegarit,
869 474 971 539 quem
993 451 1035 520 ad
1055 451 1312 520 custodiendam
1328 469 1432 517 venera-

204 544 306 614 bilem
332 549 470 613 blatrem
496 563 608 621 suam,
634 557 832 631 perpetuam
854 539 984 610 scilicet
1001 541 1188 629 Virginem,
1208 540 1305 624 quasi
1322 537 1431 606 alterun

205 633 314 702 filium
340 633 393 701 sui
419 631 492 699 loco
513 631 716 720 supposuit:
743 631 875 706 Mulier.
905 629 1078 714 inquiens,
1096 652 1167 698 ecce
1192 631 1286 718 filius
1308 638 1385 696 tous:
1405 623 1430 692 ad

206 719 417 809 Discipulum
444 731 579 788 autem:
606 723 687 788 Ecce
710 729 819 788 mater
842 730 902 786 tua
924 718 1037 806 (loon.
1058 725 1137 800 xxx).
1169 717 1318 806 Dignum
1340 714 1431 802 quippe

204 809 335 888 suerat,
358 821 396 878 ut
419 808 475 926 cpi
508 807 727 896 potissimum
764 807 940 876 commisit
976 806 1157 880 coelestia,
1191 806 1431 875 committente

205 913 347 967 terrena.

246 989 264 1073 b
288 991 335 1058 6.
358 989 396 1053 Et
419 985 501 1073 quia
522 984 683 1053 Mediator
709 986 764 1054 uei
789 996 822 1053 et
845 985 1025 1053 hominum
1043 1004 1083 1052 ex
1099 983 1237 1052 duabus
1256 983 1382 1062 naturis,
1394 976 1430 1046 di-

192 1075 281 1142 rina
299 1073 429 1144 scilicet
450 1085 483 1142 et
504 1073 669 1152 humana,
690 1073 858 1154 consistit,
881 1094 974 1143 unus
994 1069 1209 1151 Emmanuel,
1237 1091 1375 1158 aequum
1392 1065 1431 1134 al-

203 1162 345 1232 modum
367 1162 477 1231 risum
506 1161 582 1243 fuit,
601 1175 640 1230 ut
664 1162 783 1232 beatus
811 1167 961 1231 loannes
988 1163 1169 1248 utriusque
1195 1173 1336 1228 naturae
1357 1155 1432 1226 fidelis
1457 1206 1458 1209 ,

204 1251 361 1320 minister
386 1251 554 1332 existeret,
573 1252 633 1338 qui
665 1263 696 1320 et
719 1250 909 1320 divinitatis
934 1262 1146 1319 sacramenta
1172 1249 1399 1325 conscriberet,
1415 1258 1433 1311 rt

203 1342 320 1410 beatae
344 1340 519 1420 Genitrici‚
538 1352 721 1429 perpetuae
737 1339 913 1409 custodiae
935 1361 974 1407 ac
999 1337 1191 1408 sedulitatis
1209 1359 1293 1408 suae
1318 1337 1433 1405 ministe-

203 1429 292 1498 rium
318 1428 503 1498 exhiberet.
522 1430 626 1518 Cujus
650 1428 844 1515 utriusque,
870 1427 1148 1497 excellentissimi
1176 1426 1333 1496 videlicet
1353 1445 1433 1493 sacra·

203 1517 321 1598 menti,
340 1517 595 1604 quodammodo
612 1517 809 1586 ministrum
829 1541 865 1587 se
884 1537 958 1586 esse
977 1528 1130 1596 testatur,
1146 1537 1227 1585 cum
1255 1537 1315 1602 per
1331 1531 1432 1583 omnen

203 1605 395 1695 Evangelici
411 1619 519 1676 textus
537 1606 592 1674 sui
612 1607 747 1686 seriem,
766 1606 816 1674 sic
831 1606 912 1674 stvli
928 1605 1067 1673 modum
1087 1617 1265 1692 temperat,
1277 1601 1432 1690 etquadm

202 1695 440 1764 vicissitudine
466 1695 628 1782 mysticae
647 1695 820 1764 varietatis
843 1675 1000 1774 alternat,
1020 1705 1058 1762 ut
1082 1693 1184 1762 modo
1212 1694 1362 1762 lrumaua
1385 1708 1433 1776 pn·

202 1785 354 1864 nunciet,
382 1783 483 1853 modo
507 1782 640 1852 divina:
669 1783 770 1852 modo
793 1805 882 1870 quae
899 1783 1124 1852 humanitatis
1139 1795 1232 1861 sunt,
1252 1779 1433 1872 historialiter

202 1871 336 1942 inserat:
365 1873 466 1941 modo
482 1894 570 1960 quae
588 1885 669 1941 sunt
692 1872 892 1956 divinitatis,
911 1870 1062 1958 quadam
1080 1869 1284 1940 sublimium
1305 1891 1343 1938 ac
1361 1868 1424 1937 subt

192 1960 287 2029 lium
314 1960 494 2030 verborum
521 1963 696 2050 majestate
711 1961 900 2050 depromat.
921 1965 1095 2046 Tantaque
1114 1958 1301 2028 locutionis
1316 1971 1433 2027 artem·

201 2051 324 2118 borum
352 2051 419 2118 vim
445 2063 621 2138 temperat,
641 2072 680 2119 ac
705 2050 848 2120 libratae
873 2048 1117 2118 moderationis
1134 2048 1317 2117 sobrietate
1332 2048 1433 2133 dispu-

203 2151 265 2218 sat,
286 2155 324 2208 ut
348 2159 409 2207 nee
429 2138 619 2208 divinitatis
643 2160 770 2208 arcana
792 2138 938 2228 vulgari,
962 2159 1023 2206 uec
1047 2159 1098 2216 ea,
1116 2157 1205 2223 quae
1229 2136 1310 2205 fidei
1334 2149 1432 2204 nostru

202 2228 395 2296 necessaria
421 2240 513 2308 sunt,
533 2228 681 2315 patiatur
697 2226 875 2298 abscondi.
902 2227 1047 2296 Proinde
1071 2225 1153 2294 dum
1184 2225 1345 2295 historiae
1368 2219 1432 2290 rerba

202 2316 359 2396 contexit,
381 2314 472 2384 velut
497 2337 556 2404 per
581 2317 802 2386 tenuissimas
819 2316 925 2385 rimas
940 2315 1130 2384 divinitatis
1145 2311 1317 2403 fulgorem
1331 2313 1371 2382 ad
1385 2329 1434 2403 ocu·

202 2403 252 2474 los
277 2404 457 2473 hominum
487 2425 668 2474 coruscare
697 2405 885 2494 permittit;
910 2404 1028 2492 sicque
1052 2403 1135 2472 dum
1163 2403 1364 2473 tenuissimo
1379 2402 1436 2468 lucu

201 2506 359 2562 aeternae
384 2492 498 2561 radios
518 2492 641 2562 oculus
658 2495 782 2562 mentis
808 2507 942 2562 nostrae
960 2493 1215 2582 perstringitur,
1234 2492 1277 2560 ad
1302 2490 1436 2578 indagau·

201 2582 284 2650 dum
305 2603 381 2650 mox
406 2581 491 2650 illud
513 2582 750 2651 inaccessibile
766 2603 923 2650 summae
938 2580 1089 2650 veritatis
1106 2581 1224 2650 lumen
1239 2577 1437 2670 perspicacius

195 2671 365 2760 aperitur.
397 2671 483 2752 Quia
511 2691 586 2738 vero
614 2671 734 2741 beatus
762 2677 932 2750 loannes,
959 2669 1126 2739 alternato
1157 2691 1241 2738 suae
1266 2669 1437 2738 narratione

200 2758 458 2857 ordinemodo
483 2757 695 2827 divinitatem
722 2760 844 2830 Christi
870 2759 1066 2828 sublimiter
1089 2759 1234 2838 intonat,
1260 2758 1357 2828 modo
1377 2769 1438 2841 quat

200 2847 427 2946 humanitatis
444 2860 536 2928 suut,
558 2847 658 2938 plane
677 2847 931 2934 quodammodo
956 2859 1057 2935 atque
1085 2846 1264 2916 humiliter
1288 2857 1437 2916 asseverat.

200 2951 387 3023 sicutipse
413 2937 446 3003 in
473 2936 647 3025 Evangelii
672 2939 726 3006 sui
756 2937 926 3026 principio
951 2936 1074 3026 eoepit,
1107 2937 1153 3005 ita
1179 2937 1332 3006 seriatim
1360 2948 1439 3015 usquc

201 3023 389 3123 adfinem,
412 3024 504 3093 hunc
532 3024 691 3094 eumdem
723 3025 862 3094 modum
891 3047 949 3114 per
968 3046 1105 3094 omnem
1127 3045 1210 3093 suae
1228 3017 1439 3112 descriptionis

199 3112 386 3181 articulum
416 3113 536 3182 tenuit.
556 3117 652 3194 Nam,
675 3114 765 3182 sicut
794 3114 912 3195 nostis,
931 3114 965 3181 in
990 3114 1103 3202 capite
1126 3114 1181 3182 sui
1206 3113 1288 3183 libri
1309 3113 1439 3182 deificum

200 3200 285 3270 illud
315 3223 354 3270 ac
381 3201 558 3290 singulare
590 3203 684 3292 ponit
711 3202 910 3272 exordium:
937 3207 976 3270 lrr
999 3203 1177 3293 principio,
1206 3203 1439 3288 inquierere

205 3292 354 3370 Verbum,
378 3302 409 3359 ct
431 3293 569 3360 Verbum
594 3303 666 3360 erat
690 3293 782 3381 opud
805 3297 921 3370 Deum,
943 3301 974 3359 el
998 3297 1084 3360 Deus
1108 3301 1180 3360 erat
1210 3293 1357 3360 Verbum.
1379 3291 1440 3354 Ectt

200 3381 315 3466 aquila
341 3380 399 3447 Dei
423 3378 465 3447 ad
490 3379 575 3449 coeli
600 3381 757 3450 verticem
792 3379 987 3449 sublimiter
1015 3379 1147 3460 evolat,
1181 3379 1241 3448 sed
1278 3380 1320 3449 ad
1353 3389 1439 3446 esem

200 3469 315 3538 carnis
335 3489 473 3537 neeesse
496 3482 558 3552 est,
581 3483 618 3538 ut
640 3470 765 3556 pressis
793 3468 858 3538 alis
886 3468 1073 3555 aliquando
1098 3469 1131 3536 in
1159 3468 1270 3536 imum
1299 3463 1438 3538 submissa

199 3556 395 3627 descendat.
420 3556 514 3626 Unde
538 3571 570 3626 et
592 3558 694 3645 paulo
719 3571 794 3647 post
818 3556 901 3644 quid
920 3557 1056 3636 subdat,
1076 3557 1214 3625 audite:
1246 3561 1288 3625 m
1322 3554 1438 3626 Verbum.

201 3647 324 3730 inquit,
345 3669 423 3714 coro
444 3649 574 3734 sactum
598 3657 657 3725 est,
677 3657 707 3715 et
733 3647 1069 3716 bobt'tcm'tr'nncbis.
1422 3723 1427 3732 ,
1471 3708 1472 3717 ,

244 3737 323 3821 §2
355 3738 450 3803 Hanc
481 3735 596 3820 itaque
625 3735 854 3804 diversitatem
883 3735 1118 3815 humanitatis,
1150 3747 1255 3820 alque
1282 3730 1440 3802 divinitatis

201 3825 316 3893 unitae
341 3824 489 3903 sibimet,
512 3839 613 3909 atque
638 3825 851 3904 inconfusae,
870 3845 997 3913 sponsa
1014 3823 1056 3892 de
1080 3844 1209 3912 sponso
1233 3823 1316 3892 dicit
1335 3821 1439 3889 inean-

202 3913 294 3982 ticis:
318 3917 444 3991 Venter,
466 3913 590 3998 inquit,
609 3915 681 4002 ejus
705 3914 878 3992 eburneus,
907 3914 1082 3981 distinctus
1100 3913 1273 4003 sapphiris
1291 3911 1390 3999 (Cont-
1407 3901 1431 3984 r}

200 4006 239 4070 ln
261 4001 427 4069 membris
451 4001 580 4090 quippe
605 4002 749 4070 humani
768 4001 923 4092 corporis
939 4002 994 4069 vix
1008 4001 1141 4088 aliquid
1160 4014 1275 4070 ventre
1298 3993 1437 4086 fragilius.

201 4092 271 4159 sive
295 4089 446 4158 tenerius
475 4089 660 4168 invenitur,
681 4089 825 4176 ideoque
855 4111 916 4178 per
940 4103 1090 4158 ventrem
1119 4102 1209 4159 recte
1239 4086 1392 4178 fragilitas
1415 4097 1438 4142 ttt

200 4178 331 4246 Christo
356 4191 553 4266 assumptae
578 4178 803 4248 humanitatis
826 4178 1007 4268 accipitur.
1027 4180 1120 4247 Ebur
1145 4193 1259 4248 autem
1276 4199 1312 4248 os
1327 4185 1370 4242 est
1388 4169 1440 4263 ele

202 4264 352 4362 p'hantis,
375 4264 466 4355 quod
494 4266 650 4336 videlicet
673 4266 801 4336 animal
827 4266 935 4336 fertur
957 4287 1031 4336 esse
1050 4267 1295 4346 castissimum,
1315 4255 1440 4348 frigidu-

201 4372 376 4438 srmaeque
394 4369 547 4423 naturae.
566 4359 688 4424 Venter
703 4377 784 4445 ergo
800 4357 975 4425 eburneus
990 4371 1041 4426 est
1061 4355 1194 4446 sponsi,
1213 4355 1290 4443 quie
1306 4359 1440 4432 susceptu
