2972 4826
76 263 176 327 lth.8
380 281 416 327 nx
438 279 651 329 coscnrrvona
676 281 704 327 a.
732 281 816 328 vina
845 278 964 328 utaris
1199 265 1263 330 229

73 365 238 434 Christum!
269 364 380 434 Nubes
401 364 578 448 coelestiS,
605 386 694 452 quae
719 365 908 436 tonitruum
945 364 1094 454 Spiritus
1126 367 1241 436 Sancti
1271 368 1304 438 in

72 455 159 542 seipsa
180 451 413 535 reconditum,
444 453 585 524 deduxit
610 455 644 524 in
678 454 874 536 mundum,
908 465 941 524 et
976 454 1121 524 imbrem
1159 457 1307 546 Spiritus

70 543 159 611 Sancti
182 543 212 609 in
235 542 426 611 universam
453 556 577 612 terram
603 543 646 612 ad
670 542 930 632 producendum
953 541 1033 612 fidei
1058 541 1206 612 fructum
1225 568 1304 616 cum

69 630 209 718 impeditu
227 630 383 700 demisit!
409 637 483 712 Ave,
503 632 613 721 gretia
630 630 743 721 plena,
762 643 857 721 porta
873 630 1059 712 coelorum,
1079 631 1122 700 de
1145 655 1212 720 qua
1230 656 1307 722 pro-

70 717 143 806 pheta
167 719 364 790 vocileratus
392 733 442 789 est
466 721 520 790 his
538 721 650 791 verbis
666 747 674 786 ι
692 726 773 790 Ecce
800 723 1049 812 pertualdum,
1073 730 1103 790 ct
1120 725 1237 792 nultus
1257 725 1307 792 in-

67 809 209 896 gredietur
233 832 294 899 per
321 831 419 888 eom,
446 831 505 878 nec
529 810 742 899 egredictur,
767 820 1006 900 praeterquam
1037 813 1196 880 Dominus
1220 816 1307 881 Heus

64 899 156 976 sulus,·
178 907 209 966 et
236 900 300 966 erit
321 907 420 988 porto
443 901 562 967 clausu
590 899 686 978 duci,
714 901 796 989 quio
820 899 894 967 duuc
920 901 989 988 v'pse
1017 901 1307 980 catalonnum

65 987 151 1074 ipsum
171 987 351 1076 sperabunt
374 1009 484 1056 omues
506 997 621 1076 pentes
645 987 963 1076 (Ezech.xav1).l)e
989 987 1052 1056 hac
1080 1000 1177 1077 porta
1204 990 1306 1059 etiam

62 1072 87 1140 in
102 1074 236 1144 Canticis
262 1075 426 1163 propheta
451 1074 486 1144 in
511 1076 672 1144 discursu
695 1076 860 1145 orationis
878 1074 979 1164 plane
1003 1089 1034 1145 et
1053 1089 1169 1165 aperte
1195 1077 1307 1166 prolo-

61 1162 166 1248 quitur,
192 1163 409 1234 inclamans:
435 1168 559 1233 Hortus
585 1167 769 1244 conclusus,
797 1187 889 1234 soror
918 1187 994 1234 meu
1018 1187 1162 1266 sponso,
1191 1167 1307 1236 hortus

63 1255 220 1331 conclusus,
239 1255 313 1341 [ons
328 1253 484 1342 signatus
498 1253 611 1341 (Ceut.
629 1257 686 1336 ιν).
706 1255 829 1322 Mansit
854 1253 887 1321 in
914 1253 1107 1343 virginitate
1133 1269 1250 1324 sancta
1274 1270 1306 1324 et

61 1339 210 1426 praeclara
228 1338 345 1429 puella
365 1343 480 1422 Maria,
495 1363 583 1429 quae
604 1353 655 1410 est
672 1344 780 1411 nubes
799 1341 1072 1421 lucida‚'habens
1088 1344 1181 1412 intus
1199 1348 1306 1412 Deum

59 1429 190 1497 verbum:
212 1430 379 1517 adquam
406 1429 644 1500 vocalissimus
660 1431 790 1500 lsaias:
811 1436 893 1500 Eece
908 1432 1009 1500 nutes
1027 1433 1120 1511 levis,
1142 1443 1173 1501 et
1197 1435 1307 1503 ueniet

57 1517 83 1582 in
99 1523 278 1610 Aegyptum
296 1518 380 1606 (Iso.
400 1516 479 1607 xrx):
503 1539 602 1588 mons
624 1519 821 1589 nullatenus
847 1519 990 1601 incisus,
1009 1534 1228 1609 praeruptum
1247 1523 1307 1590 ha-

57 1603 125 1672 bens
140 1622 267 1695 petram
286 1606 473 1677 Christum.
485 1611 533 1684 De
549 1628 617 1694 qua
635 1609 913 1696 sapientissimus
930 1608 1046 1677 Daniel
1061 1609 1123 1677 ait:
1139 1612 1309 1679 inscissus

58 1697 190 1786 cstlnpis
213 1697 253 1765 de
281 1706 391 1766 monte
413 1698 484 1766 siue
507 1697 660 1766 munibus
683 1698 782 1787 (Dan.
801 1696 862 1784 n);
895 1697 958 1766 hoe
980 1709 1052 1766 est:
1075 1699 1209 1785 Absque
1235 1700 1306 1768 viro

56 1781 180 1852 mlidava
206 1796 339 1874 petram
370 1784 541 1855 Christum
570 1786 623 1854 Vir
648 1807 668 1855 o
695 1785 836 1876 peperit.
859 1790 938 1876 Ipsa
968 1785 1133 1874 templum
1164 1787 1308 1857 minime

54 1875 277 1960 compositum,
296 1894 387 1960 quae
402 1873 551 1963 lapidem
568 1808 747 1944 coelestem
773 1874 875 1944 habet
890 1873 1076 1944 Christum.
1099 1878 1179 1964 lpsa
1197 1876 1307 1948 nubes

55 1961 175 2030 tonitrui
189 1961 326 2044 formis,
343 1983 431 2048 quae
455 1961 574 2052 fulgur
590 1963 734 2032 interius
759 1964 793 2032 in
819 1975 917 2032 utero
940 1976 1061 2052 gestat:
1089 1965 1308 2056 sermonique

55 2069 115 2118 neo
139 2063 319 2122 attestatur
343 2051 457 2120 divina
486 2053 674 2141 Scriptura,
701 2052 784 2121 dum
815 2053 883 2120 ait:
913 2057 1030 2120 Venter
1056 2062 1134 2121 tuus
1169 2075 1309 2122 aceruus

55 2138 206 2222 immenti,
230 2143 386 2210 uallatus
411 2142 445 2209 in
470 2142 554 2210 litiis
569 2140 681 2229 (Cant.
700 2145 770 2224 vn).
798 2143 875 2229 lpse
900 2153 951 2209 est
967 2162 1049 2240 ager
1073 2139 1217 2209 minime
1238 2139 1310 2211 cul·

56 2237 107 2308 tus,
123 2250 207 2314 quae
233 2229 377 2298 verbum
405 2228 495 2297 velut
514 2249 662 2318 granum
686 2228 851 2324 frumenti
875 2229 1082 2318 suscipiens
1105 2227 1206 2298 etiam
1236 2250 1306 2298 ma-

59 2317 194 2402 nipulum
223 2317 445 2408 germinavit.
464 2322 542 2407 lpsa
566 2316 726 2387 clibanus
751 2317 1004 2399 intellectualis,
1030 2340 1119 2406 quae
1143 2317 1257 2408 ignem
1278 2331 1310 2388 et

60 2403 122 2472 vitae
145 2428 270 2494 panem
294 2405 454 2476 habebat.
479 2411 555 2495 lpse
571 2427 608 2476 cs
632 2416 751 2476 sancta
774 2411 879 2476 llater
902 2405 1098 2488 Salvatoris,
1124 2427 1212 2492 quae
1228 2412 1310 2476 Ver·

62 2488 118 2560 bun
141 2497 267 2576 Patris,
295 2515 335 2564 ex
366 2508 397 2563 te
421 2496 652 2577 incarnatum,
674 2495 846 2584 peperisti.
869 2495 914 2563 td
944 2517 1048 2582 quarn
1070 2495 1201 2566 lsaias:
1228 2501 1310 2565 Ecce

63 2582 135 2671 li'rpo
157 2587 192 2654 in
216 2595 317 2654 uteru
348 2584 501 2664 habebit,
531 2594 563 2652 et
587 2586 698 2674 parcet
721 2585 844 2674 filium,
861 2595 892 2654 et
914 2585 1077 2654 vocabunt
1095 2607 1213 2654 nomen
1237 2585 1310 2675 ejus

54 2670 233 2744 duuunuet
260 2671 343 2760 (lso.
361 2672 431 2760 vn).
454 2675 479 2742 0
505 2673 604 2762 Virgo
635 2695 733 2762 pura,
761 2685 877 2742 sancta
908 2677 1012 2742 llater
1037 2673 1184 2754 Domini,
1211 2673 1310 2743 beata

53 2779 160 2844 sponsa
180 2760 362 2830 Trinitatis
382 2760 592 2842 individuae,
616 2762 713 2830 beata
738 2773 774 2831 tu
800 2763 887 2830 inter
903 2762 1077 2842 mulieres,
1096 2783 1184 2848 quae
1200 2765 1307 2832 Deum
1341 2783 1345 2796 ¹

51 2857 75 2911 et
90 2845 261 2920 hominem
284 2849 441 2918 omnium
459 2853 662 2930 Creatorem,
679 2849 771 2919 velut
786 2848 950 2919 infantem
970 2853 1004 2919 in
1025 2853 1115 2919 'terra
1131 2849 1306 2941 peperisti.

52 2935 133 3004 Beata
158 2951 194 3007 tu
220 2941 313 3006 inter
338 2937 511 3020 mulieres,
529 2960 617 3026 quae
633 2939 705 3009 sola
723 2939 756 3006 in
783 2953 870 3008 terra
897 2943 1000 3007 [teum
1021 2939 1200 3008 coelestem
1227 2961 1309 3009 con-

49 3025 166 3112 cepisti.
195 3031 302 3097 Beata
327 3039 364 3095 tu
395 3027 694 3108 intermulieres,
724 3027 826 3114 cujus
851 3027 957 3097 ubera
981 3028 1073 3096 suxit
1103 3027 1132 3096 is
1159 3029 1219 3114 qui
1250 3028 1311 3097 alit

49 3114 206 3184 universa.
240 3119 366 3185 Sancta
395 3116 512 3197 llaria,
531 3117 632 3206 Virgo
657 3116 811 3206 Deipara,
837 3115 935 3186 beata
961 3131 995 3185 tu
1021 3117 1108 3185 inter
1134 3116 1308 3197 mulieres

48 3219 123 3284 quae
146 3225 242 3274 nunc
269 3203 419 3292 genuisti
442 3225 534 3285 eum,
554 3206 614 3292 qui
638 3204 719 3274 olim
745 3206 779 3272 in
807 3204 965 3295 paradiso
990 3204 1147 3274 lormavit
1170 3204 1310 3273 hdarne

49 3286 119 3358 luto.
137 3297 186 3362 Tu
209 3291 309 3362 enim
329 3313 366 3360 es
384 3293 538 3382 Deipara,
565 3315 653 3379 quae
677 3293 823 3362 Verbum
844 3316 883 3362 ex
909 3307 940 3362 te
967 3294 1181 3362 incarnatum
1209 3313 1311 3381 pepe-

50 3376 121 3446 risti.
143 3383 293 3472 Deipara
309 3381 438 3462 existis,
457 3402 544 3468 quae
569 3386 674 3451 Deum
695 3381 841 3450 Verbum
861 3383 894 3450 in
914 3381 1023 3451 forma
1040 3381 1126 3452 servi
1151 3382 1311 3470 concepi-

49 3465 94 3532 sti.
110 3469 258 3558 Deipara
284 3469 412 3550 existis,
437 3469 521 3556 quia
548 3475 652 3540 Deum
683 3470 827 3540 Verbum
854 3471 1069 3558 suscipiens,
1093 3471 1309 3540 incarnatum

60 3558 209 3643 reperisti.
232 3558 377 3647 Deipara
391 3559 521 3640 existis,
540 3580 627 3646 quae
644 3559 716 3628 sola
741 3558 848 3628 solius
865 3560 923 3627 Dei
945 3559 1165 3650 Unigenitum
1185 3557 1309 3627 Filium

49 3645 196 3728 genuisti.
220 3651 296 3725 llon
321 3659 577 3736 temporaneum
604 3652 710 3716 Deum
731 3648 880 3738 genuisti
896 3669 937 3716 ex
957 3663 986 3717 te
1004 3649 1234 3727 incarnatum,
1250 3645 1307 3717 sed

49 3743 228 3816 aeternum,
252 3735 314 3821 qui
337 3748 415 3804 ante
436 3749 465 3805 te
488 3749 550 3816 cst,
572 3749 604 3804 et
626 3749 705 3805 ante
721 3737 849 3805 omnia.
870 3737 949 3806 Ovis
973 3735 1206 3819 immaculata,
1221 3757 1310 3823 quae

51 3822 164 3908 peperit
200 3845 334 3913 agnum
367 3824 550 3892 Christum.
588 3830 739 3895 iuvenca
779 3845 957 3911 nunquam
990 3825 1115 3913 jugum
1154 3836 1305 3914 experta,

50 3927 124 3990 uuae
140 3911 289 3982 vitulum
333 3913 440 3981 enuit.
459 3912 552 3980 niuei
569 3934 688 3982 mensa
706 3911 958 3994 intellectualis,
976 3933 1063 3998 quae
1082 3933 1203 4001 panem
1224 3914 1310 3983 vitae

53 3999 168 4094 nunde
192 3933 438 4090 suppeditavit.
459 4000 547 4083 Quid
564 4001 703 4070 dicerni
719 4015 751 4071 et
771 4002 898 4090 quibus
915 4001 1026 4071 verbis
1041 4001 1217 4090 explicabo
1233 4003 1309 4090 glo·
1375 4081 1378 4086 ,

53 4103 124 4156 riam
150 4089 322 4160 radicitus
339 4088 539 4159 fundatam?
556 4093 600 4158 lte
624 4089 689 4159 hac
705 4104 822 4160 sancta
839 4089 966 4180 puella,
989 4111 1135 4180 semper,
1152 4090 1307 4180 inquam,

55 4175 150 4256 puella
176 4193 211 4247 et
235 4178 388 4267 virgine,
423 4181 512 4248 Deus
548 4198 607 4266 per
633 4178 834 4268 prophetam
867 4180 936 4248 ait:
963 4183 1018 4248 Em
1042 4189 1072 4248 te
1095 4179 1182 4247 mibi
1203 4179 1311 4248 coibit

57 4259 124 4342 luc,
143 4269 206 4356 qui
227 4269 272 4336 sit
296 4267 485 4335 dominetur
506 4269 625 4345 lsrutl,
647 4277 678 4335 ct
701 4289 852 4358 egressus
867 4270 939 4357 ejus
957 4269 997 4338 ub
1015 4269 1129 4346 initio,
1149 4290 1171 4336 o
1195 4268 1310 4336 dicbus

59 4356 268 4425 tetemitotis:
288 4365 468 4446 propterea
484 4354 576 4423 dubit
592 4377 644 4424 eos
661 4377 765 4446 usque
782 4356 827 4424 ad
843 4366 971 4446 tempus
984 4358 1167 4450 parientis:
1182 4357 1307 4446 pariet,
