2954 4816
264 335 327 399 382
589 353 627 398 na
651 351 750 400 uacua
774 349 893 399 carran
917 351 1116 400 unanimous
1323 333 1390 398 out.
1409 334 1437 396 ll

221 437 360 508 baberet
383 437 631 506 immanitatem
656 448 688 506 et
715 437 903 518 saevitiam,
931 458 1052 506 omnes
1074 436 1134 526 qui
1164 438 1294 506 suntin
1315 459 1349 506 ea
1371 435 1437 505 thri-

221 527 361 608 stianos,
389 539 567 615 postquam
587 525 787 613 subjecisset
803 524 1117 595 innumerabilibus
1132 525 1310 614 generibus
1327 536 1437 594 tornen-

221 625 345 696 torum,
371 612 495 685 deinde
511 613 632 683 acerbe
647 613 762 684 tollere
779 613 819 681 de
838 613 961 682 medio.
979 616 1236 696 Quaerebantur
1249 635 1323 703 ergo
1337 633 1433 690 omnes,

219 715 251 773 et
276 704 554 782 inveniebantur3
580 713 613 771 et
632 703 895 791 comprehensi,
929 702 970 771 ad
1004 704 1118 791 ipsum
1148 702 1361 772 ducebantur.
1382 706 1437 769 lun

218 792 346 879 quibus
361 792 417 860 bio
437 813 572 880 quoque
592 811 687 860 sacer
705 790 843 870 chorus,
869 791 1238 879 praestantissimorum
1257 791 1386 860 virorum
1399 789 1436 856 de·
1471 858 1472 861 ,

221 882 352 962 narius,
376 879 479 949 veluti
505 879 707 968 ex-optimis
721 878 837 948 eximii
856 879 969 948 selecti
994 879 1208 950 civitatibus:
1235 876 1438 967 quorumalias
1472 915 1473 966 3

218 967 357 1056 quidem
380 968 526 1037 maxima
543 969 711 1050 omnium,
731 989 819 1055 quae
843 967 914 1037 illic
937 981 1044 1050 erant,
1073 968 1230 1057 praebuit
1261 969 1382 1048 civitas;
1401 963 1437 1034 alii
1463 971 1473 1019 t

219 1068 331 1127 autem
350 1057 415 1126 orti
431 1069 526 1125 erant
542 1078 582 1124 ex
598 1055 693 1126 aliis:
719 1056 949 1126 communiter
974 1078 1052 1127 vero
1076 1056 1180 1126 simul
1206 1079 1321 1127 omnes
1342 1055 1439 1124 lestiua-
1472 1067 1473 1090 ¹

218 1145 300 1215 bant
316 1144 357 1215 ad
375 1166 493 1226 unam,
514 1155 669 1232 quaeest
686 1145 720 1213 in
736 1143 850 1226 coelis,
870 1145 1052 1214 civitatem.
1463 1122 1469 1200 l

262 1235 280 1322 ξ
303 1237 348 1305 8.
377 1235 403 1302 li
427 1255 505 1303 cum
532 1245 614 1303 tunc
634 1233 805 1302 stetissent
828 1247 906 1302 ante
929 1233 1185 1315 Proconsulem
1213 1255 1298 1323 quos
1313 1255 1370 1302 non
1388 1243 1439 1298 tunc
1463 1223 1473 1307 l

218 1321 356 1409 quidem
375 1342 550 1392 sermones
574 1320 679 1390 libere
694 1321 914 1391 habuerunt?
929 1322 1144 1404 Quibusnam
1162 1335 1276 1392 autern
1293 1319 1378 1392 lactis
1397 1337 1438 1385 nor
1472 1359 1473 1368 ,

218 1411 446 1480 obscurarunt
463 1414 659 1480 sermones?
673 1421 704 1479 et
720 1409 895 1499 quodnam
911 1410 1052 1498 quidem
1070 1423 1315 1482 tormentorum
1331 1411 1384 1478 iter
1398 1427 1440 1474 mr
1472 1433 1473 1436 ¹

220 1500 477 1588 pervaserunt?
498 1497 676 1581 Quodnam
702 1510 816 1567 autem
842 1498 1053 1589 supplicium
1080 1521 1146 1569 non
1172 1510 1372 1590 superarunt
1390 1493 1440 1590 tole·

220 1589 341 1668 rantia,
368 1587 470 1668 caesi,
504 1587 591 1668 torti,
620 1608 681 1676 per
704 1596 827 1674 terrain
859 1589 967 1669 tracti,
991 1587 1167 1677 lapidibus
1197 1589 1346 1678 appetiti,
1370 1583 1468 1663 irrisit

218 1677 423 1766 consputati,
440 1686 473 1745 et
485 1696 587 1745 omne
602 1697 712 1764 genus
727 1674 872 1745 serentes
889 1677 1193 1748 subsannationis?
1211 1676 1275 1748 Sed
1292 1687 1377 1746 eraut
1388 1673 1440 1740 haer
1462 1668 1468 1763 l

217 1763 356 1851 quidem
381 1764 450 1833 illis
474 1762 666 1834 futurorum
684 1764 875 1854 gymnasia,
902 1777 934 1834 et
959 1764 1062 1835 veluti
1086 1764 1257 1853 quaedam
1276 1760 1468 1856 praeexerci'

219 1853 374 1922 tationes.
398 1858 578 1940 Postquam
597 1863 710 1921 autem
731 1853 907 1942 oportebat
925 1874 983 1922 eos
1008 1877 1133 1945 magna
1156 1876 1296 1924 currere
1311 1849 1438 1942 Olympia
1472 1864 1473 1892 t

218 1941 394 2030 temporis,
414 1941 568 2029 iuquam,
596 1950 860 2030 tormentorum:
882 1953 954 2011 erat
979 1964 1056 2011 vero
1080 1941 1152 2012 dies
1179 1945 1389 2030 praestitutus
1406 1936 1440 2004 de·
1472 1965 1473 2006 i

218 2030 308 2098 cirno
332 2029 496 2099 Calendas
519 2028 720 2098 lanuarias:
745 2040 778 2098 et
825 2043 958 2100 aratum
986 2030 1126 2117 quidem
1155 2044 1229 2101 erat
1254 2027 1407 2104 tribunat,
1423 2033 1441 2089 et

218 2117 434 2208 praesidebat
467 2117 676 2188 Proconsul:
713 2051 929 2188 ducebantur
956 2130 1070 2189 autem
1099 2118 1263 2190 athletae:
1291 2118 1375 2210 pleni
1393 2132 1441 2182 ven
1472 2175 1473 2179 ,

217 2220 314 2278 erant
333 2207 446 2289 ambo,
466 2205 500 2274 hi
514 2206 652 2296 quidem
671 2205 778 2274 animi
794 2206 980 2288 alacritate,
999 2207 1056 2276 ille
1069 2229 1146 2278 vero
1160 2207 1276 2279 lurore
1288 2223 1318 2278 et
1335 2202 1440 2276 insania.

218 2300 257 2365 Et
273 2295 331 2364 ille
346 2295 484 2382 quidem
505 2307 577 2364 erat
597 2315 789 2385 propensus
811 2295 854 2365 ad
880 2295 1095 2386 puniendum
1120 2319 1233 2384 usque
1257 2297 1299 2367 ad
1325 2305 1467 2392 mortens

218 2383 254 2453 bi
273 2405 350 2454 vero
368 2383 477 2473 parati
493 2395 590 2453 erant
613 2383 783 2454 sustinere
806 2405 917 2470 usque
940 2383 981 2452 ad
1003 2397 1190 2455 extremum
1212 2387 1383 2476 spiritum3
1401 2394 1467 2474 rra-1

217 2473 333 2543 cundo
367 2485 398 2541 et
433 2470 571 2542 caedem
602 2472 754 2559 spirante
783 2472 879 2543 vultu
905 2493 963 2543 eos
989 2473 1143 2543 intuens:
1171 2479 1378 2558 «Quaenam
1397 2479 1467 2562 esti

216 2561 341 2648 inquit,
372 2571 463 2630 tanta
488 2559 659 2642 amentia,
685 2559 777 2648 quod
804 2581 913 2648 neque
937 2562 1037 2641 ratio,
1069 2584 1178 2649 neque
1202 2575 1338 2654 tempus
1360 2581 1406 2627 ros
1422 2549 1442 2618 td

216 2649 342 2729 docuit,
356 2649 446 2737 quod
463 2661 514 2718 est
528 2647 681 2718 futurum
698 2648 939 2719 conducibile?
957 2649 1112 2720 »Deinde
1130 2651 1274 2740 perinde
1292 2673 1330 2721 ao
1345 2649 1370 2720 si
1385 2641 1441 2716 sola.
1464 2653 1473 2736 l

215 2759 318 2824 quam
346 2734 634 2828 praeseferebat,
658 2738 708 2806 ira
731 2757 788 2808 eos
814 2738 1107 2828 perterrefecisset,
1134 2753 1166 2810 et
1185 2740 1261 2830 jain
1280 2741 1338 2820 eis,
1355 2749 1386 2806 ut
1405 2753 1443 2820 pt·

216 2828 339 2908 rerent,
360 2826 595 2927 persuasisset,
615 2848 633 2892 «
655 2825 858 2908 sacrificate,
882 2827 1004 2914 inquit.
1028 2827 1085 2897 Sin
1104 2828 1233 2910 minus,
1251 2850 1315 2920 ego
1338 2822 1442 2916 quiden
1464 2887 1465 2891 ,

217 2914 301 2983 nihil
333 2913 444 2984 dicam
470 2914 632 3004 amplius.
659 2919 723 2984 Vos
753 2927 867 2985 autem
897 2917 1009 2986 scietis
1030 2915 1220 3007 paulopost,
1248 2917 1397 3005 quisnam
1416 2917 1444 2974 sl

215 3003 348 3084 Decius,
370 3002 426 3072 cui
450 3024 509 3073 vos
534 3024 600 3072 nou
626 3002 727 3072 vultis
752 3025 845 3073 nunc
870 3019 998 3074 morem
1017 3025 1179 3096 gerere.»

258 3092 341 3178 Μ.
367 3090 413 3160 ld
439 3092 521 3162 haec
545 3096 729 3192 Martyres:
756 3114 774 3158 a
798 3097 862 3163 Nos
892 3092 1045 3182 quidem,
1071 3115 1091 3163 o
1120 3098 1272 3175 Praeses,
1297 3084 1446 3180 responde*

215 3192 307 3262 runt,
326 3192 358 3250 et
372 3181 495 3260 verbis,
513 3191 544 3249 et
561 3179 669 3260 lactis,
689 3191 722 3250 et
736 3179 842 3268 etiarn
857 3193 1008 3270 tempore
1028 3181 1110 3252 satis
1135 3203 1296 3272 magnam
1318 3177 1445 3268 dedimus

213 3269 469 3358 experientiam,
488 3268 579 3356 quod
596 3289 706 3355 neque
729 3268 797 3338 diis
821 3269 1107 3352 sacrificabimus
1129 3292 1238 3358 neque
1262 3269 1305 3340 ad
1329 3271 1384 3338 hoc
1401 3260 1446 3330 ab·

213 3357 315 3446 cujus
335 3358 477 3427 alterius
488 3356 650 3427 cedemus
664 3357 893 3430 sermonibus.
910 3380 985 3438 l-
999 3381 1017 3426 «
1035 3358 1097 3428 Sed
1117 3381 1236 3450 neque,
1253 3351 1444 3447 interpellans

215 3445 299 3517 dixit
313 3448 453 3538 impius,
468 3446 576 3527 vobis,
592 3467 611 3514 o
626 3445 735 3535 impii,
759 3461 859 3516 erunt
873 3467 976 3517 curae
989 3446 1061 3517 ulla
1082 3451 1271 3518 tormenta?
1288 3471 1305 3514 u
1323 3484 1363 3496 -
1376 3465 1390 3508 t
1402 3441 1444 3536 lllg

213 3557 399 3623 quaquam,
430 3534 589 3604 dixerunt
613 3535 739 3616 Sancti,
775 3535 1022 3625 propemodum
1049 3535 1141 3608 enirn
1163 3535 1227 3606 boc
1252 3525 1444 3626 nominettbt

213 3623 382 3695 habemus
406 3624 544 3714 gratias,
571 3624 662 3710 quod
681 3622 780 3694 nobis
796 3623 942 3705 dederis,
964 3637 1003 3695 ut
1022 3623 1076 3694 his
1091 3625 1307 3713 accipiamur
1320 3617 1445 3710 epulis.»
1472 3634 1473 3688 t

215 3713 317 3784 «Sed
339 3735 407 3782 non
426 3713 486 3794 sic,
514 3713 624 3799 inquit
648 3717 796 3793 Pressas,
823 3713 885 3782 erit
909 3712 1082 3802 deinceps·
1111 3712 1173 3783 Sed
1195 3715 1327 3791 scietis,
1344 3713 1444 3795 quanta
1472 3763 1473 3770 ,

213 3802 256 3872 sit
280 3802 507 3872 maximorum
525 3800 667 3870 deorum
689 3801 848 3891 potentia,
875 3821 961 3887 quos
983 3823 1043 3871 vos
1067 3812 1135 3870 tam
1160 3802 1371 3890 impudenter
1383 3810 1445 3893 ¹nti·
1472 3821 1473 3834 ¹

213 3889 348 3962 lediotis
367 3890 595 3968 insectamini,
616 3910 725 3975 neque
743 3890 804 3959 hos
819 3889 878 3976 qui
903 3889 1041 3970 adsunt,
1065 3903 1266 3972 reverentes,
1288 3888 1344 3976 qui
1365 3872 1443 3952 srnrul

214 3993 294 4050 sunt
319 3978 418 4048 multi
441 3991 473 4047 et
489 3978 680 4068 sapientes:
707 3979 765 4066 qui
797 3979 884 4048 inter
907 3977 988 4047 deos
1012 3977 1150 4065 quidem
1177 3979 1324 4068 primurn
1341 3975 1442 4072 lpum.

212 4067 336 4138 deinde
350 4073 534 4148 lunonem,
553 4080 586 4136 et
600 4066 783 4148 Rbeam‚et
801 4067 949 4153 reliquos
962 4064 1090 4136 colunt.
1110 4067 1302 4147 Quaeenim
1321 4071 1442 4152 primum

214 4157 440 4236 sustinuistis,
460 4169 557 4225 erant
572 4155 674 4225 veluti
688 4155 799 4226 solum
814 4157 958 4225 umbrae
972 4153 1235 4244 suppliciorum.
1246 4159 1338 4224 Nunc
1353 4157 1442 4218 auten

214 4257 280 4315 tam
302 4245 419 4316 multis
437 4243 618 4333 suppliciis
638 4244 892 4326 cruciabimini,
913 4255 950 4314 ut
974 4265 1040 4313 nou
1068 4256 1176 4314 vestra
1193 4241 1332 4312 audacia
1350 4237 1387 4306 ab
1406 4228 1443 4296 eit

214 4332 325 4403 solum
344 4334 602 4423 comprimatur,
623 4333 681 4401 sed
698 4333 775 4404 aliis
792 4355 928 4421 quoque
954 4344 1081 4403 metum
1103 4332 1257 4413 incutiat,
1283 4328 1338 4417 qui
1359 4333 1442 4404 aeque

164 4439 169 4448 ·
213 4444 252 4491 ac
279 4443 335 4492 vos
360 4436 440 4492 sunt
463 4419 708 4505 inobedientes,
729 4421 871 4495 simodo
888 4420 951 4492 ulli
973 4421 1042 4492 sint
1056 4421 1273 4511 ejusmodi.»
