<?xml version="1.0" encoding="UTF-8"?>
<!DOCTYPE html PUBLIC "-//W3C//DTD XHTML 1.0 Transitional//EN"
    "http://www.w3.org/TR/xhtml1/DTD/xhtml1-transitional.dtd">
<html xmlns="http://www.w3.org/1999/xhtml" xml:lang="en" lang="en">
 <head>
  <title>
</title>
<meta http-equiv="Content-Type" content="text/html;charset=utf-8" />
  <meta name='ocr-system' content='tesseract 3.04.00' />
  <meta name='ocr-capabilities' content='ocr_page ocr_carea ocr_par ocr_line ocrx_word'/>
</head>
<body>
  <div class='ocr_page' id='page_1' title='image "./historiaeseuvit00lippgoog_0041.png"; bbox 0 0 3046 4838; ppageno 0'>
   <div class='ocr_carea' id='block_1_1' title="bbox 280 261 1479 330">
    <p class='ocr_par' dir='ltr' id='par_1_1' title="bbox 280 261 1479 330">
     <span class='ocr_line' id='line_1_1' title="bbox 280 261 1479 330; baseline -0.003 -2"><span class='ocrx_word' id='word_1_1' title='bbox 280 263 321 328; x_wconf 77' lang='grc'><strong>22</strong></span> <span class='ocrx_word' id='word_1_2' title='bbox 643 283 682 329; x_wconf 83' lang='grc'><strong>01</strong></span> <span class='ocrx_word' id='word_1_3' title='bbox 706 282 734 328; x_wconf 90' lang='grc'><strong>0.</strong></span> <span class='ocrx_word' id='word_1_4' title='bbox 755 279 861 330; x_wconf 81' lang='lat' dir='ltr'><strong>rutero</strong></span> <span class='ocrx_word' id='word_1_5' title='bbox 885 283 934 328; x_wconf 87' lang='lat' dir='ltr'><strong>ar.</strong></span> <span class='ocrx_word' id='word_1_6' title='bbox 960 281 1091 330; x_wconf 75' lang='lat' dir='ltr'><strong>norror.</strong></span> <span class='ocrx_word' id='word_1_7' title='bbox 1365 261 1446 328; x_wconf 88' lang='lat' dir='ltr'><strong>DEC.</strong></span> <span class='ocrx_word' id='word_1_8' title='bbox 1471 265 1479 324; x_wconf 91' lang='grc'><strong>1</strong></span> 
     </span>
    </p>
   </div>
   <div class='ocr_carea' id='block_1_2' title="bbox 226 363 1507 4441">
    <p class='ocr_par' dir='ltr' id='par_1_2' title="bbox 235 363 1486 613">
     <span class='ocr_line' id='line_1_2' title="bbox 235 363 1486 454; baseline 0.001 -22"><span class='ocrx_word' id='word_1_9' title='bbox 235 366 323 436; x_wconf 92' lang='lat' dir='ltr'><strong>vitae</strong></span> <span class='ocrx_word' id='word_1_10' title='bbox 342 388 436 436; x_wconf 91' lang='lat' dir='ltr'><strong>suae.</strong></span> <span class='ocrx_word' id='word_1_11' title='bbox 456 371 560 454; x_wconf 74' lang='lat' dir='ltr'><strong>Atque</strong></span> <span class='ocrx_word' id='word_1_12' title='bbox 584 365 638 436; x_wconf 90' lang='lat' dir='ltr'><strong>his</strong></span> <span class='ocrx_word' id='word_1_13' title='bbox 667 366 776 436; x_wconf 88' lang='lat' dir='ltr'><strong>beatis</strong></span> <span class='ocrx_word' id='word_1_14' title='bbox 799 367 933 436; x_wconf 89' lang='lat' dir='ltr'><strong>actibus</strong></span> <span class='ocrx_word' id='word_1_15' title='bbox 962 365 1155 446; x_wconf 91' lang='lat' dir='ltr'><strong>intentum,</strong></span> <span class='ocrx_word' id='word_1_16' title='bbox 1185 365 1352 434; x_wconf 91' lang='lat' dir='ltr'><strong>intantum</strong></span> <span class='ocrx_word' id='word_1_17' title='bbox 1383 363 1486 433; x_wconf 84' lang='lat' dir='ltr'><strong>divina</strong></span> 
     </span>
     <span class='ocr_line' id='line_1_3' title="bbox 237 452 1485 543; baseline -0.001 -20"><span class='ocrx_word' id='word_1_18' title='bbox 237 455 388 543; x_wconf 88' lang='lat' dir='ltr'><strong>provexit</strong></span> <span class='ocrx_word' id='word_1_19' title='bbox 418 455 610 536; x_wconf 87' lang='lat' dir='ltr'><strong>elementia,</strong></span> <span class='ocrx_word' id='word_1_20' title='bbox 631 468 669 525; x_wconf 94' lang='lat' dir='ltr'><strong>ut</strong></span> <span class='ocrx_word' id='word_1_21' title='bbox 691 455 806 524; x_wconf 90' lang='lat' dir='ltr'><strong>adhue</strong></span> <span class='ocrx_word' id='word_1_22' title='bbox 830 455 864 524; x_wconf 92' lang='lat' dir='ltr'><strong>in</strong></span> <span class='ocrx_word' id='word_1_23' title='bbox 895 455 981 524; x_wconf 92' lang='lat' dir='ltr'><strong>laico</strong></span> <span class='ocrx_word' id='word_1_24' title='bbox 1001 454 1132 534; x_wconf 91' lang='lat' dir='ltr'><strong>babitu,</strong></span> <span class='ocrx_word' id='word_1_25' title='bbox 1154 455 1296 524; x_wconf 92' lang='lat' dir='ltr'><strong>Domino</strong></span> <span class='ocrx_word' id='word_1_26' title='bbox 1320 452 1485 543; x_wconf 74' lang='lat' dir='ltr'>largiente,</span> 
     </span>
     <span class='ocr_line' id='line_1_4' title="bbox 237 543 641 613; baseline 0 -1"><span class='ocrx_word' id='word_1_27' title='bbox 237 543 415 612; x_wconf 79' lang='lat' dir='ltr'><strong>miraculis</strong></span> <span class='ocrx_word' id='word_1_28' title='bbox 434 555 641 613; x_wconf 77' lang='lat' dir='ltr'>coruscaret.</span> 
     </span>
    </p>

    <p class='ocr_par' dir='ltr' id='par_1_3' title="bbox 228 629 1507 3558">
     <span class='ocr_line' id='line_1_5' title="bbox 279 629 1489 722; baseline -0.001 -21"><span class='ocrx_word' id='word_1_29' title='bbox 279 633 298 718; x_wconf 64' lang='grc' dir='ltr'><strong>ξ</strong></span> <span class='ocrx_word' id='word_1_30' title='bbox 323 635 402 702; x_wconf 69' lang='grc'><strong>113.</strong></span> <span class='ocrx_word' id='word_1_31' title='bbox 429 632 580 720; x_wconf 88' lang='lat' dir='ltr'><strong>Denique</strong></span> <span class='ocrx_word' id='word_1_32' title='bbox 603 629 752 718; x_wconf 92' lang='lat' dir='ltr'><strong>quodam</strong></span> <span class='ocrx_word' id='word_1_33' title='bbox 778 645 952 722; x_wconf 87' lang='lat' dir='ltr'><strong>tempore,</strong></span> <span class='ocrx_word' id='word_1_34' title='bbox 981 653 1060 702; x_wconf 88' lang='lat' dir='ltr'><strong>oum</strong></span> <span class='ocrx_word' id='word_1_35' title='bbox 1093 631 1327 702; x_wconf 83' lang='lat' dir='ltr'><strong>anniversaria</strong></span> <span class='ocrx_word' id='word_1_36' title='bbox 1363 631 1489 700; x_wconf 87' lang='lat' dir='ltr'><strong>Parisiis</strong></span> 
     </span>
     <span class='ocr_line' id='line_1_6' title="bbox 236 718 1489 821; baseline -0.001 -32"><span class='ocrx_word' id='word_1_37' title='bbox 236 719 344 789; x_wconf 89' lang='lat' dir='ltr'><strong>sancti</strong></span> <span class='ocrx_word' id='word_1_38' title='bbox 371 721 524 810; x_wconf 83' lang='lat' dir='ltr'>Dionysii</span> <span class='ocrx_word' id='word_1_39' title='bbox 546 720 706 810; x_wconf 83' lang='lat' dir='ltr'><strong>martyris</strong></span> <span class='ocrx_word' id='word_1_40' title='bbox 724 720 955 790; x_wconf 79' lang='lat' dir='ltr'><strong>celebraretur</strong></span> <span class='ocrx_word' id='word_1_41' title='bbox 980 720 1105 809; x_wconf 81' lang='lat' dir='ltr'>passio,</span> <span class='ocrx_word' id='word_1_42' title='bbox 1125 719 1210 790; x_wconf 91' lang='lat' dir='ltr'><strong>dum</strong></span> <span class='ocrx_word' id='word_1_43' title='bbox 1228 719 1383 821; x_wconf 79' lang='lat' dir='ltr'><strong>vigiliae</strong></span> <span class='ocrx_word' id='word_1_44' title='bbox 1406 718 1489 788; x_wconf 90' lang='lat' dir='ltr'><strong>Clero</strong></span> 
     </span>
     <span class='ocr_line' id='line_1_7' title="bbox 235 804 1489 900; baseline -0.002 -22"><span class='ocrx_word' id='word_1_45' title='bbox 235 821 415 880; x_wconf 89' lang='lat' dir='ltr'><strong>caneretur</strong></span> <span class='ocrx_word' id='word_1_46' title='bbox 431 809 464 878; x_wconf 94' lang='lat' dir='ltr'><strong>in</strong></span> <span class='ocrx_word' id='word_1_47' title='bbox 487 810 603 891; x_wconf 89' lang='lat' dir='ltr'><strong>choro,</strong></span> <span class='ocrx_word' id='word_1_48' title='bbox 620 831 781 900; x_wconf 84' lang='lat' dir='ltr'><strong>egressus</strong></span> <span class='ocrx_word' id='word_1_49' title='bbox 805 804 970 900; x_wconf 82' lang='lat' dir='ltr'><strong>Eligiuse</strong></span> <span class='ocrx_word' id='word_1_50' title='bbox 995 808 1134 899; x_wconf 90' lang='lat' dir='ltr'><strong>templo,</strong></span> <span class='ocrx_word' id='word_1_51' title='bbox 1152 807 1194 876; x_wconf 90' lang='lat' dir='ltr'><strong>ad</strong></span> <span class='ocrx_word' id='word_1_52' title='bbox 1216 821 1342 878; x_wconf 84' lang='lat' dir='ltr'><strong>atrium</strong></span> <span class='ocrx_word' id='word_1_53' title='bbox 1369 830 1403 879; x_wconf 92' lang='lat' dir='ltr'><strong>se</strong></span> <span class='ocrx_word' id='word_1_54' title='bbox 1417 829 1489 876; x_wconf 90' lang='lat' dir='ltr'><strong>eon·</strong></span> 
     </span>
     <span class='ocr_line' id='line_1_8' title="bbox 234 895 1487 986; baseline 0.002 -20"><span class='ocrx_word' id='word_1_55' title='bbox 234 895 388 968; x_wconf 86' lang='lat' dir='ltr'><strong>serebat:</strong></span> <span class='ocrx_word' id='word_1_56' title='bbox 421 897 574 986; x_wconf 89' lang='lat' dir='ltr'><strong>viditque</strong></span> <span class='ocrx_word' id='word_1_57' title='bbox 599 899 737 968; x_wconf 90' lang='lat' dir='ltr'><strong>eminus</strong></span> <span class='ocrx_word' id='word_1_58' title='bbox 761 897 872 968; x_wconf 91' lang='lat' dir='ltr'><strong>virum</strong></span> <span class='ocrx_word' id='word_1_59' title='bbox 909 898 1043 968; x_wconf 88' lang='lat' dir='ltr'><strong>cunetis</strong></span> <span class='ocrx_word' id='word_1_60' title='bbox 1079 897 1243 966; x_wconf 91' lang='lat' dir='ltr'><strong>membris</strong></span> <span class='ocrx_word' id='word_1_61' title='bbox 1273 909 1487 969; x_wconf 87' lang='lat' dir='ltr'><strong>contractum.</strong></span> 
     </span>
     <span class='ocr_line' id='line_1_9' title="bbox 234 985 1490 1078; baseline -0.002 -23"><span class='ocrx_word' id='word_1_62' title='bbox 234 998 354 1056; x_wconf 91' lang='lat' dir='ltr'><strong>contra</strong></span> <span class='ocrx_word' id='word_1_63' title='bbox 374 987 488 1056; x_wconf 79' lang='lat' dir='ltr'>Sancti</span> <span class='ocrx_word' id='word_1_64' title='bbox 509 987 707 1078; x_wconf 90' lang='lat' dir='ltr'><strong>sepulcrum</strong></span> <span class='ocrx_word' id='word_1_65' title='bbox 727 987 842 1076; x_wconf 84' lang='lat' dir='ltr'><strong>jacere</strong></span> <span class='ocrx_word' id='word_1_66' title='bbox 862 987 896 1056; x_wconf 93' lang='lat' dir='ltr'><strong>in</strong></span> <span class='ocrx_word' id='word_1_67' title='bbox 922 987 1171 1077; x_wconf 81' lang='lat' dir='ltr'><strong>pavimentoh</strong></span> <span class='ocrx_word' id='word_1_68' title='bbox 1194 990 1261 1056; x_wconf 90' lang='lat' dir='ltr'><strong>Deo</strong></span> <span class='ocrx_word' id='word_1_69' title='bbox 1284 985 1368 1056; x_wconf 87' lang='grc'><strong>10110</strong></span> <span class='ocrx_word' id='word_1_70' title='bbox 1392 985 1490 1074; x_wconf 85' lang='grc'><strong>10001-</strong></span> 
     </span>
     <span class='ocr_line' id='line_1_10' title="bbox 234 1073 1490 1163; baseline -0.003 -19"><span class='ocrx_word' id='word_1_71' title='bbox 234 1087 340 1156; x_wconf 91' lang='lat' dir='ltr'><strong>ratus,</strong></span> <span class='ocrx_word' id='word_1_72' title='bbox 361 1075 503 1145; x_wconf 89' lang='lat' dir='ltr'><strong>accessit</strong></span> <span class='ocrx_word' id='word_1_73' title='bbox 526 1075 569 1146; x_wconf 91' lang='lat' dir='ltr'><strong>ad</strong></span> <span class='ocrx_word' id='word_1_74' title='bbox 594 1075 781 1156; x_wconf 89' lang='lat' dir='ltr'><strong>bominem,</strong></span> <span class='ocrx_word' id='word_1_75' title='bbox 801 1075 995 1162; x_wconf 81' lang='lat' dir='ltr'>blandeque</span> <span class='ocrx_word' id='word_1_76' title='bbox 1022 1097 1101 1144; x_wconf 87' lang='lat' dir='ltr'><strong>eum</strong></span> <span class='ocrx_word' id='word_1_77' title='bbox 1134 1075 1359 1163; x_wconf 89' lang='lat' dir='ltr'><strong>compellans,</strong></span> <span class='ocrx_word' id='word_1_78' title='bbox 1390 1073 1490 1162; x_wconf 90' lang='lat' dir='ltr'><strong>coepit</strong></span> 
     </span>
     <span class='ocr_line' id='line_1_11' title="bbox 233 1163 1487 1255; baseline -0.005 -24"><span class='ocrx_word' id='word_1_79' title='bbox 233 1163 332 1232; x_wconf 87' lang='lat' dir='ltr'><strong>abeo</strong></span> <span class='ocrx_word' id='word_1_80' title='bbox 349 1164 523 1251; x_wconf 82' lang='lat' dir='ltr'><strong>inquirere</strong></span> <span class='ocrx_word' id='word_1_81' title='bbox 538 1177 570 1234; x_wconf 93' lang='grc'><strong>01</strong></span> <span class='ocrx_word' id='word_1_82' title='bbox 588 1176 739 1254; x_wconf 86' lang='grc'><strong>10010010</strong></span> <span class='ocrx_word' id='word_1_83' title='bbox 756 1163 1030 1246; x_wconf 79' lang='lat' dir='ltr'><strong>claudicationis,</strong></span> <span class='ocrx_word' id='word_1_84' title='bbox 1048 1177 1081 1234; x_wconf 91' lang='lat' dir='ltr'><strong>et</strong></span> <span class='ocrx_word' id='word_1_85' title='bbox 1100 1185 1241 1232; x_wconf 88' lang='lat' dir='ltr'><strong>oausam</strong></span> <span class='ocrx_word' id='word_1_86' title='bbox 1258 1163 1487 1255; x_wconf 84' lang='lat' dir='ltr'><strong>aegritudinis:</strong></span> 
     </span>
     <span class='ocr_line' id='line_1_12' title="bbox 233 1252 1489 1344; baseline -0.001 -24"><span class='ocrx_word' id='word_1_87' title='bbox 233 1252 338 1322; x_wconf 93' lang='lat' dir='ltr'><strong>simul</strong></span> <span class='ocrx_word' id='word_1_88' title='bbox 363 1275 402 1322; x_wconf 91' lang='lat' dir='ltr'><strong>ex</strong></span> <span class='ocrx_word' id='word_1_89' title='bbox 419 1275 458 1322; x_wconf 90' lang='lat' dir='ltr'><strong>eo</strong></span> <span class='ocrx_word' id='word_1_90' title='bbox 475 1253 666 1334; x_wconf 89' lang='lat' dir='ltr'><strong>sciscitans,</strong></span> <span class='ocrx_word' id='word_1_91' title='bbox 688 1275 769 1322; x_wconf 90' lang='lat' dir='ltr'><strong>num</strong></span> <span class='ocrx_word' id='word_1_92' title='bbox 796 1275 889 1344; x_wconf 91' lang='lat' dir='ltr'><strong>spem</strong></span> <span class='ocrx_word' id='word_1_93' title='bbox 909 1253 1047 1322; x_wconf 83' lang='lat' dir='ltr'><strong>liaberet</strong></span> <span class='ocrx_word' id='word_1_94' title='bbox 1065 1253 1099 1321; x_wconf 92' lang='lat' dir='ltr'><strong>in</strong></span> <span class='ocrx_word' id='word_1_95' title='bbox 1119 1252 1261 1332; x_wconf 87' lang='lat' dir='ltr'><strong>Christo,</strong></span> <span class='ocrx_word' id='word_1_96' title='bbox 1280 1252 1489 1338; x_wconf 78' lang='lat' dir='ltr'><strong>crederetque</strong></span> 
     </span>
     <span class='ocr_line' id='line_1_13' title="bbox 233 1341 1506 1430; baseline -0.001 -21"><span class='ocrx_word' id='word_1_97' title='bbox 233 1361 269 1409; x_wconf 92' lang='lat' dir='ltr'><strong>se</strong></span> <span class='ocrx_word' id='word_1_98' title='bbox 292 1341 500 1429; x_wconf 91' lang='lat' dir='ltr'><strong>quandoque</strong></span> <span class='ocrx_word' id='word_1_99' title='bbox 524 1341 730 1423; x_wconf 85' lang='lat' dir='ltr'><strong>sanandum,</strong></span> <span class='ocrx_word' id='word_1_100' title='bbox 758 1342 907 1429; x_wconf 86' lang='lat' dir='ltr'><strong>itemque</strong></span> <span class='ocrx_word' id='word_1_101' title='bbox 939 1353 1014 1430; x_wconf 92' lang='lat' dir='ltr'><strong>post</strong></span> <span class='ocrx_word' id='word_1_102' title='bbox 1041 1355 1183 1412; x_wconf 92' lang='lat' dir='ltr'><strong>mortem</strong></span> <span class='ocrx_word' id='word_1_103' title='bbox 1210 1354 1506 1419; x_wconf 52' lang='lat' dir='ltr'><strong>resurrecturum„</strong></span> 
     </span>
     <span class='ocr_line' id='line_1_14' title="bbox 232 1428 1506 1520; baseline -0.002 -22"><span class='ocrx_word' id='word_1_104' title='bbox 232 1441 265 1499; x_wconf 89' lang='grc'><strong>01</strong></span> <span class='ocrx_word' id='word_1_105' title='bbox 284 1429 334 1498; x_wconf 88' lang='lat' dir='ltr'><strong>vel</strong></span> <span class='ocrx_word' id='word_1_106' title='bbox 362 1431 524 1518; x_wconf 88' lang='lat' dir='ltr'><strong>praemia,</strong></span> <span class='ocrx_word' id='word_1_107' title='bbox 543 1428 593 1500; x_wconf 91' lang='lat' dir='ltr'><strong>vel</strong></span> <span class='ocrx_word' id='word_1_108' title='bbox 619 1451 758 1519; x_wconf 91' lang='lat' dir='ltr'><strong>poenas,</strong></span> <span class='ocrx_word' id='word_1_109' title='bbox 778 1452 839 1518; x_wconf 92' lang='lat' dir='ltr'><strong>pro</strong></span> <span class='ocrx_word' id='word_1_110' title='bbox 856 1431 1055 1502; x_wconf 90' lang='lat' dir='ltr'><strong>meritorum</strong></span> <span class='ocrx_word' id='word_1_111' title='bbox 1073 1429 1247 1518; x_wconf 88' lang='lat' dir='ltr'><strong>qualitate,</strong></span> <span class='ocrx_word' id='word_1_112' title='bbox 1267 1443 1486 1520; x_wconf 88' lang='lat' dir='ltr'><strong>recepturum.</strong></span> <span class='ocrx_word' id='word_1_113' title='bbox 1505 1435 1506 1442; x_wconf 78' lang='grc'>’</span> 
     </span>
     <span class='ocr_line' id='line_1_15' title="bbox 233 1518 1487 1610; baseline 0.005 -24"><span class='ocrx_word' id='word_1_114' title='bbox 233 1521 385 1604; x_wconf 84' lang='lat' dir='ltr'><strong>Cumque</strong></span> <span class='ocrx_word' id='word_1_115' title='bbox 402 1519 460 1588; x_wconf 91' lang='lat' dir='ltr'><strong>ille</strong></span> <span class='ocrx_word' id='word_1_116' title='bbox 483 1519 558 1610; x_wconf 87' lang='lat' dir='ltr'><strong>ejus</strong></span> <span class='ocrx_word' id='word_1_117' title='bbox 572 1531 710 1590; x_wconf 90' lang='lat' dir='ltr'><strong>secutus</strong></span> <span class='ocrx_word' id='word_1_118' title='bbox 735 1518 847 1600; x_wconf 87' lang='lat' dir='ltr'><strong>verba,</strong></span> <span class='ocrx_word' id='word_1_119' title='bbox 869 1532 992 1589; x_wconf 87' lang='lat' dir='ltr'><strong>cuncta</strong></span> <span class='ocrx_word' id='word_1_120' title='bbox 1010 1519 1093 1588; x_wconf 90' lang='lat' dir='ltr'><strong>haec</strong></span> <span class='ocrx_word' id='word_1_121' title='bbox 1113 1541 1148 1588; x_wconf 89' lang='grc'><strong>00</strong></span> <span class='ocrx_word' id='word_1_122' title='bbox 1164 1518 1302 1588; x_wconf 89' lang='lat' dir='ltr'><strong>credere</strong></span> <span class='ocrx_word' id='word_1_123' title='bbox 1323 1518 1487 1591; x_wconf 72' lang='lat' dir='ltr'><strong>fateretur,</strong></span> 
     </span>
     <span class='ocr_line' id='line_1_16' title="bbox 233 1603 1487 1698; baseline -0.002 -24"><span class='ocrx_word' id='word_1_124' title='bbox 233 1627 354 1676; x_wconf 91' lang='lat' dir='ltr'><strong>rursus</strong></span> <span class='ocrx_word' id='word_1_125' title='bbox 378 1607 531 1698; x_wconf 84' lang='lat' dir='ltr'><strong>Eligius:</strong></span> <span class='ocrx_word' id='word_1_126' title='bbox 559 1631 577 1674; x_wconf 82' lang='lat' dir='ltr'><strong>n</strong></span> <span class='ocrx_word' id='word_1_127' title='bbox 604 1609 635 1678; x_wconf 89' lang='lat' dir='ltr'><strong>Si</strong></span> <span class='ocrx_word' id='word_1_128' title='bbox 657 1629 738 1697; x_wconf 84' lang='lat' dir='ltr'><strong>ergo</strong></span> <span class='ocrx_word' id='word_1_129' title='bbox 768 1608 862 1688; x_wconf 88' lang='lat' dir='ltr'><strong>haee,</strong></span> <span class='ocrx_word' id='word_1_130' title='bbox 882 1609 1004 1695; x_wconf 90' lang='lat' dir='ltr'><strong>inquit,</strong></span> <span class='ocrx_word' id='word_1_131' title='bbox 1025 1619 1062 1676; x_wconf 92' lang='lat' dir='ltr'><strong>ut</strong></span> <span class='ocrx_word' id='word_1_132' title='bbox 1081 1606 1243 1688; x_wconf 88' lang='lat' dir='ltr'><strong>adstruis,</strong></span> <span class='ocrx_word' id='word_1_133' title='bbox 1271 1608 1397 1688; x_wconf 91' lang='lat' dir='ltr'><strong>credis,</strong></span> <span class='ocrx_word' id='word_1_134' title='bbox 1416 1603 1487 1692; x_wconf 93' lang='lat' dir='ltr'><strong>quid</strong></span> 
     </span>
     <span class='ocr_line' id='line_1_17' title="bbox 232 1695 1489 1786; baseline -0.002 -24"><span class='ocrx_word' id='word_1_135' title='bbox 232 1695 279 1764; x_wconf 92' lang='lat' dir='ltr'><strong>ita</strong></span> <span class='ocrx_word' id='word_1_136' title='bbox 299 1697 447 1766; x_wconf 91' lang='lat' dir='ltr'><strong>inaniter</strong></span> <span class='ocrx_word' id='word_1_137' title='bbox 464 1696 519 1767; x_wconf 92' lang='lat' dir='ltr'><strong>hic</strong></span> <span class='ocrx_word' id='word_1_138' title='bbox 538 1697 654 1786; x_wconf 79' lang='lat' dir='ltr'><strong>jaces?</strong></span> <span class='ocrx_word' id='word_1_139' title='bbox 674 1702 766 1786; x_wconf 82' lang='lat' dir='ltr'><strong>Roga</strong></span> <span class='ocrx_word' id='word_1_140' title='bbox 785 1697 897 1785; x_wconf 94' lang='lat' dir='ltr'><strong>potius</strong></span> <span class='ocrx_word' id='word_1_141' title='bbox 916 1697 1009 1766; x_wconf 91' lang='lat' dir='ltr'><strong>hunc</strong></span> <span class='ocrx_word' id='word_1_142' title='bbox 1034 1701 1209 1776; x_wconf 88' lang='lat' dir='ltr'><strong>Sanctum,</strong></span> <span class='ocrx_word' id='word_1_143' title='bbox 1231 1708 1269 1766; x_wconf 91' lang='lat' dir='ltr'><strong>ut</strong></span> <span class='ocrx_word' id='word_1_144' title='bbox 1287 1695 1489 1767; x_wconf 84' lang='lat' dir='ltr'><strong>intercedens</strong></span> 
     </span>
     <span class='ocr_line' id='line_1_18' title="bbox 231 1783 1487 1872; baseline -0.002 -20"><span class='ocrx_word' id='word_1_145' title='bbox 231 1783 323 1872; x_wconf 91' lang='lat' dir='ltr'><strong>apud</strong></span> <span class='ocrx_word' id='word_1_146' title='bbox 350 1786 546 1867; x_wconf 89' lang='lat' dir='ltr'><strong>Dominum,</strong></span> <span class='ocrx_word' id='word_1_147' title='bbox 571 1784 689 1854; x_wconf 91' lang='lat' dir='ltr'><strong>reddat</strong></span> <span class='ocrx_word' id='word_1_148' title='bbox 707 1797 737 1853; x_wconf 92' lang='grc'><strong>10</strong></span> <span class='ocrx_word' id='word_1_149' title='bbox 762 1785 919 1872; x_wconf 89' lang='grc'><strong>01011000</strong></span> <span class='ocrx_word' id='word_1_150' title='bbox 944 1807 1081 1855; x_wconf 89' lang='lat' dir='ltr'><strong>sanum.</strong></span> <span class='ocrx_word' id='word_1_151' title='bbox 1104 1808 1120 1852; x_wconf 77' lang='lat' dir='ltr'><strong>a</strong></span> <span class='ocrx_word' id='word_1_152' title='bbox 1141 1785 1276 1854; x_wconf 87' lang='lat' dir='ltr'><strong>Dicente</strong></span> <span class='ocrx_word' id='word_1_153' title='bbox 1295 1798 1410 1856; x_wconf 91' lang='lat' dir='ltr'><strong>autem</strong></span> <span class='ocrx_word' id='word_1_154' title='bbox 1428 1783 1487 1862; x_wconf 88' lang='lat' dir='ltr'><strong>illo,</strong></span> 
     </span>
     <span class='ocr_line' id='line_1_19' title="bbox 233 1871 1487 1962; baseline -0.001 -20"><span class='ocrx_word' id='word_1_155' title='bbox 233 1893 268 1942; x_wconf 93' lang='lat' dir='ltr'><strong>se</strong></span> <span class='ocrx_word' id='word_1_156' title='bbox 290 1893 330 1942; x_wconf 92' lang='lat' dir='ltr'><strong>ea</strong></span> <span class='ocrx_word' id='word_1_157' title='bbox 353 1895 457 1944; x_wconf 91' lang='lat' dir='ltr'><strong>causa</strong></span> <span class='ocrx_word' id='word_1_158' title='bbox 477 1873 523 1944; x_wconf 95' lang='lat' dir='ltr'><strong>ibi</strong></span> <span class='ocrx_word' id='word_1_159' title='bbox 543 1875 722 1954; x_wconf 89' lang='lat' dir='ltr'><strong>excubare,</strong></span> <span class='ocrx_word' id='word_1_160' title='bbox 742 1874 874 1962; x_wconf 81' lang='lat' dir='ltr'><strong>Eligius</strong></span> <span class='ocrx_word' id='word_1_161' title='bbox 897 1895 975 1944; x_wconf 91' lang='lat' dir='ltr'><strong>eum</strong></span> <span class='ocrx_word' id='word_1_162' title='bbox 997 1873 1157 1944; x_wconf 89' lang='lat' dir='ltr'><strong>intuens:</strong></span> <span class='ocrx_word' id='word_1_163' title='bbox 1184 1896 1202 1940; x_wconf 79' lang='lat' dir='ltr'><strong>n</strong></span> <span class='ocrx_word' id='word_1_164' title='bbox 1229 1873 1358 1956; x_wconf 85' lang='lat' dir='ltr'><strong>Credis,</strong></span> <span class='ocrx_word' id='word_1_165' title='bbox 1377 1871 1487 1960; x_wconf 88' lang='lat' dir='ltr'><strong>inquit.</strong></span> 
     </span>
     <span class='ocr_line' id='line_1_20' title="bbox 232 1961 1488 2051; baseline -0.002 -22"><span class='ocrx_word' id='word_1_166' title='bbox 232 1982 331 2051; x_wconf 91' lang='lat' dir='ltr'><strong>posse</strong></span> <span class='ocrx_word' id='word_1_167' title='bbox 354 1963 449 2034; x_wconf 92' lang='lat' dir='ltr'><strong>hunc</strong></span> <span class='ocrx_word' id='word_1_168' title='bbox 474 1967 636 2033; x_wconf 89' lang='lat' dir='ltr'><strong>Sanctum</strong></span> <span class='ocrx_word' id='word_1_169' title='bbox 656 1962 768 2031; x_wconf 90' lang='lat' dir='ltr'><strong>isthuc</strong></span> <span class='ocrx_word' id='word_1_170' title='bbox 786 1963 846 2032; x_wconf 92' lang='lat' dir='ltr'><strong>tibi</strong></span> <span class='ocrx_word' id='word_1_171' title='bbox 871 1961 961 2051; x_wconf 89' lang='lat' dir='ltr'><strong>apud</strong></span> <span class='ocrx_word' id='word_1_172' title='bbox 991 1967 1094 2032; x_wconf 92' lang='lat' dir='ltr'><strong>Deum</strong></span> <span class='ocrx_word' id='word_1_173' title='bbox 1120 1961 1297 2032; x_wconf 78' lang='lat' dir='ltr'><strong>obtinere?</strong></span> <span class='ocrx_word' id='word_1_174' title='bbox 1323 1962 1422 2032; x_wconf 89' lang='grc'><strong>»1110</strong></span> <span class='ocrx_word' id='word_1_175' title='bbox 1446 1983 1488 2028; x_wconf 88' lang='grc'><strong>10·</strong></span> 
     </span>
     <span class='ocr_line' id='line_1_21' title="bbox 231 2049 1487 2140; baseline 0.002 -22"><span class='ocrx_word' id='word_1_176' title='bbox 231 2049 432 2139; x_wconf 87' lang='lat' dir='ltr'><strong>spondente,</strong></span> <span class='ocrx_word' id='word_1_177' title='bbox 451 2073 487 2122; x_wconf 91' lang='lat' dir='ltr'><strong>se</strong></span> <span class='ocrx_word' id='word_1_178' title='bbox 506 2051 555 2121; x_wconf 89' lang='lat' dir='ltr'><strong>sie</strong></span> <span class='ocrx_word' id='word_1_179' title='bbox 579 2051 729 2120; x_wconf 89' lang='lat' dir='ltr'><strong>credere:</strong></span> <span class='ocrx_word' id='word_1_180' title='bbox 749 2072 869 2121; x_wconf 89' lang='lat' dir='ltr'><strong>rursus</strong></span> <span class='ocrx_word' id='word_1_181' title='bbox 884 2051 927 2120; x_wconf 88' lang='lat' dir='ltr'><strong>ad</strong></span> <span class='ocrx_word' id='word_1_182' title='bbox 947 2073 1027 2120; x_wconf 88' lang='lat' dir='ltr'><strong>eum</strong></span> <span class='ocrx_word' id='word_1_183' title='bbox 1045 2050 1189 2140; x_wconf 80' lang='lat' dir='ltr'><strong>Eligius:</strong></span> <span class='ocrx_word' id='word_1_184' title='bbox 1209 2075 1226 2117; x_wconf 82' lang='grc'><strong>1</strong></span> <span class='ocrx_word' id='word_1_185' title='bbox 1245 2052 1278 2121; x_wconf 91' lang='lat' dir='ltr'><strong>Si</strong></span> <span class='ocrx_word' id='word_1_186' title='bbox 1303 2052 1355 2121; x_wconf 89' lang='lat' dir='ltr'><strong>sic</strong></span> <span class='ocrx_word' id='word_1_187' title='bbox 1375 2049 1487 2121; x_wconf 84' lang='lat' dir='ltr'><strong>credis.</strong></span> 
     </span>
     <span class='ocr_line' id='line_1_22' title="bbox 232 2137 1489 2230; baseline -0.003 -22"><span class='ocrx_word' id='word_1_188' title='bbox 232 2141 290 2220; x_wconf 89' lang='lat' dir='ltr'><strong>ait,</strong></span> <span class='ocrx_word' id='word_1_189' title='bbox 311 2142 469 2229; x_wconf 84' lang='lat' dir='ltr'><strong>promitte</strong></span> <span class='ocrx_word' id='word_1_190' title='bbox 481 2141 554 2230; x_wconf 90' lang='lat' dir='ltr'><strong>jam</strong></span> <span class='ocrx_word' id='word_1_191' title='bbox 571 2151 602 2210; x_wconf 90' lang='lat' dir='ltr'><strong>te</strong></span> <span class='ocrx_word' id='word_1_192' title='bbox 622 2140 784 2229; x_wconf 89' lang='lat' dir='ltr'><strong>deinceps</strong></span> <span class='ocrx_word' id='word_1_193' title='bbox 809 2143 875 2208; x_wconf 89' lang='lat' dir='ltr'><strong>Deo</strong></span> <span class='ocrx_word' id='word_1_194' title='bbox 900 2141 1119 2220; x_wconf 88' lang='lat' dir='ltr'><strong>serviturum,</strong></span> <span class='ocrx_word' id='word_1_195' title='bbox 1137 2152 1169 2209; x_wconf 92' lang='lat' dir='ltr'><strong>et</strong></span> <span class='ocrx_word' id='word_1_196' title='bbox 1193 2139 1269 2208; x_wconf 89' lang='lat' dir='ltr'><strong>vide</strong></span> <span class='ocrx_word' id='word_1_197' title='bbox 1302 2162 1344 2210; x_wconf 89' lang='grc'><strong>00</strong></span> <span class='ocrx_word' id='word_1_198' title='bbox 1369 2137 1489 2210; x_wconf 88' lang='lat' dir='ltr'><strong>vacillet</strong></span> 
     </span>
     <span class='ocr_line' id='line_1_23' title="bbox 230 2226 1489 2317; baseline -0.003 -21"><span class='ocrx_word' id='word_1_199' title='bbox 230 2227 404 2310; x_wconf 89' lang='grc'><strong>1111001110,</strong></span> <span class='ocrx_word' id='word_1_200' title='bbox 430 2241 463 2298; x_wconf 92' lang='lat' dir='ltr'><strong>et</strong></span> <span class='ocrx_word' id='word_1_201' title='bbox 486 2231 617 2316; x_wconf 89' lang='lat' dir='ltr'><strong>absque</strong></span> <span class='ocrx_word' id='word_1_202' title='bbox 641 2250 736 2298; x_wconf 93' lang='lat' dir='ltr'><strong>mora</strong></span> <span class='ocrx_word' id='word_1_203' title='bbox 754 2227 890 2298; x_wconf 89' lang='lat' dir='ltr'><strong>sanabit</strong></span> <span class='ocrx_word' id='word_1_204' title='bbox 907 2241 936 2298; x_wconf 92' lang='lat' dir='ltr'><strong>te</strong></span> <span class='ocrx_word' id='word_1_205' title='bbox 962 2227 1139 2298; x_wconf 91' lang='lat' dir='ltr'><strong>Dominus.</strong></span> <span class='ocrx_word' id='word_1_206' title='bbox 1169 2251 1187 2296; x_wconf 79' lang='lat' dir='ltr'><strong>a</strong></span> <span class='ocrx_word' id='word_1_207' title='bbox 1212 2228 1275 2298; x_wconf 91' lang='lat' dir='ltr'><strong>lllo</strong></span> <span class='ocrx_word' id='word_1_208' title='bbox 1300 2251 1363 2317; x_wconf 92' lang='lat' dir='ltr'><strong>per</strong></span> <span class='ocrx_word' id='word_1_209' title='bbox 1384 2226 1489 2297; x_wconf 92' lang='lat' dir='ltr'><strong>omnia</strong></span> 
     </span>
     <span class='ocr_line' id='line_1_24' title="bbox 230 2313 1488 2410; baseline -0.003 -26"><span class='ocrx_word' id='word_1_210' title='bbox 230 2315 333 2386; x_wconf 89' lang='lat' dir='ltr'><strong>fidem</strong></span> <span class='ocrx_word' id='word_1_211' title='bbox 352 2317 466 2399; x_wconf 88' lang='lat' dir='ltr'><strong>dante,</strong></span> <span class='ocrx_word' id='word_1_212' title='bbox 484 2317 557 2387; x_wconf 88' lang='lat' dir='ltr'><strong>lixit</strong></span> <span class='ocrx_word' id='word_1_213' title='bbox 575 2317 706 2406; x_wconf 81' lang='lat' dir='ltr'><strong>Eligius</strong></span> <span class='ocrx_word' id='word_1_214' title='bbox 721 2338 835 2406; x_wconf 84' lang='lat' dir='ltr'><strong>genua</strong></span> <span class='ocrx_word' id='word_1_215' title='bbox 859 2317 893 2385; x_wconf 93' lang='lat' dir='ltr'><strong>in</strong></span> <span class='ocrx_word' id='word_1_216' title='bbox 921 2330 1020 2397; x_wconf 89' lang='lat' dir='ltr'><strong>terra,</strong></span> <span class='ocrx_word' id='word_1_217' title='bbox 1040 2329 1072 2386; x_wconf 91' lang='lat' dir='ltr'><strong>et</strong></span> <span class='ocrx_word' id='word_1_218' title='bbox 1091 2315 1219 2410; x_wconf 84' lang='lat' dir='ltr'><strong>prolixe</strong></span> <span class='ocrx_word' id='word_1_219' title='bbox 1234 2318 1354 2387; x_wconf 89' lang='lat' dir='ltr'><strong>oravit.</strong></span> <span class='ocrx_word' id='word_1_220' title='bbox 1376 2313 1488 2387; x_wconf 80' lang='lat' dir='ltr'><strong>Deinde</strong></span> 
     </span>
     <span class='ocr_line' id='line_1_25' title="bbox 231 2404 1487 2495; baseline -0.002 -22"><span class='ocrx_word' id='word_1_221' title='bbox 231 2404 349 2476; x_wconf 92' lang='lat' dir='ltr'><strong>oculos</strong></span> <span class='ocrx_word' id='word_1_222' title='bbox 374 2408 500 2495; x_wconf 90' lang='lat' dir='ltr'><strong>pariter</strong></span> <span class='ocrx_word' id='word_1_223' title='bbox 523 2418 555 2476; x_wconf 93' lang='lat' dir='ltr'><strong>et</strong></span> <span class='ocrx_word' id='word_1_224' title='bbox 578 2406 711 2495; x_wconf 86' lang='lat' dir='ltr'><strong>palmas</strong></span> <span class='ocrx_word' id='word_1_225' title='bbox 735 2406 777 2474; x_wconf 93' lang='lat' dir='ltr'><strong>ad</strong></span> <span class='ocrx_word' id='word_1_226' title='bbox 802 2405 935 2475; x_wconf 89' lang='lat' dir='ltr'><strong>coelum</strong></span> <span class='ocrx_word' id='word_1_227' title='bbox 963 2404 1142 2487; x_wconf 91' lang='lat' dir='ltr'><strong>attollens,</strong></span> <span class='ocrx_word' id='word_1_228' title='bbox 1169 2407 1354 2475; x_wconf 91' lang='lat' dir='ltr'><strong>Dominum</strong></span> <span class='ocrx_word' id='word_1_229' title='bbox 1381 2412 1487 2476; x_wconf 81' lang='lat' dir='ltr'><strong>lesum</strong></span> 
     </span>
     <span class='ocr_line' id='line_1_26' title="bbox 230 2492 1486 2596; baseline -0.006 -34"><span class='ocrx_word' id='word_1_230' title='bbox 230 2492 299 2562; x_wconf 89' lang='lat' dir='ltr'><strong>fide</strong></span> <span class='ocrx_word' id='word_1_231' title='bbox 323 2495 458 2596; x_wconf 90' lang='lat' dir='ltr'><strong>plenus,</strong></span> <span class='ocrx_word' id='word_1_232' title='bbox 492 2493 732 2584; x_wconf 89' lang='lat' dir='ltr'><strong>promissionis</strong></span> <span class='ocrx_word' id='word_1_233' title='bbox 758 2516 841 2564; x_wconf 90' lang='lat' dir='ltr'><strong>suae</strong></span> <span class='ocrx_word' id='word_1_234' title='bbox 869 2493 1015 2564; x_wconf 84' lang='lat' dir='ltr'><strong>fideliter</strong></span> <span class='ocrx_word' id='word_1_235' title='bbox 1044 2493 1245 2571; x_wconf 84' lang='lat' dir='ltr'><strong>admonuit,</strong></span> <span class='ocrx_word' id='word_1_236' title='bbox 1283 2517 1352 2582; x_wconf 92' lang='lat' dir='ltr'><strong>qua</strong></span> <span class='ocrx_word' id='word_1_237' title='bbox 1391 2493 1486 2563; x_wconf 92' lang='lat' dir='ltr'><strong>dicit:</strong></span> 
     </span>
     <span class='ocr_line' id='line_1_27' title="bbox 230 2584 1489 2674; baseline -0.002 -23"><span class='ocrx_word' id='word_1_238' title='bbox 230 2585 351 2653; x_wconf 78' lang='lat' dir='ltr'><strong>Omnia</strong></span> <span class='ocrx_word' id='word_1_239' title='bbox 366 2606 595 2674; x_wconf 82' lang='lat' dir='ltr'><strong>quaecumque</strong></span> <span class='ocrx_word' id='word_1_240' title='bbox 614 2595 746 2652; x_wconf 82' lang='lat' dir='ltr'><strong>orontes</strong></span> <span class='ocrx_word' id='word_1_241' title='bbox 764 2585 889 2674; x_wconf 83' lang='lat' dir='ltr'><strong>petitis,</strong></span> <span class='ocrx_word' id='word_1_242' title='bbox 913 2584 1035 2653; x_wconf 81' lang='lat' dir='ltr'><strong>credite</strong></span> <span class='ocrx_word' id='word_1_243' title='bbox 1058 2585 1141 2674; x_wconf 83' lang='lat' dir='ltr'><strong>quia</strong></span> <span class='ocrx_word' id='word_1_244' title='bbox 1164 2585 1239 2652; x_wconf 82' lang='grc'><strong>0001</strong></span> <span class='ocrx_word' id='word_1_245' title='bbox 1263 2586 1349 2665; x_wconf 80' lang='lat' dir='ltr'><strong>ielis,</strong></span> <span class='ocrx_word' id='word_1_246' title='bbox 1377 2594 1489 2653; x_wconf 83' lang='grc'><strong>01000-</strong></span> 
     </span>
     <span class='ocr_line' id='line_1_28' title="bbox 229 2607 1490 2761; baseline -0.003 -23"><span class='ocrx_word' id='word_1_247' title='bbox 229 2672 322 2740; x_wconf 84' lang='grc'><strong>01001</strong></span> <span class='ocrx_word' id='word_1_248' title='bbox 345 2673 435 2741; x_wconf 86' lang='lat' dir='ltr'><strong>vobis</strong></span> <span class='ocrx_word' id='word_1_249' title='bbox 459 2677 575 2755; x_wconf 76' lang='lat' dir='ltr'><strong>(Marc.</strong></span> <span class='ocrx_word' id='word_1_250' title='bbox 600 2671 650 2760; x_wconf 88' lang='lat'><em>11).</em></span> <span class='ocrx_word' id='word_1_251' title='bbox 678 2675 831 2758; x_wconf 85' lang='lat' dir='ltr'><strong>Cumque</strong></span> <span class='ocrx_word' id='word_1_252' title='bbox 868 2672 969 2761; x_wconf 91' lang='lat' dir='ltr'><strong>pleno</strong></span> <span class='ocrx_word' id='word_1_253' title='bbox 997 2685 1131 2760; x_wconf 90' lang='lat' dir='ltr'><strong>pectore</strong></span> <span class='ocrx_word' id='word_1_254' title='bbox 1161 2693 1201 2740; x_wconf 92' lang='lat' dir='ltr'><strong>ac</strong></span> <span class='ocrx_word' id='word_1_255' title='bbox 1229 2607 1490 2742; x_wconf 68' lang='grc'><strong>111101101011000</strong></span> 
     </span>
     <span class='ocr_line' id='line_1_29' title="bbox 231 2758 1507 2861; baseline -0.002 -34"><span class='ocrx_word' id='word_1_256' title='bbox 231 2758 440 2848; x_wconf 88' lang='lat' dir='ltr'><strong>deposceret,</strong></span> <span class='ocrx_word' id='word_1_257' title='bbox 462 2781 648 2830; x_wconf 86' lang='lat' dir='ltr'><strong>conversus</strong></span> <span class='ocrx_word' id='word_1_258' title='bbox 672 2759 714 2828; x_wconf 89' lang='lat' dir='ltr'><strong>ad</strong></span> <span class='ocrx_word' id='word_1_259' title='bbox 736 2782 891 2850; x_wconf 84' lang='lat' dir='ltr'><strong>aegrum,</strong></span> <span class='ocrx_word' id='word_1_260' title='bbox 918 2759 1133 2861; x_wconf 78' lang='lat' dir='ltr'><strong>apprehensa</strong></span> <span class='ocrx_word' id='word_1_261' title='bbox 1150 2761 1225 2848; x_wconf 87' lang='lat' dir='ltr'><strong>ejus</strong></span> <span class='ocrx_word' id='word_1_262' title='bbox 1249 2759 1399 2838; x_wconf 83' lang='lat' dir='ltr'><strong>dextera,</strong></span> <span class='ocrx_word' id='word_1_263' title='bbox 1425 2759 1507 2827; x_wconf 47' lang='lat' dir='ltr'><strong>aits</strong></span> 
     </span>
     <span class='ocr_line' id='line_1_30' title="bbox 230 2847 1490 2938; baseline 0 -26"><span class='ocrx_word' id='word_1_264' title='bbox 230 2869 250 2912; x_wconf 72' lang='lat' dir='ltr'><strong>a</strong></span> <span class='ocrx_word' id='word_1_265' title='bbox 277 2847 311 2917; x_wconf 89' lang='lat' dir='ltr'><strong>Si</strong></span> <span class='ocrx_word' id='word_1_266' title='bbox 335 2847 570 2919; x_wconf 88' lang='lat' dir='ltr'><strong>indubitanter</strong></span> <span class='ocrx_word' id='word_1_267' title='bbox 586 2848 709 2929; x_wconf 87' lang='grc'><strong>0101110,</strong></span> <span class='ocrx_word' id='word_1_268' title='bbox 730 2849 820 2918; x_wconf 91' lang='lat' dir='ltr'><strong>sicut</strong></span> <span class='ocrx_word' id='word_1_269' title='bbox 837 2849 1018 2938; x_wconf 85' lang='lat' dir='ltr'><strong>promittis,</strong></span> <span class='ocrx_word' id='word_1_270' title='bbox 1039 2849 1073 2917; x_wconf 95' lang='lat' dir='ltr'><strong>in</strong></span> <span class='ocrx_word' id='word_1_271' title='bbox 1100 2849 1239 2918; x_wconf 90' lang='lat' dir='ltr'><strong>nomine</strong></span> <span class='ocrx_word' id='word_1_272' title='bbox 1265 2850 1400 2918; x_wconf 90' lang='lat' dir='ltr'><strong>Domini</strong></span> <span class='ocrx_word' id='word_1_273' title='bbox 1421 2850 1490 2916; x_wconf 93' lang='lat' dir='ltr'><strong>lesu</strong></span> 
     </span>
     <span class='ocr_line' id='line_1_31' title="bbox 231 2934 1489 3028; baseline -0.002 -24"><span class='ocrx_word' id='word_1_274' title='bbox 231 2934 354 3005; x_wconf 90' lang='lat' dir='ltr'><strong>Christi</strong></span> <span class='ocrx_word' id='word_1_275' title='bbox 374 2959 487 3028; x_wconf 83' lang='lat' dir='ltr'><strong>surge,</strong></span> <span class='ocrx_word' id='word_1_276' title='bbox 507 2951 539 3007; x_wconf 92' lang='lat' dir='ltr'><strong>et</strong></span> <span class='ocrx_word' id='word_1_277' title='bbox 563 2951 614 3006; x_wconf 94' lang='lat' dir='ltr'><strong>sta</strong></span> <span class='ocrx_word' id='word_1_278' title='bbox 639 2959 744 3027; x_wconf 87' lang='lat' dir='ltr'><strong>super</strong></span> <span class='ocrx_word' id='word_1_279' title='bbox 765 2936 867 3027; x_wconf 90' lang='lat' dir='ltr'><strong>pedes</strong></span> <span class='ocrx_word' id='word_1_280' title='bbox 893 2951 980 3008; x_wconf 92' lang='lat' dir='ltr'><strong>tuos.</strong></span> <span class='ocrx_word' id='word_1_281' title='bbox 1009 2939 1155 3023; x_wconf 75' lang='lat' dir='ltr'><strong>»atqua</strong></span> <span class='ocrx_word' id='word_1_282' title='bbox 1183 2936 1266 3008; x_wconf 86' lang='lat' dir='ltr'><strong>haec</strong></span> <span class='ocrx_word' id='word_1_283' title='bbox 1290 2937 1422 3016; x_wconf 90' lang='lat' dir='ltr'><strong>dicens,</strong></span> <span class='ocrx_word' id='word_1_284' title='bbox 1448 2947 1489 3003; x_wconf 93' lang='lat' dir='ltr'><strong>at·</strong></span> 
     </span>
     <span class='ocr_line' id='line_1_32' title="bbox 232 3023 1490 3107; baseline -0.002 -15"><span class='ocrx_word' id='word_1_285' title='bbox 232 3025 331 3094; x_wconf 83' lang='lat' dir='ltr'><strong>traxit</strong></span> <span class='ocrx_word' id='word_1_286' title='bbox 353 3047 432 3094; x_wconf 88' lang='lat' dir='ltr'><strong>eum</strong></span> <span class='ocrx_word' id='word_1_287' title='bbox 458 3025 499 3096; x_wconf 91' lang='lat' dir='ltr'><strong>ad</strong></span> <span class='ocrx_word' id='word_1_288' title='bbox 526 3047 561 3095; x_wconf 91' lang='lat' dir='ltr'><strong>se</strong></span> <span class='ocrx_word' id='word_1_289' title='bbox 578 3025 719 3106; x_wconf 87' lang='grc'><strong>10111101,</strong></span> <span class='ocrx_word' id='word_1_290' title='bbox 747 3036 780 3095; x_wconf 90' lang='grc'><strong>01</strong></span> <span class='ocrx_word' id='word_1_291' title='bbox 800 3026 892 3096; x_wconf 90' lang='grc'><strong>111100</strong></span> <span class='ocrx_word' id='word_1_292' title='bbox 918 3025 1061 3096; x_wconf 90' lang='lat' dir='ltr'><strong>nexibus</strong></span> <span class='ocrx_word' id='word_1_293' title='bbox 1077 3038 1215 3095; x_wconf 93' lang='lat' dir='ltr'><strong>artuum</strong></span> <span class='ocrx_word' id='word_1_294' title='bbox 1243 3027 1414 3107; x_wconf 88' lang='lat' dir='ltr'><strong>resolutis,</strong></span> <span class='ocrx_word' id='word_1_295' title='bbox 1433 3023 1490 3092; x_wconf 83' lang='grc'><strong>010</strong></span> 
     </span>
     <span class='ocr_line' id='line_1_33' title="bbox 231 3114 1488 3204; baseline 0.002 -26"><span class='ocrx_word' id='word_1_296' title='bbox 231 3126 329 3182; x_wconf 85' lang='lat' dir='ltr'><strong>vatus</strong></span> <span class='ocrx_word' id='word_1_297' title='bbox 348 3135 448 3204; x_wconf 84' lang='lat' dir='ltr'><strong>aeger</strong></span> <span class='ocrx_word' id='word_1_298' title='bbox 464 3115 566 3196; x_wconf 89' lang='lat' dir='ltr'><strong>stetit,</strong></span> <span class='ocrx_word' id='word_1_299' title='bbox 586 3136 732 3201; x_wconf 87' lang='lat' dir='ltr'><strong>moxque</strong></span> <span class='ocrx_word' id='word_1_300' title='bbox 748 3114 951 3185; x_wconf 90' lang='lat' dir='ltr'><strong>consolidati</strong></span> <span class='ocrx_word' id='word_1_301' title='bbox 969 3127 1050 3184; x_wconf 89' lang='lat' dir='ltr'><strong>sunt</strong></span> <span class='ocrx_word' id='word_1_302' title='bbox 1071 3114 1174 3204; x_wconf 89' lang='lat' dir='ltr'><strong>pedes</strong></span> <span class='ocrx_word' id='word_1_303' title='bbox 1190 3114 1265 3204; x_wconf 85' lang='lat' dir='ltr'><strong>ejus</strong></span> <span class='ocrx_word' id='word_1_304' title='bbox 1281 3126 1314 3183; x_wconf 91' lang='lat' dir='ltr'><strong>et</strong></span> <span class='ocrx_word' id='word_1_305' title='bbox 1331 3115 1488 3184; x_wconf 87' lang='lat' dir='ltr'><strong>membra.</strong></span> 
     </span>
     <span class='ocr_line' id='line_1_34' title="bbox 229 3202 1490 3293; baseline -0.002 -23"><span class='ocrx_word' id='word_1_306' title='bbox 229 3214 262 3271; x_wconf 91' lang='lat' dir='ltr'><strong>et</strong></span> <span class='ocrx_word' id='word_1_307' title='bbox 279 3214 420 3272; x_wconf 89' lang='lat' dir='ltr'><strong>sanatus</strong></span> <span class='ocrx_word' id='word_1_308' title='bbox 439 3217 489 3272; x_wconf 90' lang='lat' dir='ltr'><strong>est</strong></span> <span class='ocrx_word' id='word_1_309' title='bbox 512 3225 550 3274; x_wconf 90' lang='lat' dir='ltr'><strong>ex</strong></span> <span class='ocrx_word' id='word_1_310' title='bbox 567 3204 642 3293; x_wconf 93' lang='lat' dir='ltr'><strong>ipsa</strong></span> <span class='ocrx_word' id='word_1_311' title='bbox 660 3204 756 3274; x_wconf 91' lang='lat' dir='ltr'><strong>hora.</strong></span> <span class='ocrx_word' id='word_1_312' title='bbox 776 3205 998 3274; x_wconf 91' lang='lat' dir='ltr'><strong>Comminans</strong></span> <span class='ocrx_word' id='word_1_313' title='bbox 1022 3215 1136 3272; x_wconf 91' lang='lat' dir='ltr'><strong>autem</strong></span> <span class='ocrx_word' id='word_1_314' title='bbox 1155 3203 1185 3272; x_wconf 92' lang='lat' dir='ltr'><strong>ei</strong></span> <span class='ocrx_word' id='word_1_315' title='bbox 1209 3202 1340 3292; x_wconf 84' lang='lat' dir='ltr'><strong>Dligius</strong></span> <span class='ocrx_word' id='word_1_316' title='bbox 1363 3215 1396 3271; x_wconf 92' lang='lat' dir='ltr'><strong>et</strong></span> <span class='ocrx_word' id='word_1_317' title='bbox 1420 3220 1490 3270; x_wconf 88' lang='lat' dir='ltr'><strong>eon·</strong></span> 
     </span>
     <span class='ocr_line' id='line_1_35' title="bbox 231 3287 1491 3382; baseline -0.004 -23"><span class='ocrx_word' id='word_1_318' title='bbox 231 3301 370 3372; x_wconf 91' lang='lat' dir='ltr'><strong>testans,</strong></span> <span class='ocrx_word' id='word_1_319' title='bbox 390 3293 572 3382; x_wconf 89' lang='lat' dir='ltr'><strong>praecepit,</strong></span> <span class='ocrx_word' id='word_1_320' title='bbox 597 3307 633 3362; x_wconf 93' lang='lat' dir='ltr'><strong>ut</strong></span> <span class='ocrx_word' id='word_1_321' title='bbox 656 3293 685 3362; x_wconf 96' lang='lat' dir='ltr'><strong>si</strong></span> <span class='ocrx_word' id='word_1_322' title='bbox 712 3291 815 3362; x_wconf 91' lang='lat' dir='ltr'><strong>nollet</strong></span> <span class='ocrx_word' id='word_1_323' title='bbox 840 3314 961 3362; x_wconf 90' lang='lat' dir='ltr'><strong>rursus</strong></span> <span class='ocrx_word' id='word_1_324' title='bbox 987 3291 1066 3362; x_wconf 89' lang='lat' dir='ltr'><strong>talia</strong></span> <span class='ocrx_word' id='word_1_325' title='bbox 1088 3292 1168 3380; x_wconf 92' lang='grc'><strong>0011,</strong></span> <span class='ocrx_word' id='word_1_326' title='bbox 1190 3290 1324 3360; x_wconf 88' lang='lat' dir='ltr'><strong>nullum</strong></span> <span class='ocrx_word' id='word_1_327' title='bbox 1344 3289 1438 3360; x_wconf 92' lang='lat' dir='ltr'><strong>aliud</strong></span> <span class='ocrx_word' id='word_1_328' title='bbox 1455 3287 1491 3354; x_wconf 91' lang='lat' dir='ltr'><strong>de</strong></span> 
     </span>
     <span class='ocr_line' id='line_1_36' title="bbox 228 3378 1491 3471; baseline -0.002 -24"><span class='ocrx_word' id='word_1_329' title='bbox 228 3379 361 3451; x_wconf 92' lang='lat' dir='ltr'><strong>reddita</strong></span> <span class='ocrx_word' id='word_1_330' title='bbox 379 3380 443 3471; x_wconf 94' lang='lat' dir='ltr'><strong>ipsi</strong></span> <span class='ocrx_word' id='word_1_331' title='bbox 460 3381 604 3451; x_wconf 88' lang='lat' dir='ltr'><strong>sanitate</strong></span> <span class='ocrx_word' id='word_1_332' title='bbox 620 3381 760 3451; x_wconf 91' lang='lat' dir='ltr'><strong>verbum</strong></span> <span class='ocrx_word' id='word_1_333' title='bbox 779 3380 937 3462; x_wconf 86' lang='lat' dir='ltr'><strong>ediceret,</strong></span> <span class='ocrx_word' id='word_1_334' title='bbox 951 3381 1017 3454; x_wconf 89' lang='lat' dir='ltr'><strong>nisi</strong></span> <span class='ocrx_word' id='word_1_335' title='bbox 1035 3378 1127 3468; x_wconf 90' lang='lat' dir='ltr'><strong>quod</strong></span> <span class='ocrx_word' id='word_1_336' title='bbox 1143 3381 1309 3450; x_wconf 84' lang='lat' dir='ltr'><strong>Dominus</strong></span> <span class='ocrx_word' id='word_1_337' title='bbox 1324 3385 1426 3450; x_wconf 82' lang='lat' dir='ltr'><strong>lesus</strong></span> <span class='ocrx_word' id='word_1_338' title='bbox 1441 3395 1491 3466; x_wconf 89' lang='lat' dir='ltr'><strong>per</strong></span> 
     </span>
     <span class='ocr_line' id='line_1_37' title="bbox 229 3469 913 3558; baseline 0.001 -21"><span class='ocrx_word' id='word_1_339' title='bbox 229 3481 386 3539; x_wconf 90' lang='lat' dir='ltr'><strong>sanetum</strong></span> <span class='ocrx_word' id='word_1_340' title='bbox 414 3469 615 3558; x_wconf 84' lang='lat' dir='ltr'><strong>Dionysium</strong></span> <span class='ocrx_word' id='word_1_341' title='bbox 641 3492 720 3540; x_wconf 90' lang='lat' dir='ltr'><strong>eum</strong></span> <span class='ocrx_word' id='word_1_342' title='bbox 746 3483 913 3540; x_wconf 88' lang='lat' dir='ltr'><strong>sanasset.</strong></span> 
     </span>
    </p>

    <p class='ocr_par' dir='ltr' id='par_1_4' title="bbox 226 3555 1491 4441">
     <span class='ocr_line' id='line_1_38' title="bbox 273 3555 1490 3648; baseline -0.007 -18"><span class='ocrx_word' id='word_1_343' title='bbox 273 3560 290 3644; x_wconf 70' lang='grc' dir='ltr'>ξ</span> <span class='ocrx_word' id='word_1_344' title='bbox 318 3561 394 3630; x_wconf 67' lang='grc' dir='ltr'><strong>Μ.</strong></span> <span class='ocrx_word' id='word_1_345' title='bbox 423 3558 576 3640; x_wconf 86' lang='lat' dir='ltr'><strong>Quodam</strong></span> <span class='ocrx_word' id='word_1_346' title='bbox 608 3557 730 3628; x_wconf 89' lang='lat' dir='ltr'><strong>iterum</strong></span> <span class='ocrx_word' id='word_1_347' title='bbox 750 3570 913 3648; x_wconf 89' lang='lat' dir='ltr'><strong>tempore,</strong></span> <span class='ocrx_word' id='word_1_348' title='bbox 932 3579 1025 3638; x_wconf 90' lang='lat' dir='ltr'><strong>cum,</strong></span> <span class='ocrx_word' id='word_1_349' title='bbox 1045 3569 1280 3648; x_wconf 90' lang='lat' dir='ltr'><strong>praetereunte</strong></span> <span class='ocrx_word' id='word_1_350' title='bbox 1301 3555 1421 3646; x_wconf 83' lang='lat' dir='ltr'><strong>Eligio,</strong></span> <span class='ocrx_word' id='word_1_351' title='bbox 1442 3573 1490 3622; x_wconf 92' lang='lat' dir='ltr'><strong>co·</strong></span> 
     </span>
     <span class='ocr_line' id='line_1_39' title="bbox 229 3644 1488 3736; baseline -0.004 -22"><span class='ocrx_word' id='word_1_352' title='bbox 229 3645 323 3735; x_wconf 84' lang='lat' dir='ltr'><strong>piosa</strong></span> <span class='ocrx_word' id='word_1_353' title='bbox 343 3667 534 3736; x_wconf 91' lang='lat' dir='ltr'><strong>pauperum</strong></span> <span class='ocrx_word' id='word_1_354' title='bbox 561 3649 661 3718; x_wconf 90' lang='lat' dir='ltr'><strong>turba</strong></span> <span class='ocrx_word' id='word_1_355' title='bbox 681 3647 818 3716; x_wconf 90' lang='lat' dir='ltr'><strong>eminus</strong></span> <span class='ocrx_word' id='word_1_356' title='bbox 846 3645 1056 3726; x_wconf 77' lang='lat' dir='ltr'><strong>consederet,</strong></span> <span class='ocrx_word' id='word_1_357' title='bbox 1084 3645 1251 3716; x_wconf 86' lang='lat' dir='ltr'><strong>ac&#39;eedens</strong></span> <span class='ocrx_word' id='word_1_358' title='bbox 1277 3644 1399 3714; x_wconf 85' lang='lat' dir='ltr'><strong>illaad</strong></span> <span class='ocrx_word' id='word_1_359' title='bbox 1426 3663 1488 3710; x_wconf 91' lang='grc'><strong>000.</strong></span> 
     </span>
     <span class='ocr_line' id='line_1_40' title="bbox 228 3733 1490 3836; baseline -0.006 -33"><span class='ocrx_word' id='word_1_360' title='bbox 228 3733 446 3824; x_wconf 78' lang='lat' dir='ltr'><strong>singulisque</strong></span> <span class='ocrx_word' id='word_1_361' title='bbox 465 3735 713 3836; x_wconf 84' lang='lat' dir='ltr'><strong>propinquans,</strong></span> <span class='ocrx_word' id='word_1_362' title='bbox 733 3749 770 3804; x_wconf 95' lang='lat' dir='ltr'><strong>ut</strong></span> <span class='ocrx_word' id='word_1_363' title='bbox 786 3734 928 3814; x_wconf 89' lang='lat' dir='ltr'><strong>solebat,</strong></span> <span class='ocrx_word' id='word_1_364' title='bbox 951 3736 1080 3804; x_wconf 89' lang='lat' dir='ltr'><strong>sanctis</strong></span> <span class='ocrx_word' id='word_1_365' title='bbox 1104 3734 1222 3824; x_wconf 84' lang='lat' dir='ltr'><strong>digitis</strong></span> <span class='ocrx_word' id='word_1_366' title='bbox 1246 3733 1490 3822; x_wconf 88' lang='lat' dir='ltr'><strong>eleemosynam</strong></span> 
     </span>
     <span class='ocr_line' id='line_1_41' title="bbox 228 3822 1489 3914; baseline -0.003 -28"><span class='ocrx_word' id='word_1_367' title='bbox 228 3822 263 3890; x_wconf 92' lang='lat' dir='ltr'><strong>in</strong></span> <span class='ocrx_word' id='word_1_368' title='bbox 289 3823 506 3913; x_wconf 85' lang='lat' dir='ltr'><strong>singulorum</strong></span> <span class='ocrx_word' id='word_1_369' title='bbox 524 3822 724 3894; x_wconf 79' lang='lat' dir='ltr'><strong>includebat</strong></span> <span class='ocrx_word' id='word_1_370' title='bbox 745 3845 889 3914; x_wconf 85' lang='lat' dir='ltr'><strong>pugnos.</strong></span> <span class='ocrx_word' id='word_1_371' title='bbox 910 3829 1063 3909; x_wconf 91' lang='lat' dir='ltr'><strong>Cumque</strong></span> <span class='ocrx_word' id='word_1_372' title='bbox 1087 3823 1131 3893; x_wconf 92' lang='lat' dir='ltr'><strong>ad</strong></span> <span class='ocrx_word' id='word_1_373' title='bbox 1156 3823 1341 3911; x_wconf 91' lang='lat' dir='ltr'><strong>quemdem</strong></span> <span class='ocrx_word' id='word_1_374' title='bbox 1358 3833 1489 3890; x_wconf 87' lang='lat' dir='ltr'><strong>ventum</strong></span> 
     </span>
     <span class='ocr_line' id='line_1_42' title="bbox 226 3910 1489 4004; baseline -0.005 -24"><span class='ocrx_word' id='word_1_375' title='bbox 226 3924 327 3991; x_wconf 90' lang='lat' dir='ltr'><strong>esset,</strong></span> <span class='ocrx_word' id='word_1_376' title='bbox 346 3913 406 3998; x_wconf 94' lang='lat' dir='ltr'><strong>qui</strong></span> <span class='ocrx_word' id='word_1_377' title='bbox 431 3925 641 3982; x_wconf 87' lang='lat' dir='ltr'><strong>contractam</strong></span> <span class='ocrx_word' id='word_1_378' title='bbox 660 3912 864 3999; x_wconf 91' lang='lat' dir='ltr'><strong>aridamque</strong></span> <span class='ocrx_word' id='word_1_379' title='bbox 883 3911 1031 3982; x_wconf 88' lang='lat' dir='ltr'><strong>habebat</strong></span> <span class='ocrx_word' id='word_1_380' title='bbox 1056 3933 1210 3993; x_wconf 92' lang='lat' dir='ltr'><strong>manum,</strong></span> <span class='ocrx_word' id='word_1_381' title='bbox 1237 3910 1401 3997; x_wconf 90' lang='lat' dir='ltr'><strong>illamque</strong></span> <span class='ocrx_word' id='word_1_382' title='bbox 1429 3925 1489 4004; x_wconf 88' lang='lat' dir='ltr'><strong>nou</strong></span> 
     </span>
     <span class='ocr_line' id='line_1_43' title="bbox 229 3998 1489 4092; baseline 0.002 -26"><span class='ocrx_word' id='word_1_383' title='bbox 229 3998 346 4070; x_wconf 88' lang='lat' dir='ltr'><strong>valens</strong></span> <span class='ocrx_word' id='word_1_384' title='bbox 362 4001 553 4080; x_wconf 82' lang='lat' dir='ltr'><strong>extendere,</strong></span> <span class='ocrx_word' id='word_1_385' title='bbox 573 4001 714 4071; x_wconf 89' lang='lat' dir='ltr'><strong>alteram</strong></span> <span class='ocrx_word' id='word_1_386' title='bbox 733 4001 774 4070; x_wconf 93' lang='lat' dir='ltr'><strong>ad</strong></span> <span class='ocrx_word' id='word_1_387' title='bbox 794 4001 916 4092; x_wconf 87' lang='lat' dir='ltr'><strong>stipem</strong></span> <span class='ocrx_word' id='word_1_388' title='bbox 933 3999 1146 4071; x_wconf 84' lang='lat' dir='ltr'><strong>extendebat.</strong></span> <span class='ocrx_word' id='word_1_389' title='bbox 1166 4005 1236 4070; x_wconf 91' lang='lat' dir='ltr'><strong>Non</strong></span> <span class='ocrx_word' id='word_1_390' title='bbox 1255 3999 1355 4078; x_wconf 91' lang='lat' dir='ltr'><strong>hanc,</strong></span> <span class='ocrx_word' id='word_1_391' title='bbox 1373 3998 1489 4082; x_wconf 78' lang='lat' dir='ltr'><strong>inquit,</strong></span> 
     </span>
     <span class='ocr_line' id='line_1_44' title="bbox 227 4087 1491 4181; baseline -0.002 -26"><span class='ocrx_word' id='word_1_392' title='bbox 227 4087 370 4179; x_wconf 82' lang='lat' dir='ltr'><strong>Eligius,</strong></span> <span class='ocrx_word' id='word_1_393' title='bbox 393 4089 451 4160; x_wconf 91' lang='lat' dir='ltr'><strong>sed</strong></span> <span class='ocrx_word' id='word_1_394' title='bbox 477 4089 620 4160; x_wconf 91' lang='lat' dir='ltr'><strong>alteram</strong></span> <span class='ocrx_word' id='word_1_395' title='bbox 644 4104 862 4178; x_wconf 83' lang='lat' dir='ltr'><strong>quantocyus</strong></span> <span class='ocrx_word' id='word_1_396' title='bbox 888 4091 1036 4181; x_wconf 81' lang='lat' dir='ltr'><strong>porrige.</strong></span> <span class='ocrx_word' id='word_1_397' title='bbox 1065 4089 1139 4169; x_wconf 90' lang='lat' dir='ltr'><strong>Illo,</strong></span> <span class='ocrx_word' id='word_1_398' title='bbox 1166 4102 1205 4159; x_wconf 90' lang='lat' dir='ltr'><strong>ut</strong></span> <span class='ocrx_word' id='word_1_399' title='bbox 1228 4088 1360 4157; x_wconf 88' lang='lat' dir='ltr'><strong>aridam</strong></span> <span class='ocrx_word' id='word_1_400' title='bbox 1385 4095 1491 4178; x_wconf 85' lang='lat' dir='ltr'><strong>osten·</strong></span> 
     </span>
     <span class='ocr_line' id='line_1_45' title="bbox 227 4175 1490 4268; baseline -0.007 -23"><span class='ocrx_word' id='word_1_401' title='bbox 227 4175 426 4257; x_wconf 76' lang='grc'><strong>1101010010</strong></span> <span class='ocrx_word' id='word_1_402' title='bbox 452 4177 763 4266; x_wconf 87' lang='grc'><strong>010101101010010,</strong></span> <span class='ocrx_word' id='word_1_403' title='bbox 790 4177 1008 4267; x_wconf 88' lang='lat' dir='ltr'><strong>apprehensa</strong></span> <span class='ocrx_word' id='word_1_404' title='bbox 1024 4199 1074 4260; x_wconf 87' lang='lat' dir='ltr'><strong>ea,</strong></span> <span class='ocrx_word' id='word_1_405' title='bbox 1098 4176 1230 4268; x_wconf 81' lang='lat' dir='ltr'><strong>Eligius</strong></span> <span class='ocrx_word' id='word_1_406' title='bbox 1254 4177 1369 4246; x_wconf 90' lang='lat' dir='ltr'><strong>animo</strong></span> <span class='ocrx_word' id='word_1_407' title='bbox 1384 4181 1490 4257; x_wconf 80' lang='lat' dir='ltr'><strong>coepit</strong></span> 
     </span>
     <span class='ocr_line' id='line_1_46' title="bbox 228 4261 1486 4356; baseline -0.001 -23"><span class='ocrx_word' id='word_1_408' title='bbox 228 4285 348 4355; x_wconf 86' lang='lat' dir='ltr'><strong>rogare</strong></span> <span class='ocrx_word' id='word_1_409' title='bbox 375 4265 560 4338; x_wconf 84' lang='lat' dir='ltr'><strong>Christum.</strong></span> <span class='ocrx_word' id='word_1_410' title='bbox 580 4267 731 4353; x_wconf 89' lang='lat' dir='ltr'><strong>Cumque</strong></span> <span class='ocrx_word' id='word_1_411' title='bbox 760 4265 941 4336; x_wconf 92' lang='lat' dir='ltr'><strong>brachium</strong></span> <span class='ocrx_word' id='word_1_412' title='bbox 968 4265 1119 4338; x_wconf 92' lang='lat' dir='ltr'><strong>hominis</strong></span> <span class='ocrx_word' id='word_1_413' title='bbox 1145 4264 1299 4356; x_wconf 91' lang='lat' dir='ltr'><strong>palparet</strong></span> <span class='ocrx_word' id='word_1_414' title='bbox 1323 4286 1341 4332; x_wconf 93' lang='grc'><strong>0</strong></span> <span class='ocrx_word' id='word_1_415' title='bbox 1365 4261 1486 4332; x_wconf 77' lang='lat' dir='ltr'><strong>cubito,</strong></span> 
     </span>
     <span class='ocr_line' id='line_1_47' title="bbox 227 4352 1490 4441; baseline -0.004 -19"><span class='ocrx_word' id='word_1_416' title='bbox 227 4352 333 4424; x_wconf 90' lang='lat' dir='ltr'><strong>simul</strong></span> <span class='ocrx_word' id='word_1_417' title='bbox 363 4366 473 4441; x_wconf 85' lang='lat' dir='ltr'><strong>atque</strong></span> <span class='ocrx_word' id='word_1_418' title='bbox 495 4354 638 4423; x_wconf 88' lang='lat' dir='ltr'><strong>extraxit</strong></span> <span class='ocrx_word' id='word_1_419' title='bbox 667 4375 821 4435; x_wconf 92' lang='lat' dir='ltr'><strong>manum,</strong></span> <span class='ocrx_word' id='word_1_420' title='bbox 840 4352 1019 4424; x_wconf 82' lang='lat' dir='ltr'><strong>confestim</strong></span> <span class='ocrx_word' id='word_1_421' title='bbox 1046 4354 1200 4426; x_wconf 86' lang='lat' dir='ltr'><strong>remissis</strong></span> <span class='ocrx_word' id='word_1_422' title='bbox 1225 4353 1350 4433; x_wconf 82' lang='lat' dir='ltr'><strong>nervis,</strong></span> <span class='ocrx_word' id='word_1_423' title='bbox 1372 4365 1490 4420; x_wconf 83' lang='lat' dir='ltr'><strong>curvos</strong></span> 
     </span>
    </p>
   </div>
   <div class='ocr_carea' id='block_1_3' title="bbox 0 0 1528 4838">
    <p class='ocr_par' dir='ltr' id='par_1_5' title="bbox 0 0 1528 4838">
     <span class='ocr_line' id='line_1_48' title="bbox 0 0 1528 4838; baseline 0 2"><span class='ocrx_word' id='word_1_424' title='bbox 0 0 1528 4838; x_wconf 95' lang='lat' dir='ltr'><strong> </strong></span> 
     </span>
    </p>
   </div>
  </div>
 </body>
</html>
