2954 4816
273 309 338 374 ill
383 309 386 318 ’
636 327 674 375 ns
699 329 725 374 s.
753 326 926 375 uuasrusua
950 327 1093 374 uanruns
1336 307 1404 374 bau.
1426 309 1459 370 25

229 423 261 482 ct
285 431 352 480 non
377 410 501 480 horum
523 411 648 492 solum,
676 432 786 499 neque
811 412 1022 500 reliquorum
1048 412 1227 492 omnium,
1250 411 1310 498 qui
1334 409 1459 480 similiter

229 500 459 580 decertabant,
487 499 645 570 similiter
660 521 779 570 curam
804 502 960 590 gerebat:
987 499 1128 570 sed-eos
1146 501 1264 580 etiam,
1284 499 1342 587 qui
1358 498 1456 584 alioqui

227 601 325 660 erant
346 590 477 676 inopes,
498 588 724 658 Christianam
750 603 864 660 annm
888 589 1184 680 amplectebantur
1200 587 1457 680 religionemmi-

229 678 322 748 nime
345 676 557 766 negligebat:
576 677 645 748 illis
657 677 796 765 quidem
823 678 998 759 alimenta,
1013 677 1068 748 his
1092 699 1170 748 vero
1186 679 1387 760 vestimenta,
1404 675 1457 743 aliis

228 779 342 838 autem
367 777 512 852 utraque
537 768 705 856 praebens
740 767 945 837 liberaliter:
971 788 1119 854 quorum
1157 778 1191 836 et
1220 767 1264 836 ab
1295 764 1360 835 illis
1379 785 1455 834 unam

228 857 362 947 petebat
393 855 724 936 remunerationem,
750 868 783 925 et
807 857 881 946 ipsa
905 877 1042 944 quoque
1073 855 1291 945 precabatur,
1316 867 1351 924 ut
1372 855 1397 922 ei
1418 875 1456 920 au·

227 965 323 1014 rcum
357 944 548 1033 imponeret
571 943 811 1036 signaculum,
840 946 994 1035 martyrii
1027 963 1201 1013 coronam.
1230 949 1270 1014 Et
1298 943 1382 1032 quod
1408 943 1455 1030 ipsc

226 1031 365 1121 quidem
391 1053 451 1121 spe
467 1053 533 1101 nnn
558 1034 602 1102 sit
625 1031 722 1114 salsa,
749 1032 863 1104 statim
887 1032 1074 1104 declarabit
1096 1033 1218 1104 oratio.

271 1123 385 1209 §st
414 1120 643 1192 Diocletianus
669 1136 783 1192 autem
809 1144 888 1193 cum
921 1122 963 1191 de
996 1123 1206 1212 martyribus
1246 1121 1352 1190 multa
1373 1119 1455 1188 anino

226 1212 398 1300 agitasset,
425 1221 457 1279 et
475 1209 510 1278 in
536 1209 643 1280 dnbio
666 1211 741 1300 ejus
764 1209 879 1280 adhuc
894 1223 982 1282 esset
997 1211 1148 1291 animus,
1174 1221 1208 1280 et
1232 1210 1336 1280 simul
1353 1223 1388 1278 ut
1406 1229 1454 1297 pro

225 1298 437 1368 ficisceretur
453 1298 487 1366 in
513 1298 758 1380 Macedoniarn,
776 1299 987 1388 quibusdam
1015 1299 1164 1390 publicis
1186 1313 1367 1391 urgeretur
1388 1317 1455 1384 naeu·

225 1387 294 1467 tiis,
327 1407 407 1455 cum
433 1385 579 1457 Dulcitio
611 1387 780 1458 Praelecto
812 1411 931 1458 aarum
964 1388 1161 1458 mandasset
1187 1388 1453 1458 examinationem

224 1476 317 1564 qnod
334 1496 392 1545 eas
415 1489 584 1564 oporteret
608 1478 742 1566 punire,
770 1477 878 1547 multa
898 1477 1082 1568 praecepit.
1109 1477 1170 1546 llle
1185 1497 1270 1547 uero
1283 1497 1361 1546 cum
1381 1473 1455 1542 malae

225 1577 367 1634 naturae
391 1565 570 1655 adjecisset
583 1565 713 1636 malum
731 1567 950 1655 Imperatoris
966 1565 1180 1647 mandatum,
1195 1579 1231 1635 et
1245 1567 1331 1636 iram
1349 1565 1454 1633 mauiuu

224 1655 431 1734 exacuissct,
459 1667 600 1743 paratus
632 1667 704 1724 erat
737 1677 839 1725 suurn
868 1655 1108 1745 inexplebilem
1134 1656 1296 1726 animum
1316 1654 1453 1723 exsatiare.

225 1745 307 1812 Cum
333 1753 446 1812 autern
467 1743 538 1832 jam
556 1755 673 1834 parata
697 1757 811 1814 essent
836 1755 1014 1826 tormenta,
1035 1757 1068 1814 et
1089 1765 1149 1834 pro
1174 1743 1342 1814 tribunali
1365 1753 1454 1812 starent

224 1831 385 1922 virgines,
411 1832 471 1919 qui
492 1845 604 1902 mente
619 1843 691 1902 erat
716 1831 817 1922 plane
839 1833 1061 1914 caecutiente,
1090 1845 1229 1922 repente
1254 1833 1364 1921 coepit
1386 1830 1453 1898 aliun

223 1941 297 1990 csse
321 1941 444 1990 caecus
467 1919 597 1990 oculis:
625 1921 674 1990 vel
708 1922 821 2012 potius
844 1941 923 1992 cum
949 1921 1122 1991 videretur
1151 1920 1343 2010 adspicere,
1368 1933 1395 1988 et
1414 1935 1452 1983 rou

223 2008 360 2079 clausos
383 2009 524 2079 haberet
546 2007 676 2091 oculos,
692 2010 864 2080 neminem
891 2009 1026 2080 videbat
1049 2011 1089 2080 'ex
1105 2010 1147 2078 iis
1172 2011 1236 2096 qui
1253 2009 1453 2086 aderanttlu.l

222 2096 349 2168 lactum
371 2110 432 2178 est,
452 2109 490 2167 ut
511 2098 660 2168 maxima
676 2101 727 2169 ira
752 2099 925 2180 incensus,
949 2113 1030 2169 tuuc
1054 2099 1194 2186 quidem
1213 2098 1268 2169 vel
1295 2099 1451 2168 invituseas

223 2185 408 2257 abduceret
431 2207 451 2256 a
475 2185 658 2258 tribunali:
688 2189 802 2258 timuit
828 2189 934 2270 enim,
961 2209 1004 2258 ne
1028 2186 1157 2275 aliquid
1183 2187 1340 2278 amplius
1364 2197 1452 2274 potero·

223 2289 288 2356 tur,
311 2276 339 2344 si
357 2275 525 2345 adessent.
545 2281 663 2347 Postea
687 2297 764 2346 vero
783 2299 861 2347 cnm
882 2299 1002 2346 rursus
1025 2289 1139 2347 essent
1161 2277 1340 2366 conjectae
1362 2275 1392 2343 in
1408 2289 1451 2340 car·

221 2385 346 2446 cerem,
372 2376 405 2434 et
422 2364 495 2454 jam
513 2364 555 2433 ad
575 2369 680 2435 beurn
698 2364 969 2523 thuosdicere
991 2377 1024 2435 et
1040 2366 1173 2436 cantica
1190 2365 1341 2453 psallere
1355 2379 1452 2453 aggra-

222 2473 278 2524 sae
302 2465 426 2534 essent,
454 2453 487 2520 in
513 2453 630 2524 animo
648 2460 708 2542 qui
735 2476 787 2524 em
814 2454 935 2524 habuit
954 2454 1157 2544 irrumpere,
1185 2467 1218 2523 et
1243 2477 1287 2524 ex
1311 2449 1453 2545 improuiso

221 2540 403 2624 accedens,
429 2540 567 2612 illarum
593 2544 732 2625 venari,
760 2555 797 2613 nt
822 2543 972 2634 putabat,
1001 2543 1203 2634 praestigias
1229 2556 1264 2613 et
1288 2544 1452 2633 incantatio·

222 2652 293 2700 nes.
320 2631 435 2700 Divina
460 2643 574 2700 autem
592 2632 763 2702 uoluntate
789 2631 845 2701 ille
860 2653 997 2720 quoque
1022 2632 1065 2701 ab
1090 2633 1153 2700 boc
1173 2645 1316 2702 arcetur
1334 2625 1451 2700 consiliu.

221 2723 303 2788 Cum
322 2720 412 2789 enim
431 2731 551 2788 auecta
574 2719 791 2802 declinasset,
817 2733 850 2790 et
865 2721 907 2790 ad
928 2721 1114 2811 quamdam
1142 2721 1372 2809 propinquam
1394 2713 1453 2782 dela·

221 2819 275 2877 tus
294 2820 382 2877 esset
405 2807 663 2890 domunculam,
682 2831 770 2896 quae
784 2809 924 2897 quidem
940 2809 1143 2879 custodibus
1155 2821 1229 2879 erat
1251 2809 1326 2880 loco
1340 2806 1453 2877 culinae.

220 2896 276 2966 hic
292 2917 370 2966 cum
390 2897 425 2965 in
440 2919 520 2968 vasa
544 2896 714 2967 culinaria
733 2911 766 2968 et
779 2897 866 2970 ollas
884 2898 1072 2982 incidisset,
1090 2912 1123 2968 et
1136 2911 1226 2969 esset
1246 2897 1454 2968 omniuoeno·

220 2996 272 3055 tae
284 2986 420 3068 mentis,
439 2997 471 3055 et
485 2998 618 3077 putaret
637 3009 673 3057 se
688 2987 781 3076 ipsas
801 2987 951 3078 virgines
975 2987 1100 3057 babere
1119 2987 1153 3056 in
1181 2987 1356 3066 manibus,
1374 2980 1455 3049 vultus

219 3073 357 3161 quidem
383 3076 413 3143 ei
429 3074 494 3146 luit
518 3075 667 3166 repletus
686 3075 852 3168 fuligine:
874 3077 975 3148 restis
990 3087 1103 3146 autem
1120 3075 1223 3166 plena
1242 3070 1455 3158 favillatum

218 3173 251 3234 et
268 3175 352 3232 tetro
367 3163 481 3234 odore.
1408 3246 1412 3256 Ι
1440 3239 1443 3249 ,

262 3254 280 3340 ᾗ
304 3255 376 3323 18.
404 3257 487 3322 Cum
512 3265 624 3324 autern
650 3253 789 3342 quaein
809 3255 927 3324 animo
956 3253 1114 3334 babebat,
1137 3252 1288 3334 lecisset,
1316 3265 1352 3322 ut
1372 3254 1453 3318 crustu·

219 3341 334 3424 mavit,
353 3341 450 3411 illinc
473 3356 524 3412 est
548 3363 719 3433 egressus,
745 3343 908 3413 omnibns
932 3344 963 3411 ei
986 3342 1148 3430 subjectis
1171 3354 1268 3412 extra
1297 3340 1381 3410 foras
1399 3349 1452 3402 efflss

217 3431 504 3520 exspectantibus.
531 3436 712 3519 Postquam
739 3453 816 3501 uero
836 3425 898 3500 'illi
922 3453 1001 3501 eum
1035 3430 1204 3510 viderunt,
1241 3451 1318 3502 esse
1347 3414 1452 3510 aliquotl

217 3531 389 3609 spectrum
422 3532 482 3591 aut
507 3533 697 3590 monstrum
729 3521 880 3610 opinati,
908 3521 944 3590 in
974 3519 1093 3610 lugam
1119 3533 1201 3589 sunt
1230 3517 1391 3590 conversi.
1413 3505 1452 3576 llll

217 3620 330 3678 autem
348 3630 384 3678 se
402 3619 636 3698 contemptum
655 3621 791 3700 putans,
818 3623 856 3679 ut
878 3610 939 3766 gni
964 3608 1118 3679 noudum
1143 3607 1309 3679 sensisset
1335 3627 1370 3676 ea
1389 3611 1453 3686 quoa

217 3697 283 3767 sibi
308 3697 513 3780 acciderant,
541 3696 695 3768 nondum
713 3697 852 3786 quidam
906 3718 1037 3780 omum,
1065 3697 1124 3768 sed
1148 3698 1183 3767 in
1210 3697 1338 3787 regiam
1358 3703 1452 3776 magns

216 3787 268 3855 ira
292 3797 324 3856 et
347 3787 461 3859 studio
476 3787 661 3870 contendit,
682 3809 846 3879 maguum
863 3787 970 3857 risum
992 3807 1132 3858 movens
1158 3787 1201 3856 iis
1225 3786 1287 3874 qni
1312 3780 1450 3852 videbant.

216 3879 301 3946 Cum
318 3888 430 3946 autem
457 3878 603 3948 uenisset
626 3878 662 3946 in
688 3876 840 3946 medium
865 3876 965 3946 aulae
981 3875 1095 3967 regiae
1110 3884 1143 3944 et
1167 3873 1361 3951 satellitum,
1374 3879 1405 3968 ,ct
1418 3875 1450 3960 {⁰}

217 3977 272 4036 tus
296 3965 520 4035 conturbatus
547 3977 725 4054 quaereret
755 3970 1020 4054 Imperatorem,
1047 3964 1167 4051 utqui
1191 3963 1233 4032 de
1257 3964 1300 4032 iis
1327 3977 1381 4046 qur
1404 3949 1450 4018 srlu

216 4053 362 4143 subjecti
391 4066 499 4134 erant,
524 4069 612 4125 esset
636 4054 766 4142 aliquid
795 4053 963 4138 dicturus,
995 4067 1171 4142 tamquam
1196 4053 1238 4123 ab
1261 4052 1310 4121 eis
1331 4053 1449 4116 extrem

216 4143 355 4214 allectus
376 4142 513 4232 injuria,
539 4143 590 4213 illi
615 4145 804 4214 morionem
829 4143 978 4231 aliquem
1004 4155 1036 4212 et
1059 4163 1214 4212 scurram
1234 4154 1267 4210 et
1287 4147 1389 4208 mente
1409 4145 1450 4193 ct·

216 4244 326 4322 ptum,
353 4242 385 4301 et
408 4231 563 4320 quemvis
591 4235 704 4323 potius
728 4233 857 4324 ipsum,
883 4253 988 4320 quam
1013 4229 1223 4302 Praefectum
1248 4225 1448 4299 existimantes

216 4319 424 4403 Dulcitium,
463 4321 590 4412 pugnis
624 4335 656 4392 et
689 4321 843 4392 calcibus
877 4343 956 4393 eum
989 4320 1231 4400 extrudebant,
1259 4330 1291 4386 et
1316 4307 1449 4411 arcebant

215 4407 258 4476 ab
283 4409 452 4497 ingressu.
478 4416 659 4498 Postquam
690 4433 766 4482 vero
790 4411 932 4500 quidam
957 4433 996 4482 er
1028 4410 1076 4480 eis
1106 4410 1167 4498 qui
1196 4419 1290 4478 erant
1318 4423 1346 4470 eu
1372 4387 1449 4462 vuldc
