2994 4832
260 250 324 315 462
612 265 652 313 oc
675 265 703 314 s.
730 265 811 314 sana
833 266 905 314 aar.
931 267 968 313 rr
991 265 1083 314 corr.
1340 244 1414 309 oto.
1438 247 1454 308 5

214 350 387 421 vivificum
407 348 609 438 Sepulcrum
628 349 769 418 veniunt
785 350 818 418 in
837 363 990 420 sanctam
1008 351 1191 432 civitatem,
1207 348 1271 440 ipsi
1288 358 1367 418 tecto
1380 367 1455 435 opus

214 440 352 521 habent,
374 450 411 507 ut
431 459 466 506 se
485 459 606 526 parum
633 451 784 508 recreent
800 461 820 507 a
837 437 952 508 labore
972 439 1129 508 itineris:
1147 454 1180 508 et
1199 437 1337 508 maxime
1350 436 1374 505 si
1389 435 1455 521 quis

213 549 331 600 eorum
362 526 549 613 aliquando
575 527 611 594 in
641 527 800 596 morbum
830 527 1010 610 inciderit,
1046 527 1219 618 postulant
1252 525 1454 594 necessariam

213 615 367 706 corporis
397 615 623 684 curationem.
651 615 740 697 Quin
769 615 871 684 etiam
901 616 992 704 quod
1021 639 1041 686 a
1069 615 1265 686 Patriarcha
1295 613 1360 682 Elia
1378 611 1456 700 prius

212 719 369 796 coeptum
384 715 435 772 est
447 702 621 773 aedificari
639 703 800 792 [teipnrae
818 705 946 793 Virgini
964 705 1144 793 templum,
1167 704 1285 774 multis
1301 701 1403 770 adhuc
1415 700 1455 766 in·

214 795 329 884 diget,
360 813 422 862 nec
442 791 524 861 satis
547 804 598 861 est
626 792 832 862 instructum
857 794 1091 864 ornamentis:
1118 806 1150 862 et
1177 815 1265 880 quae
1292 801 1366 860 sunt
1388 787 1456 854 meis

212 892 409 952 constructa
435 879 596 950 manibus
622 880 848 962 monasteria,
874 904 953 952 cum
984 881 1119 952 nullum
1144 883 1179 950 in
1207 881 1389 970 propinquo
1411 875 1455 944 ha·

213 970 316 1041 beant
333 969 556 1060 praesidium,
574 970 607 1036 in
624 969 715 1056 quod
736 992 772 1042 se
790 970 966 1061 recipiant,
984 970 1078 1040 nullo
1096 971 1232 1061 negotio
1248 968 1321 1058 capi
1338 975 1456 1055 possunt

214 1060 257 1129 ab
272 1057 433 1139 inimicis,
453 1070 485 1126 et
498 1059 609 1145 prima
626 1059 822 1128 incursione
835 1061 949 1129 venire
966 1072 1110 1148 possunt
1127 1060 1160 1128 in
1177 1081 1301 1128 manus
1316 1055 1454 1124 hostium.

214 1153 297 1218 hnte
313 1147 429 1216 omnia
444 1159 571 1226 autem,
593 1147 693 1228 Arrii,
718 1147 859 1216 Nestorii
878 1162 911 1216 et
926 1149 1083 1239 Origenis
1098 1149 1259 1240 dogmata
1276 1145 1456 1216 conturbent

215 1235 395 1317 Ecclesias,
418 1256 479 1304 nec
505 1235 625 1304 sinunt
648 1257 706 1305 eas
757 1258 820 1305 ura
845 1235 912 1305 lrui
933 1236 1199 1324 tranquillitate:
1227 1249 1259 1305 et
1283 1234 1354 1303 ideo
1375 1255 1391 1300 a
1414 1245 1456 1296 tna

215 1324 364 1415 potentia
389 1345 553 1413 magnum
578 1335 629 1393 est
652 1257 886 1394 adridendum
913 1325 1081 1408 studium,
1109 1337 1147 1396 ut
1169 1324 1332 1394 omnibus
1351 1321 1456 1389 viribus

214 1435 253 1484 ea
280 1412 377 1482 tollas
393 1412 435 1481 de
452 1411 577 1493 medio,
596 1424 629 1481 et
649 1425 780 1483 tantum
800 1412 929 1483 malum
953 1415 1070 1504 procul
1089 1412 1251 1503 expellas.
1278 1417 1364 1481 llaec
1378 1410 1403 1478 si
1422 1405 1454 1473 l·

213 1501 312 1582 ceris,
332 1501 456 1570 bonam
475 1522 570 1590 spem
590 1501 759 1590 concipio,
778 1503 860 1571 etin
880 1507 946 1572 Deo
970 1502 1118 1584 confido,
1145 1502 1215 1572 lore
1233 1515 1272 1570 ut
1289 1520 1362 1570 mox
1382 1497 1456 1565 diras

215 1603 377 1680 sequatur
401 1589 651 1690 remuneratio,
679 1594 856 1690 llomaqne
881 1592 1041 1662 universa
1060 1604 1093 1661 et
1120 1591 1299 1680 Carthago,
1329 1601 1359 1657 et
1375 1605 1455 1672 quae·

214 1700 363 1766 cumque
382 1691 594 1760 amiserunt,
627 1700 688 1766 qur
713 1693 798 1748 ante·
819 1694 851 1749 te
881 1681 1120 1771 imperarunt,
1152 1691 1338 1749 cernentur
1359 1692 1456 1744 rursus

214 1780 327 1859 partes
343 1768 393 1837 tui
412 1767 561 1856 imperii.
578 1789 596 1834 »
613 1769 651 1836 Ei
675 1767 814 1837 suerunt
834 1767 896 1838 hae
919 1769 1058 1859 quidem
1082 1771 1157 1858 piae
1184 1781 1216 1839 et
1243 1769 1280 1838 in
1305 1781 1456 1836 commune

213 1857 316 1928 utiles
335 1855 424 1925 beati
442 1856 549 1925 Sabae
567 1855 745 1945 petitiones
761 1857 852 1946 apud
877 1858 1172 1928 lumleianum...
1427 1937 1432 1948 1
1450 1936 1455 1946 ‚

257 1947 276 2033 ξ
299 1949 381 2018 tto.
399 1950 588 2035 Imperator
602 1965 683 2034 ergo
703 1957 795 2015 tanto
815 1945 928 2016 studio
947 1947 1088 2016 allectus
1103 1945 1271 2016 adversus
1294 1942 1393 2032 hujus
1409 1958 1454 2037 uu

214 2035 404 2126 petitiones,
425 2056 484 2122 per
500 2035 698 2103 universum
724 2035 839 2102 orbem
858 2047 966 2104 terrae
983 2036 1085 2104 mittit
1108 2035 1303 2115 decretum;
1321 2046 1352 2101 et
1366 2041 1454 2100 statm

214 2122 402 2213 Episcopis,
429 2122 572 2190 holonia
591 2120 839 2202 hscalonitaoo,
861 2136 894 2193 et
909 2124 1091 2193 Zachariae
1105 2123 1228 2203 Pellae,
1250 2120 1369 2190 litteris
1384 2135 1455 2206 prae·

213 2213 297 2302 cipit
312 2210 555 2300 imperatoriis,
573 2223 610 2279 ut
634 2211 744 2280 visant
764 2211 837 2281 loca
862 2211 1083 2292 Palaestinae,
1103 2233 1191 2303 quae
1209 2211 1351 2280 luerunt
1364 2217 1455 2276 exusta

213 2323 234 2372 a
258 2299 493 2380 samaritanis,
513 2310 544 2367 et
564 2298 681 2368 habita
709 2300 839 2368 ratione
861 2323 1005 2384 eorum,
1035 2302 1160 2372 tributa
1182 2300 1342 2370 allevent.
1366 2295 1455 2365 lisam
1482 2319 1483 2390 p

213 2400 326 2460 autem
345 2386 471 2478 templa
488 2408 624 2475 quoque
644 2393 858 2469 Sanctorum,
884 2401 917 2459 et
940 2404 1107 2477 quantum
1134 2390 1209 2479 ipsa
1235 2388 1396 2460 damnum
1415 2401 1455 2448 θῦ-

134 2519 136 2524 -
211 2475 364 2567 ceperint
384 2497 403 2545 a
424 2475 587 2546 scelerata
602 2488 635 2544 et
650 2476 774 2546 audaci
800 2499 906 2548 manu
923 2479 1230 2559 Samaritanorum,
1262 2499 1322 2567 per
1344 2472 1453 2544 illorum

211 2565 366 2658 ipsorum
392 2562 581 2645 facultates,
601 2578 660 2634 aot
684 2565 841 2654 publicas
866 2579 1024 2658 reparent
1049 2568 1224 2657 pecunias,
1253 2579 1286 2636 et
1310 2566 1343 2633 in
1364 2569 1455 2657 sancta
1481 2587 1482 2673 p

211 2656 346 2725 civitate
372 2667 530 2723 extruant
558 2657 818 2734 nosocomlum,
844 2668 877 2725 et
903 2666 1037 2726 annuos
1057 2657 1088 2725 ei
1110 2655 1192 2725 dent
1208 2654 1364 2724 redditus
1386 2643 1455 2715 mlle

211 2744 485 2832 octingentorum
511 2755 543 2812 et
562 2742 814 2845 quinquaginta
831 2765 1027 2814 aureorum.
1046 2744 1134 2827 Quin
1153 2744 1256 2813 etiam
1278 2743 1378 2812 eham
1392 2754 1455 2822 quo·

211 2853 278 2918 que
294 2831 448 2906 domum,
475 2843 512 2900 ut
536 2831 571 2900 in
594 2852 633 2899 ea
654 2829 857 2913 habitarent,
885 2834 944 2919 qui
970 2832 1088 2923 procul
1119 2831 1202 2902 illuc
1226 2830 1414 2924 veniebant,
1434 2831 1455 2888 et

212 2919 375 3009 Deiparae
396 2918 561 3008 templum
586 2919 759 3008 eleganter
781 2933 938 2991 extruant
961 2934 993 2991 et
1015 2935 1191 3000 exornent,
1218 2932 1251 2989 et
1273 2915 1455 3011 praesidinm

213 3031 318 3100 prope
343 3012 487 3077 Lauram
506 3008 675 3087 muniant,
702 3022 741 3078 ut
764 3009 797 3077 in
822 3009 1039 3082 inimicorum
1060 3008 1246 3078 insultibus
1267 3020 1353 3079 esset
1369 3015 1454 3073 tutuo

213 3096 392 3168 monachis
417 3094 601 3188 refugium.
628 3101 763 3167 Praeter
787 3097 870 3168 haec
895 3121 972 3168 vero
990 3098 1193 3168 nominatim
1217 3087 1480 3185 quoquedata

212 3201 303 3258 ratas
327 3185 484 3256 haereses
505 3185 625 3256 tollant
648 3183 690 3254 de
716 3186 839 3268 medlo,
865 3200 899 3258 et
928 3187 1103 3278 praeclaro
1130 3187 1318 3278 subjiciant
1344 3179 1456 3274 anathe

213 3275 308 3346 mati.
335 3280 381 3345 lle
405 3274 459 3345 his
483 3288 595 3344 autem
621 3274 689 3343 scre
706 3276 867 3346 omnibus
892 3277 1079 3366 Procopius
1092 3297 1230 3368 quoquc
1250 3279 1457 3361 caesareensis

212 3365 247 3434 in
266 3365 387 3452 quinto
408 3363 495 3434 libro
510 3364 552 3433 de
568 3363 755 3433 iustiniani
776 3365 954 3447 aediliciis,
981 3367 1024 3434 ab
1041 3387 1080 3434 eo
1096 3367 1316 3445 constructis,
1339 3362 1412 3430 haec
1425 3373 1456 3421 sr-
1478 3377 1479 3394 2

213 3453 359 3545 gillatim
375 3451 485 3534 resert,
509 3453 622 3543 ipsum
653 3475 694 3522 oe
707 3467 941 3524 constructum
962 3453 1124 3543 Deiparae
1143 3453 1307 3542 templum
1326 3453 1457 3520 accurate

211 3565 397 3633 exponens.
420 3543 563 3632 ejusque
588 3475 856 3632 pulcritudinem
882 3556 914 3613 et
939 3543 1213 3644 magnitudinem
1249 3539 1336 3610 nolli
1362 3535 1456 3604 dicens

212 3654 286 3704 esse
310 3631 472 3712 similem,
499 3643 531 3700 et
555 3630 589 3699 id
612 3652 731 3700 novam
758 3632 871 3701 vocari
890 3632 1089 3711 ecclesiam:
1113 3655 1191 3701 cum
1218 3629 1342 3720 Cyrillc
1358 3637 1478 3710 conreg

213 3721 335 3802 niens,
370 3721 429 3808 qui
460 3719 570 3789 sancti
602 3719 708 3789 Sabae
738 3719 840 3788 vitam
867 3717 1070 3811 conscripsit
1099 3720 1142 3790 ab
1167 3719 1275 3799 initio.
1310 3713 1478 3801 Praetereat

212 3822 327 3881 autem
353 3808 396 3880 de
427 3809 564 3880 duabus
592 3829 729 3897 quoque
758 3808 903 3879 aedibus
932 3810 1138 3880 constructis
1172 3808 1223 3878 illi
1249 3807 1453 3894 suffragatur:

211 3919 359 3989 quarum
385 3919 454 3968 una
478 3897 617 3991 quidem
643 3911 694 3967 est
718 3897 758 3966 ad
784 3898 1004 3988 excipiendos
1022 3899 1194 3987 hospites:
1216 3897 1320 3966 altera
1340 3909 1408 3960 vero
1423 3877 1453 3950 td

211 3986 419 4057 recreandos
441 4008 497 4058 eos
519 3987 579 4077 qui
600 3987 719 4056 morbo
736 3986 949 4077 affliguntur.
968 3988 1057 4071 Quin
1073 3988 1173 4056 etiam
1195 3985 1263 4054 illic
1281 3980 1455 4053 constitutos
1476 3995 1477 4083 p

213 4074 339 4144 multos
356 4077 520 4164 pecuniae
538 4075 704 4157 redditus,
719 4089 752 4145 et
771 4076 977 4166 templorum
994 4076 1241 4148 renovationes,
1259 4095 1345 4160 quae
1361 4074 1456 4136 exusta

212 4163 386 4234 luerenta
414 4166 649 4248 samaritanis,
670 4177 703 4234 et
731 4179 868 4255 propter
889 4165 1109 4236 inimicorum
1138 4163 1349 4234 incursiones
1364 4165 1455 4224 ertro·

212 4266 304 4324 ctum
326 4254 548 4342 praesidium,
568 4257 598 4324 ei
616 4269 845 4344 congruenter
863 4254 1091 4344 persequitur.
1475 4313 1476 4318 ,

257 4344 371 4429 ξΜ.
398 4347 480 4412 Cum
503 4333 566 4414 has
581 4365 662 4434 ergo
682 4344 942 4414 constitutiones
958 4344 1077 4416 heatus
1094 4345 1199 4416 Sabas
1216 4345 1259 4414 ab
1275 4339 1456 4426 lmperatcre
1475 4346 1476 4365 ¹
