2954 4816
1458 189 1459 240 t

258 275 322 341 376
646 295 685 340 ur
709 295 736 340 s.
763 293 869 341 raons
892 241 1049 341 nosram
1321 275 1392 339 [tlt.
1407 273 1435 338 st

216 377 399 466 penetrarit
423 398 532 463 usque
556 377 598 445 ad
628 376 836 466 profundum
864 377 939 465 ejus
968 377 1102 447 mentis.
1124 381 1242 464 ltaque
1268 377 1325 464 qui
1346 397 1440 466 genero

213 466 351 554 quidem
368 464 410 535 ad
428 471 553 555 Regem
567 466 767 548 attinebant,
785 487 865 535 cum
882 487 918 535 se
933 478 1019 536 totos
1031 465 1244 535 dedidissent
1259 466 1441 534 sermonibus

212 554 372 644 Apostoli,
400 553 443 622 ab
464 575 509 655 'eo
533 553 630 654 auelli
660 565 924 655 nonpoteraut:
949 559 1021 656 lieu
1036 566 1149 654 autern
1176 555 1251 656 ipse
1276 553 1441 623 detentusa

212 642 382 800 prolunda
406 641 553 742 caligine
573 654 797 732 ignorantiae,
816 655 848 712 et
862 665 882 711 a
897 643 1025 730 quibus
1043 641 1221 714 miraculis
1240 643 1399 733 oportebat
1410 641 1441 708 ad

226 753 322 802 uoern
342 729 486 811 traduat,
512 730 555 799 ab
579 731 628 801 eis
651 730 843 801 voluntaria
866 731 1028 800 caecitate
1055 730 1096 800 ad
1119 731 1283 820 majorem
1308 751 1442 800 accensus

214 820 397 900 insaniam,
415 819 630 888 consultabat
644 818 686 887 de
704 832 811 889 morte
827 819 986 909 Apostoli.
1010 819 1239 900 Quamobrem
1258 818 1345 890 dicto
1364 819 1442 887 citius

214 909 247 977 in
265 929 343 976 eum
360 906 423 976 fert
438 907 658 976 sententiam:
684 919 716 976 et
741 907 869 978 lanceis
892 906 934 976 de
959 908 1071 978 medio
1096 908 1228 978 tollitur
1247 929 1384 1009 magnus
1402 905 1441 973 hir

213 995 401 1086 Apostolus,
421 996 481 1082 qui
501 1006 639 1085 propter
652 995 823 1067 Christum
842 1007 982 1066 mortam
1002 996 1158 1066 lubenter
1177 1010 1328 1087 suscepit
1341 997 1365 1062 *.
1380 1000 1440 1062 Eua

212 1085 348 1153 beatum
374 1084 512 1171 quidem
536 1083 703 1172 judicavit
727 1085 854 1156 chorus
881 1107 1022 1167 eorum,
1052 1087 1111 1172 qui
1139 1107 1198 1175 per
1226 1086 1337 1175 ipsum
1360 1082 1440 1151 cred·

211 1173 356 1242 derunt:
383 1175 520 1242 beatum
541 1185 655 1242 autem
676 1174 810 1244 censuit
837 1193 973 1262 quoque
998 1174 1124 1244 chorus
1148 1195 1281 1254 eorum,
1310 1174 1441 1260 quisunt

211 1262 245 1330 in
275 1259 435 1330 excelsis:
455 1261 648 1417 plausitque
663 1261 835 1351 justorum
856 1261 1039 1332 multitudo
1056 1284 1135 1332 cum
1152 1262 1331 1352 Apostolis‚
1355 1260 1442 1328 viden·

212 1362 261 1420 tes
286 1371 417 1419 sacram
444 1349 538 1418 ilam
562 1363 594 1419 et
617 1350 769 1419 divinam
790 1351 940 1420 animam
967 1350 1002 1418 iu
1026 1351 1138 1420 coelos
1162 1350 1403 1426 ascendentem,
1422 1361 1441 1412 rt

212 1439 371 1527 stipatam
389 1436 592 1540 Angelorum
619 1438 810 1509 ordinibus.

254 1529 272 1614 5
296 1531 361 1599 11.
388 1526 476 1608 Quid
494 1539 606 1594 autem
624 1526 787 1616 deinceps
803 1527 1035 1615 consequitur,
1056 1526 1186 1614 etquid
1204 1549 1224 1596 e
1242 1529 1374 1618 superis
1387 1544 1441 1614 pro·

211 1615 301 1684 videt
323 1627 356 1684 et
379 1614 555 1704 dispensat
580 1614 732 1694 bonitas,
760 1616 916 1685 homines
939 1615 1114 1685 attrahens
1138 1615 1180 1684 ad
1208 1617 1385 1705 pietataml
1403 1617 1441 1679 Sa-

208 1725 304 1772 crum
323 1703 462 1790 quidem
478 1702 564 1772 illud
580 1725 705 1793 corpus
717 1703 869 1773 fidelium
882 1705 1044 1774 manibus
1057 1704 1216 1773 decenter
1228 1702 1438 1795 compositum

210 1791 393 1881 sepelitur;
420 1791 522 1880 Regis
540 1805 652 1860 autem
674 1791 766 1862 tilius
791 1792 912 1862 incidit
936 1794 970 1862 iu
996 1814 1133 1882 gravem
1161 1795 1336 1874 morbum,
1355 1803 1383 1860 et
1401 1809 1439 1872 out

207 1894 281 1950 erat
306 1895 377 1950 arte
405 1880 557 1948 humana
582 1880 736 1950 validior.
764 1885 859 1950 Pater
883 1902 964 1971 ergo
986 1881 1125 1971 (quidni
1143 1883 1251 1964 enim,
1283 1883 1313 1952 si
1340 1878 1440 1970 paterlt

207 1969 393 2038 inflectitur
409 1991 428 2038 a
445 1981 578 2050 natura,
597 1969 802 2055 fletibusque
818 1981 850 2039 et
874 1969 1037 2060 lacrymis
1062 1970 1237 2059 irrigatur,
1259 1965 1440 2040 lamentatio

207 2058 311 2127 nibus
336 2057 495 2126 laniatur.
523 2057 586 2126 Sed
608 2056 739 2126 nullam
766 2058 942 2127 inveniens
968 2057 1049 2127 mali
1074 2058 1296 2138 solutionem,
1324 2057 1439 2126 miracu·

207 2145 318 2216 lorum
341 2144 490 2235 Apostoli
516 2145 732 2226 recordatur;
751 2146 978 2235 etquaerebat
996 2168 1135 2302 parvam
1160 2147 1314 2233 aliquam
1342 2155 1438 2234 purten

206 2234 345 2321 exejus
371 2233 525 2320 reliquiis
549 2234 592 2302 ad
618 2232 823 2304 medendum
849 2236 891 2316 ei,
917 2237 978 2321 qui
1011 2235 1184 2306 aborabat.
1209 2239 1387 2324 Postquam
1401 2249 1440 2297 au·

208 2337 274 2392 tem
297 2321 432 2392 rescivit
447 2343 513 2389 non
532 2323 729 2411 comparere
742 2343 867 2412 corpus
883 2323 1126 2412 Apostolicum,
1142 2323 1264 2394 saltem
1280 2323 1435 2414 puluerem

208 2431 309 2499 quem
336 2408 420 2478 illud
440 2409 558 2500 tetigit,
574 2410 682 2566 p'ussit
699 2411 828 2480 afferre.
848 2412 945 2493 Quod
960 2411 1099 2499 quidem
1117 2433 1197 2482 cum
1219 2411 1348 2482 lactum
1364 2417 1436 2476 esset.

208 2510 314 2590 pater,
342 2499 530 2589 aegrotanti
548 2499 570 2567 fi
588 2499 619 2567 io
640 2499 777 2588 pulvere
802 2500 973 2590 imposito,
999 2522 1122 2570 sanum
1149 2499 1234 2570 vidit
1262 2521 1340 2569 eum
1363 2511 1436 2584 quen

209 2587 349 2679 putabat
366 2587 583 2668 moriturum,
608 2588 743 2657 etiamsi
762 2586 821 2656 ille
836 2588 1004 2658 modicam
1023 2589 1131 2658 lucem
1147 2589 1346 2678 agnitionis,
1360 2601 1437 2674 quau

206 2689 393 2766 acceperat,
420 2697 484 2745 sua
507 2687 627 2766 sponte
651 2675 843 2766 repulerat,
876 2690 908 2746 et
933 2699 1007 2746 vere
1038 2687 1108 2746 erat
1132 2689 1315 2758 mortuuS,
1345 2687 1378 2744 ut
1398 2689 1438 2756 qut

206 2767 363 2834 acerbam
385 2776 527 2834 mortem
545 2765 751 2855 suscepisset
772 2765 968 2854 impietatis.
985 2770 1022 2834 Et
1039 2765 1122 2834 haec
1138 2765 1282 2852 quidem
1299 2773 1438 2852 quantun

205 2852 303 2922 licuit
327 2873 394 2920 non
419 2851 609 2921 aberrando
629 2875 648 2921 a
668 2854 817 2934 veritate,
839 2855 1028 2944 composita
1044 2853 1192 2933 luerunt,
1211 2867 1245 2923 et
1260 2850 1438 2936 conscripta,

204 2953 236 3010 et
260 2939 408 3029 Apostoli
433 2939 527 3010 laudi
553 2954 633 3010 sunt
656 2940 822 3010 dedicata.
849 2947 973 3012 Tantae
998 2943 1096 3012 nobis
1120 2941 1270 3012 laetitiae
1289 2944 1438 3011 causaest

205 3028 305 3098 hodie
322 3028 480 3097 Thomas.
498 3033 559 3098 Per
575 3050 675 3116 quem
691 3031 793 3099 etiam
818 3029 982 3100 Indorum
1009 3030 1175 3100 barbarae
1198 3043 1318 3121 gentes
1340 3024 1439 3096 didice-

205 3130 287 3186 runt
310 3138 384 3185 eam
412 3117 520 3198 viam,
548 3138 635 3204 quae
659 3117 722 3187 lert
745 3118 787 3186 ad
812 3117 944 3189 coelos:
970 3133 1003 3188 et
1030 3140 1178 3206 quorum
1203 3139 1347 3208 corpora
1369 3121 1439 3182 eraut

205 3206 287 3278 solis
316 3203 420 3275 radiis
445 3205 635 3297 denigrata,
667 3219 847 3276 evaserunt
873 3207 1031 3276 candidis
1056 3208 1220 3294 laetisque
1239 3220 1273 3277 et
1297 3201 1439 3296 alacribus

204 3293 342 3376 animis,
369 3294 429 3381 qui
452 3293 487 3363 in
514 3293 773 3384 intelligentiam
799 3294 901 3375 cadit,
924 3296 996 3365 sole
1020 3317 1104 3385 pure
1127 3317 1167 3365 ac
1187 3295 1336 3365 suaviter
1352 3291 1394 3360 eis
1413 3282 1440 3352 tl·

205 3383 419 3454 lucescente:
446 3382 486 3450 ad
513 3382 657 3474 gloriam
684 3383 803 3462 Patris,
821 3397 854 3453 et
871 3384 957 3465 Filii,
980 3397 1012 3454 et
1032 3384 1179 3474 Spiritus
1199 3384 1325 3462 Sancti,
1346 3377 1437 3449 unius.

204 3486 236 3542 et
251 3493 340 3560 quae
363 3470 470 3540 dividi
495 3493 564 3541 non
590 3483 708 3560 potest,
727 3470 935 3543 divinitatis:
961 3495 1065 3561 quam
1095 3471 1190 3542 decet
1211 3471 1331 3562 gloria,
1356 3469 1440 3536 honor

202 3573 235 3630 et
249 3560 402 3631 adoratio
421 3581 524 3641 nunc,
547 3581 683 3648 semper
706 3561 791 3629 etin
813 3561 930 3631 secula
954 3562 1161 3641 seculorum,
1189 3565 1305 3630 Arnen.

226 3755 239 3784 ⁸
256 3757 328 3796 Juxta
341 3753 500 3797 universalem
513 3755 673 3801 traditionem,
687 3755 709 3795 S.
724 3755 825 3796 nomas
842 3757 975 3796 Calaminae
990 3755 1149 3808 {Huttapoarttl
1162 3756 1302 3796 interiectus
1315 3753 1362 3793 rats
1371 3749 1436 3788 sena

196 3810 376 3903 appppnrpplppto
392 3809 497 3860 otasuem
510 3816 590 3848 usurae
605 3809 720 3858 rettqutue
733 3809 834 3850 ausam
848 3811 1040 3855 macerabantur.
1049 3810 1128 3860 totque
1137 3809 1239 3850 maxima
1248 3819 1302 3850 cum
1311 3799 1426 3846 reuersus:
