2934 4810
241 259 342 331 tulit*
589 277 853 328 ucunrnouoerun
877 279 1092 328 ruuusrmtruu
1327 261 1412 324 litt

194 367 285 430 litatis
307 365 433 426 nominc
446 376 629 440 magnopere
643 361 825 438 gloriantur,
854 377 907 439 pro
922 361 1010 424 urna
1023 371 1054 424 et
1069 362 1229 426 inviolabili
1239 361 1408 439 lcgcduouot

194 454 285 525 atquc
300 443 339 506 ob
357 444 505 520 majorum
527 442 717 520 splendorem
734 444 826 502 tumi-
853 441 929 513 Quid
943 441 1024 504 illius
1032 443 1222 505 sermonibus
1235 441 1359 503 solertius?
1367 438 1413 510 Qud

194 525 245 588 dos
275 527 392 585 animos
423 529 544 600 gerant,
566 537 626 582 nou
649 519 735 582 facile
755 535 824 598 sup·
854 521 976 583 silentio
997 523 1195 600 prudentius?
1213 520 1271 583 iam
1289 536 1346 582 voro
1359 533 1413 594 quaa·

193 610 312 685 petant.
337 601 376 664 At
396 603 421 664 si
453 603 490 663 de
521 603 583 680 ipsa
611 600 776 679 sapientius
796 609 827 660 ct
856 616 924 662 uam
937 601 1066 680 perinde
1079 603 1205 678 seipsam
1220 599 1415 680 templumv‘uau

193 681 576 747 sublimiusdisserendum
590 687 646 755 est,
658 678 827 758 Gorgouiac
856 680 916 742 Deo
937 681 1098 744 exhibuit?
1110 680 1259 754 Quaenam
1278 680 1330 758 pata¹
1346 677 1414 738 bonta

193 765 289 842 patria
311 763 436 842 quidem
467 761 525 823 luit
553 775 681 838 superna
706 757 827 821 Jerusa-
855 758 1029 822 Sacerdotes
1065 762 1219 838 complexa
1251 767 1309 832 est,
1334 769 1412 830 conpr

193 843 265 916 lem,
283 843 388 905 civitas
411 843 535 918 iuquam
557 841 619 914 illa,
635 856 713 920 quae
733 839 828 900 oculis
857 843 1046 915 praesertim,
1068 857 1160 918 quem
1191 841 1301 918 pietatis
1321 837 1414 897 romuli·

194 924 326 986 minime
356 921 504 993 cernitur,
528 935 644 982 verum.
666 920 771 980 auimo
798 925 828 980 et
857 925 960 981 touem
989 927 1020 982 et
1050 921 1229 996 magistrum
1256 918 1350 983 babuit
1369 914 1414 974 illua

194 1009 300 1066 mente
332 999 532 1078 intelligitur:
560 1001 592 1062 in
622 1015 680 1077 qua
712 999 827 1060 civium
857 1000 991 1076 iuquam,
1007 999 1093 1075 cuius
1109 998 1211 1077 pulcra
1224 999 1325 1059 semim
1339 1003 1415 1057 sunta

194 1097 327 1144 munere
348 1079 519 1158 fungimur,
535 1088 565 1141 et
579 1079 615 1140 ad
631 1093 720 1156 quam
742 1079 826 1140 omui
858 1094 910 1155 par
922 1079 1057 1142 tiliorum
1072 1079 1134 1142 Deo
1147 1071 1416 1142 cousecratuntfltir

194 1162 352 1224 celeritate
385 1174 597 1238 properamus,
633 1158 718 1235 cujus
752 1157 828 1219 civis
859 1173 926 1219 uam
956 1159 1083 1220 domum
1114 1174 1200 1220 suam
1228 1158 1280 1235 piis
1304 1151 1416 1216 bomlutbu

196 1239 334 1303 Christus
364 1245 420 1312 est,
453 1245 484 1300 et
517 1239 657 1300 concives
686 1237 829 1314 frequens
858 1237 953 1314 magis
983 1237 1149 1316 proposuit,
1182 1235 1416 1315 pulcraminqutt.

196 1321 247 1383 iile
268 1326 383 1391 coetus,
399 1325 431 1383 el
444 1317 573 1380 Ecclesia
590 1319 827 1396 primitivorum,
856 1318 1080 1394 exceptionem,
1108 1333 1143 1379 ac
1170 1317 1287 1378 divitias
1311 1312 1415 1375 coutitu-

195 1402 246 1479 qui
271 1402 302 1462 in
324 1398 416 1461 coelis
445 1398 587 1475 descripti
610 1404 694 1466 suut,
716 1404 747 1458 et
767 1397 828 1457 cir·
859 1401 940 1457 tem?
954 1398 1004 1470 Et,
1018 1397 1099 1474 quod
1115 1405 1160 1458 est
1175 1395 1417 1474 praestantiusque

194 1495 262 1542 cnm
283 1493 430 1555 magnum
453 1477 537 1540 urbis
559 1475 754 1538 Conditorem
777 1492 829 1554 per
858 1491 929 1536 uam
960 1477 1085 1554 pudore,
1118 1493 1152 1538 ac
1181 1473 1239 1538 [leo
1266 1474 1346 1553 gratis
1365 1473 1417 1529 iuves·

196 1560 312 1637 gloriae
342 1557 631 1636 contemplationem
656 1556 746 1618 festos
767 1557 829 1616 dies
857 1553 952 1628 sibus,
974 1572 1026 1618 eos
1058 1557 1097 1618 ita
1125 1555 1306 1634 excipiebatt
1323 1554 1415 1626 Quaen:

194 1639 359 1710 celebrant,
381 1653 415 1697 ac
440 1638 660 1714 sempiternam
684 1635 826 1697 choream
858 1642 1012 1711 praeterea
1036 1635 1273 1713 tranquilliorem
1300 1635 1327 1696 iu
1348 1631 1416 1691 caltu-

195 1719 323 1794 agitaut;
337 1715 478 1779 nobilitas
492 1724 604 1787 autem,
621 1713 744 1778 divinae
759 1717 828 1776 lma·
860 1715 971 1776 tatibus
992 1723 1129 1778 mentem
1152 1717 1308 1794 praetulit?
1324 1709 1417 1782 Quacum

195 1799 277 1874 ginis
298 1798 496 1869 conservatio,
511 1803 603 1873 atque
623 1796 778 1874 archetypi
802 1796 827 1855 i·
858 1810 980 1856 rursum
1010 1798 1148 1857 animum
1170 1797 1204 1857 ad
1230 1809 1334 1866 eornm,
1350 1786 1415 1866 quil·

196 1877 326 1948 mltatio,
348 1891 438 1953 quam
470 1877 544 1938 vatio
574 1883 605 1936 et
633 1876 733 1936 virtus
762 1873 827 1936 eili-
859 1874 1015 1944 borabant,
1039 1876 1137 1936 vicem
1170 1873 1317 1936 dolendam
1341 1879 1417 1946 pttttt·

195 1957 292 2029 ciunt,
325 1971 498 2032 purumque
531 1953 733 2025 desidorium,
766 1969 828 2022 eos,
857 1954 988 2016 siorem?
1009 1954 1166 2026 Quaenam
1182 1953 1418 2020 liberalioremopt·

196 2040 247 2112 qui
283 2049 485 2111 supernarum
520 2049 623 2096 rerum
659 2051 732 2095 vere
765 2041 827 2094 stu·
860 2031 1084 2096 tibusmauum
1101 2029 1411 2111 porrexitt...tcdap

198 2113 275 2176 diosi
296 2123 379 2186 suut,
408 2119 557 2192 quantum
583 2115 618 2175 ad
641 2113 738 2176 Deum
760 2113 829 2176 atti·
859 2129 919 2174 uon
950 2115 1051 2174 miuus
1085 2129 1169 2186 vero,
1194 2128 1279 2190 quam
1305 2103 1418 2183 magula

199 2201 263 2268 net,
296 2195 466 2256 informans
496 2208 530 2255 ac
560 2191 695 2272 denique
722 2197 828 2272 cogui-
859 2192 1022 2269 praedicari
1039 2185 1418 2271 potest,qnodvirtutumal··

196 2281 265 2336 tum
280 2273 404 2344 babere,
425 2279 456 2334 ct
477 2272 604 2350 quinam
624 2280 656 2336 et
677 2289 771 2352 quam
792 2273 830 2334 ob
860 2273 974 2334 imitata
987 2272 1180 2344 sit‚aliarum
1195 2265 1417 2348 exemplumtturtt

196 2369 316 2415 causam
337 2353 407 2414 iacti
429 2367 535 2414 sumus
539 2397 634 2416 .....
665 2352 830 2415 Pudicitiae
857 2359 948 2428 atque
978 2351 1049 2413 alias
1078 2352 1203 2429 quidem
1232 2348 1418 2412 iuraueritatu

195 2433 321 2512 quidum
342 2431 431 2494 laude
444 2431 597 2504 excelluit,
613 2431 748 2510 adeoque
761 2445 828 2494 om·
858 2441 957 2493 autem
978 2435 1194 2510 superarit.....
1222 2430 1342 2507 Cumque
1358 2423 1381 2484 al
1394 2435 1417 2473 tt·

196 2528 251 2574 nes
272 2513 378 2574 aetatis
398 2527 470 2574 suae
494 2511 649 2584 mulieres,
672 2527 711 2573 ue
732 2511 829 2574 dicam
859 2527 940 2583 rum,
963 2517 994 2572 et
1018 2511 1107 2586 lilios,
1128 2517 1160 2572 et
1190 2512 1305 2580 amicos,
1322 2512 1417 2566 mittola

196 2593 317 2668 priscas,
332 2606 462 2670 quarum
478 2590 589 2666 iugens
602 2591 640 2654 ob
654 2591 828 2667 pudicitiam
860 2591 915 2652 hos
946 2591 1109 2664 habuisset,
1131 2607 1207 2668 quos
1233 2589 1374 2652 mulierem
1388 2591 1415 2632 li*

195 2671 274 2734 lama
296 2678 349 2746 est,
371 2673 533 2748 superavit,
556 2676 590 2731 ut
610 2686 680 2732 cum
704 2671 735 2732 iu
758 2669 831 2732 baec
859 2677 889 2731 et
912 2669 1047 2732 filiorum
1068 2677 1099 2730 et
1119 2669 1249 2732 irattum
1276 2681 1358 2730 amore
1372 2671 1415 2734 prb

196 2751 258 2814 duo
273 2751 388 2813 cunctis
410 2752 470 2813 vita
490 2748 586 2811 divisa
607 2751 657 2822 sit,
673 2764 784 2827 nempe
799 2752 829 2811 iu
859 2751 952 2812 ditum
968 2757 1110 2826 parerat,
1125 2765 1160 2810 ac
1175 2745 1415 2814 dealteravitap‘ta

195 2832 427 2892 matrimonium
459 2835 490 2891 et
521 2827 711 2904 caelibatum,
739 2839 830 2908 atquo
859 2826 1414 2913 claredisseruisset,diemquaertreua}

196 2909 245 2970 bic
266 2910 392 2988 quidam
405 2907 565 2972 sublimior
579 2915 610 2970 et
624 2909 758 2972 divinior
778 2910 828 2981 sit,
860 2910 968 2970 testum
990 2909 1070 2970 diem
1093 2909 1221 2980 iecisset,
1237 2912 1273 2971 ita
1289 2907 1379 2967 demutt
1393 2907 1415 2950 a:

194 3003 304 3049 verum
318 2987 495 3050 laboriosior
515 2994 605 3066 atque
621 2987 829 3066 periculosior,
859 2988 1031 3063 dormescit,
1063 2988 1163 3067 plena,
1194 3004 1253 3050 nou
1282 2984 1415 3047 bonarum

195 3067 270 3130 iliud
292 3074 395 3130 autem
418 3067 573 3142 bumilius,
593 3068 646 3130 sed
667 3076 767 3130 tamen
784 3077 830 3130 tu·
858 3067 992 3142 dierum,
1014 3084 1088 3146 quos
1110 3083 1149 3130 ue
1176 3069 1234 3146 ipsa
1265 3063 1360 3145 qnidou
1381 3065 1416 3113 tlt·

197 3149 269 3220 tius,
285 3147 388 3209 vitatis
403 3147 561 3225 utriusque
575 3147 732 3220 molestiis,
748 3149 831 3226 quic·
859 3148 968 3224 plebat,
1003 3155 1108 3226 utpote
1139 3163 1214 3225 quos
1241 3146 1293 3208 sibi
1320 3139 1387 3204 malm
1402 3138 1416 3225 ξ’·

195 3227 268 3305 quid
291 3228 325 3287 in
348 3233 476 3304 utroque
492 3225 732 3303 pulcherrimum
754 3235 830 3300 erat,
860 3235 892 3288 ut
922 3227 1091 3306 plurimum
1123 3242 1194 3289 cum
1230 3225 1350 3304 pulvurer
1375 3223 1415 3273 tlt3

195 3305 341 3383 elegerit,
362 3313 453 3384 atque
482 3307 515 3368 in
537 3322 635 3368 uuum
663 3306 829 3383 copulavit,
859 3315 947 3384 atque
969 3308 1137 3384 impostura
1151 3297 1415 3384 conjunctosesettt

195 3385 320 3448 alterius
341 3386 488 3447 nimirum
508 3385 830 3458 sublimitatemalte·
860 3388 1037 3464 ignoraret:
1072 3385 1123 3447 sed
1162 3386 1277 3450 dierum
1308 3371 1415 3442 gavalli

196 3467 261 3527 rius
281 3467 488 3538 securitatem,
511 3464 666 3542 lueritquc
687 3468 763 3527 citra
781 3483 830 3530 su·
859 3466 957 3528 ileum
973 3468 1013 3528 ita
1029 3465 1128 3543 plena,
1143 3473 1178 3526 ut
1193 3465 1270 3528 baud
1283 3464 1332 3524 scio
1347 3459 1414 3524 „ppr-

195 3545 357 3624 percillum
390 3544 508 3622 pudica,
531 3544 695 3607 caelibatus
717 3547 829 3608 bonum
860 3547 930 3609 iudo
951 3546 1110 3624 quisquam
1131 3561 1250 3619 eorum,
1268 3541 1312 3621 qui
1331 3539 1353 3597 iu
1368 3530 1413 3590 los·

196 3625 394 3687 matrimonio
425 3623 605 3698 admiscens,
629 3624 765 3704 illudque
794 3641 829 3688 o·
858 3630 933 3688 sima
981 3632 1137 3688 senectute
1179 3631 1274 3687 morte
1309 3615 1402 3680 obicrttt

195 3705 349 3778 steudcns,
374 3712 522 3766 neutrum
550 3705 673 3774 borum,
696 3712 749 3768 aut
770 3704 830 3768 Deo
858 3723 891 3768 au
912 3705 1023 3769 multos
1053 3719 1205 3766 alanorum
1232 3703 1308 3765 orbes
1327 3695 1414 3782 nimii

173 3785 174 3790 ’
197 3801 250 3846 uos
270 3785 398 3846 omniuo
412 3784 592 3861 astringere,
606 3790 660 3846 aut
673 3783 711 3846 ab
731 3801 767 3846 eo
787 3785 830 3848 di·
859 3792 991 3848 root.....
1013 3807 1025 3840 v
1054 3785 1110 3860 (Ex
1132 3783 1162 3846 S.
1186 3780 1310 3860 Gregorii
1328 3775 1408 3854 bariani

196 3866 310 3942 rimere
314 3912 372 3928 .....
394 3863 463 3926 lam
486 3863 654 3943 veroquid
682 3863 763 3926 illius
785 3865 831 3926 iu·
858 3863 1015 3944 Operibus,
1031 3863 1165 3926 venetiis
1186 3878 1260 3926 auno
1280 3847 1408 3920 tibiali·

195 3946 287 4022 genio
302 3944 440 4007 acutius?
461 3941 576 4022 Quippe
590 3943 676 4021 cujus
690 3944 829 4021 consilio,

198 4039 259 4084 uon
281 4025 301 4084 ii
326 4031 456 4095 tautum,
471 4023 523 4100 qui
539 4039 653 4100 genere
673 4023 768 4102 ipsam
783 4031 829 4086 at-

198 4102 367 4178 tingebant,
382 4109 412 4164 et
426 4103 478 4180 qui
499 4118 536 4164 ex
557 4102 663 4164 cadom
686 4102 774 4182 plebe
788 4113 830 4166 at-

196 4195 256 4266 que
287 4180 394 4242 eadam
426 4181 508 4243 caula
538 4188 636 4253 erant,
659 4183 709 4243 sed
734 4183 827 4246 vicini

198 4262 288 4338 ettam
308 4273 415 4321 omues
429 4264 635 4322 communiter
652 4263 828 4340 utebantur,

195 4344 320 4406 eiusque
354 4345 511 4417 praecepta
542 4347 573 4400 et
603 4341 829 4406 admonitiones
