2972 4826
101 279 160 343 dil.
183 281 198 342 ι
343 301 382 346 nn
405 301 432 346 S.
457 299 616 348 auaxosro
641 301 691 346 sa.
717 296 847 347 aaaron.
873 301 911 346 ar
933 299 1024 348 socr.
1211 286 1276 350 243

98 403 176 462 serso,
201 382 359 453 Sacerdoti
382 395 523 470 questus
549 396 612 454 est.
632 389 739 468 Quem
766 383 823 453 Vir
846 397 986 454 sanctus
1014 407 1094 455 cum
1111 386 1153 455 de
1176 388 1319 459 ecclesia

96 470 277 540 imbrosiana
297 471 524 562 egrederetur,
543 473 674 561 requiri
698 471 777 543 lecit
794 485 895 561 atque
915 472 958 543 ad
978 494 1014 542 se
1038 474 1195 564 perduci.
1211 481 1317 558 Quem

95 579 151 628 curn
172 561 408 651 interrogasset,
427 574 459 630 et
477 559 761 651 deprehendisset
787 575 959 632 auctorem
982 564 1067 632 tanti
1091 563 1225 654 flagitii,
1252 566 1317 634 ait:

95 651 228 754 «Oportet
249 649 343 719 illum
362 651 449 720 tradi
467 663 605 721 satanae
624 651 658 719 in
677 651 853 724 interitum
878 652 1005 732 carnia,
1033 673 1074 719 ne
1102 653 1180 721 talia
1207 654 1240 722 in
1263 675 1321 743 po-

94 749 190 806 sterum
215 738 331 810 audeat
354 739 544 809 admittere.
573 763 591 806 a
616 743 723 822 Quem
749 740 867 810 eodem
894 753 1078 820 momento,
1098 763 1177 811 cnm
1203 741 1318 812 adhuc

94 847 176 895 sermo
189 839 268 896 esset
285 829 317 896 in
335 849 393 898 ore
410 828 602 898 Sacerdotis
619 828 740 911 sancti,
761 829 904 918 spiritus
921 829 1125 900 immundus
1142 843 1318 920 arreptum

92 913 245 1005 discerpere
269 918 390 1007 coepit.
417 921 490 999 Ouo
514 917 597 998 viso,
625 939 692 987 non
727 918 872 988 minimo
898 919 1018 986 timore
1050 918 1169 1008 repleti
1194 941 1317 992 sumus

90 1015 112 1070 et
128 1003 341 1076 admiratione.
362 1006 483 1076 Multos
507 1007 608 1076 etiam
634 1005 758 1076 diebus
783 1007 878 1096 ipsis,
900 1008 1096 1096 imponente
1114 1007 1174 1077 illo
1195 1031 1319 1078 manus
1419 1007 1421 1016 '

88 1105 111 1160 ct
129 1093 306 1182 imperante,
333 1095 377 1164 ab
402 1095 581 1186 spiritibus
606 1094 796 1164 immundis
822 1095 972 1167 vidimus
996 1117 1070 1165 esse
1096 1112 1273 1188 purgatos.

121 1183 134 1266 ξ
153 1187 220 1254 28.
239 1184 402 1254 Paridem
422 1199 556 1273 tempus
572 1184 747 1254 Nicentius
771 1185 926 1270 quidam,
954 1185 1151 1256 extribuno
1173 1200 1205 1256 et
1227 1201 1338 1255 nota··

91 1268 133 1341 ria.
150 1272 282 1357 quodam
306 1273 432 1363 pedum
453 1271 570 1344 dolore
594 1272 785 1354 tenebatur,
812 1286 850 1342 ut
875 1294 950 1342 raro
977 1275 1010 1341 in
1030 1274 1169 1364 publico
1191 1276 1321 1345 videre-

90 1367 136 1425 tur.
157 1364 228 1428 Cum
252 1362 292 1430 ad
318 1361 425 1432 altare
453 1363 663 1443 accessisset,
691 1374 728 1431 nt
752 1374 966 1432 sacramenta
993 1364 1191 1520 percigscret,
1210 1363 1321 1434 calca-

87 1457 183 1534 tusque
202 1471 279 1520 casu
298 1473 317 1519 a
334 1451 513 1520 Sacerdote
532 1450 748 1532 exclamaret,
767 1449 976 1520 audivimus:
996 1474 1013 1516 a
1032 1457 1076 1520 Va
1103 1475 1132 1533 e,
1150 1466 1182 1521 et
1198 1451 1321 1523 amodo

86 1535 176 1606 salvus
188 1539 259 1607 eris.
278 1563 295 1606 »
313 1545 379 1609 Nec
405 1561 439 1609 se
456 1540 607 1641 amplius
622 1539 773 1610 doluisse
791 1539 894 1629 pedes
912 1551 1062 1630 tempore
1085 1561 1155 1628 quo
1179 1557 1321 1612 sanctus

87 1626 217 1696 Sacerdos
230 1627 270 1698 de
289 1629 356 1696 lrac
382 1627 457 1697 luce
477 1629 647 1716 migravit,
668 1628 831 1717 lacrymis
852 1628 1050 1698 testabatur.
1071 1629 1134 1698 Sed
1157 1645 1233 1718 post
1248 1630 1322 1702 dies

86 1711 141 1793 los,
158 1715 302 1787 ordinato
329 1716 503 1786 sacerdote
526 1717 690 1788 ecclesiae
718 1717 905 1798 lumensi,
935 1716 1055 1786 incidit
1080 1719 1113 1786 in
1141 1719 1322 1788 infirmita·

86 1813 146 1868 tem.
168 1809 230 1886 Qua
262 1827 343 1875 cum
377 1804 537 1893 plurimis
560 1804 682 1874 diebus
713 1805 923 1876 detineretur
959 1807 992 1874 in
1027 1806 1175 1884 lectulo,
1203 1813 1322 1879 comes

84 1890 175 1987 Stilico
201 1893 327 1964 dixisse
359 1893 479 1962 lentur:
508 1916 526 1960 a
556 1893 651 1975 Quod
671 1907 771 1964 tanto
796 1895 866 1963 viro
892 1893 1069 1964 recedente
1097 1895 1140 1964 de
1164 1918 1318 1985 corpore,

84 1982 211 2052 interitus
230 1983 429 2052 immineret
445 1981 574 2051 ltaliae.
597 2005 614 2048 »

115 2070 216 2154 §u
243 2071 341 2142 Unde
365 2071 558 2141 convocatis
589 2069 632 2140 ad
664 2093 699 2140 se
723 2071 898 2142 nobilibus
930 2073 1011 2139 viris
1037 2070 1131 2140 illius
1161 2072 1320 2154 civitatis,

85 2176 148 2240 qnos
167 2159 258 2252 diligi
285 2184 305 2230 a
333 2173 450 2230 sancto
479 2159 657 2230 Sacerdote
681 2172 903 2249 cognoverat,
932 2159 1055 2249 partim
1084 2161 1324 2230 interminatus

85 2247 199 2330 catillis,
213 2251 338 2340 partim
354 2249 481 2320 blando
494 2269 651 2319 sermone
665 2250 844 2337 persuasit,
860 2260 896 2318 ιιι
914 2261 1092 2338 pergerent
1106 2249 1148 2318 ad
1164 2262 1320 2320 sanctum

88 2337 279 2420 Sacerdotem,
310 2337 561 2426 suaderentque
582 2337 644 2418 illi,
665 2350 701 2406 ut
729 2337 793 2406 sibi
822 2337 954 2405 vivendi
985 2351 1110 2426 peteret
1133 2360 1153 2406 a
1180 2339 1322 2407 [tonrino

91 2441 297 2499 commeatum.
318 2426 413 2509 Quod
441 2426 497 2495 illc
514 2426 573 2497 ubi
594 2426 636 2495 ab
661 2425 730 2496 illis
750 2425 893 2504 audivit,
917 2426 1117 2514 respondit:
1145 2433 1251 2498 «Non
1279 2428 1324 2496 ita

90 2509 149 2582 inter
167 2537 222 2588 ros
248 2516 330 2595 vixi,
349 2527 388 2585 ut
411 2514 538 2673 findant
567 2536 620 2584 me
646 2516 779 2594 vixere;
808 2535 868 2582 nec
900 2515 1002 2584 timeo
1033 2516 1131 2597 mori,
1158 2516 1322 2604 quoniam

86 2601 234 2674 laninam
255 2605 387 2675 bonnm
436 2603 590 2674 abemus.
609 2609 706 2672 »Per
731 2603 819 2672 idem
847 2616 983 2704 tempus
1006 2625 1085 2674 cum
1114 2605 1146 2672 in
1174 2618 1325 2674 extrema

82 2705 154 2772 parte
175 2695 340 2782 porticus,
367 2693 401 2760 in
426 2713 493 2780 qua
521 2692 724 2778 jacanaam
755 2693 824 2762 imo
850 2692 950 2780 positi
980 2697 1111 2775 Castus,
1138 2693 1322 2773 Polemius,

81 2779 214 2851 l'enerias
228 2795 264 2852 et
283 2781 372 2850 Felix
391 2793 470 2850 tunc
486 2781 621 2850 diaconi
639 2803 756 2872 secum
776 2792 969 2860 tractarent,
991 2803 1069 2850 voce
1091 2783 1135 2850 ita
1154 2803 1321 2884 repressa,

78 2870 171 2939 utrix
196 2871 344 2940 invicem
371 2891 407 2938 se
431 2869 613 2950 audirent,
640 2871 718 2958 quis
745 2883 819 2960 post
849 2869 980 2940 obitum
1018 2869 1113 2941 illius
1143 2892 1327 2972 episcopus

79 2955 272 3030 ordinandus
286 2970 387 3040 esset,
406 2971 508 3045 atquc
524 2981 602 3026 cum
629 2958 671 3026 de
696 2959 834 3028 nornine
858 2960 967 3028 sancti
993 2958 1215 3046 loquerentur
1238 2963 1327 3029 Sam-

77 3043 195 3130 pliciani
217 3051 245 3130 *‚
277 3060 453 3135 tamquam
479 3047 657 3117 interesset
683 3048 860 3128 tractatui,
883 3069 961 3116 cum
992 3047 1092 3137 longe
1146 3049 1256 3117 ositus
1283 3048 1326 3116 ab

77 3131 147 3220 ipsis
164 3138 305 3225 jaceret,
324 3135 521 3225 approbans
545 3135 748 3205 exclamavit
769 3135 875 3206 tertio:
897 3159 914 3202 a
937 3141 1056 3216 Senex,
1075 3071 1144 3205 sed
1160 3136 1283 3205 bonus.
1308 3159 1325 3201 s

76 3224 140 3292 Erat
160 3228 249 3296 enim
278 3225 525 3315 simplicianus
549 3225 621 3294 aevi
644 3225 822 3294 maturior.
841 3229 914 3306 Qua
939 3246 1017 3293 voce
1037 3224 1167 3306 audita,
1187 3243 1328 3312 expave-

77 3325 191 3384 scentes
208 3315 384 3406 lugeruut.
406 3313 569 3384 Defuncto
598 3327 708 3382 tamen
734 3335 784 3396 eo,
814 3335 878 3382 non
906 3312 996 3382 alius
1021 3311 1072 3380 illi
1100 3312 1266 3382 stxcuessit
1291 3312 1324 3379 in

77 3403 261 3483 sacerdotio,
282 3403 349 3472 nisi
371 3403 400 3472 is
422 3424 524 3490 quem
552 3401 609 3472 ille
625 3402 754 3473 bonum
781 3423 897 3472 senem
921 3402 1009 3470 trina
1027 3423 1105 3470 voce
1121 3402 1325 3491 signaverat.

76 3491 125 3557 tui
150 3491 371 3583 Simpliciano
391 3493 556 3561 Venerius
570 3491 616 3573 ’ἲ
635 3511 737 3579 quem
763 3512 869 3581 snpra
895 3489 1172 3569 memoravimus,
1191 3509 1328 3588 succes-

78 3577 213 3662 sorlnit;
232 3581 322 3650 Felix
347 3581 398 3616 *ι*
420 3603 496 3650 nero
522 3601 740 3668 nuncusque
757 3579 1004 3649 Bononiensem
1027 3578 1112 3670 ragit
1134 3577 1327 3678 ecclesiam.

76 3670 178 3737 tostus
206 3681 320 3740 autem
345 3681 378 3738 et
402 3669 584 3748 Polemius,
615 3669 735 3739 nutriti
760 3669 803 3738 ab
827 3669 1025 3748 Ambrosio,
1055 3668 1164 3736 honae
1195 3665 1328 3766 arbonis

77 3749 145 3824 honi
164 3757 308 3838 fructus,
327 3756 363 3826 in
387 3757 531 3828 ecclesia
552 3757 796 3827 Mediolanensi
821 3757 970 3826 diaconii
992 3755 1186 3847 iunguntur
1202 3754 1327 3824 officio.

77 3845 106 3910 ln
125 3845 237 3916 eodem
258 3860 370 3916 tamen
398 3846 482 3928 loco,
510 3847 544 3915 ιιι
565 3868 634 3936 quo
647 3846 783 3934 jacebat
801 3846 908 3946 (sicut
934 3843 1099 3914 reserante
1127 3845 1225 3916 beato
1249 3849 1330 3944 Ras-

78 3930 160 4002 siano
175 3937 334 4026 episcopo
355 3935 544 4005 laudensis
562 3934 737 4015 ecclesiae,
756 3956 816 4022 qux
841 3934 885 4004 ab
910 3933 1028 4003 eodem
1054 3933 1222 4015 audierat,
1241 3932 1331 4002 dadr-

76 4019 200 4112 cimus),
225 4045 303 4094 cum
329 4039 440 4094 oraret
464 4045 534 4093 una
564 4045 641 4093 cum
669 4023 869 4113 supradicto
894 4022 1084 4104 Sacerdote,
1113 4021 1242 4090 viderat
1266 4025 1328 4090 Do·

78 4108 327 4270 ίιὶιιιιιιιιιὶιῄιειιιιιιι
346 4113 526 4182 advenisse
545 4111 589 4182 ad
607 4134 653 4194 se,
668 4125 700 4182 et
712 4111 918 4181 arridentem
938 4111 1015 4181 sibi.
1032 4117 1097 4181 Nec
1111 4110 1238 4180 multos
1253 4120 1329 4199 post

98 4217 180 4268 resa
214 4215 290 4273 atus
314 4213 376 4272 est.

98 4305 109 4328 ⁸
121 4305 209 4350 Festum
218 4311 241 4352 S.
251 4309 398 4359 simpliciani
407 4310 446 4350 dle
455 4309 482 4348 1⁶
491 4306 585 4358 augusti
596 4305 716 4349 recolitur.

100 4357 123 4382 ⁸⁸
134 4359 223 4402 Portam
233 4365 255 4404 s.
265 4364 360 4406 Vanartt
370 4365 407 4403 dta
418 4365 430 4402 t
440 4362 497 4410 maji
507 4361 649 4402 celebratur.

101 4409 136 4437 ‘⁸'
149 4413 252 4458 lenioris
262 4419 286 4459 Β.
293 4415 387 4463 relicta,
394 4415 505 4466 Eptscopt
514 4417 612 4461 Bonam,
621 4413 658 4456 dis
669 4417 680 4454 t
690 4413 830 4460 decembris,
838 4415 982 4455 recensetur.
