2946 4798
243 255 305 320 att
569 273 608 319 nn
632 271 678 320 ss.
705 272 795 332 rnnn,
821 271 929 344 noane
952 271 1021 322 arc.
1047 273 1105 320 ιιιι.
1305 251 1372 318 bnt.
1391 255 1427 318 28

199 359 278 448 pani
301 367 428 438 autern,
454 356 515 442 qui
540 355 767 447 intelligentia
784 356 986 448 percipitur,
1005 369 1039 428 et
1061 356 1189 426 divinis
1213 355 1314 426 verbis
1328 355 1427 424 adlae

199 467 299 530 rens;
325 456 358 516 et
377 458 556 536 propterea
580 465 748 532 quaerens
767 467 834 516 non
860 445 985 528 solum,
1012 445 1197 534 quomodo,
1223 444 1306 532 quod
1326 444 1427 514 dictum

199 536 319 616 luerat,
333 534 367 602 in
384 533 502 604 animo
518 533 788 623 imprimeretur,
806 534 865 604 sed
877 534 994 616 etiam,
1006 534 1181 622 quomodo
1196 535 1294 604 exiret
1308 533 1336 603 in
1349 553 1426 623 opus:

198 637 299 712 atque
314 622 400 692 adeo
424 621 466 691 ad
491 643 531 692 ea
548 642 615 692 non
641 643 729 713 opus
744 622 809 694 luit
832 623 863 694 ci
880 635 1043 714 tempore.
1068 623 1177 694 Simul
1192 621 1428 710 atqueenimdi-

199 714 312 783 vinam
329 711 490 782 audiebat
506 712 733 801 scripturam,
751 712 878 794 statim,
896 711 989 800 quod
1007 711 1181 794 audiebat,
1201 711 1383 802 producebat
1394 708 1427 777 ad

197 803 367 874 effectum.
393 804 476 870 darn
495 800 609 888 itaque
626 799 814 888 aliquando
838 799 1108 891 legeret'librum
1134 802 1305 871 hetionum
1321 805 1427 889 lpcslo·

197 891 356 970 licarum,
380 887 440 958 ubi
458 888 667 977 pervenitad
690 889 789 959 illum
806 889 934 971 locum,
957 891 990 958 in
1008 910 1088 978 quo,
1110 891 1172 977 qui
1187 889 1360 960 vendebant
1370 909 1429 976 pos·

198 979 380 1058 sessiones,
400 975 599 1048 adserebant
617 978 726 1070 pretia
749 977 792 1047 ad
819 979 923 1069 pedes
946 977 1199 1068 Apostolorum,
1219 978 1276 1048 illa
1294 978 1347 1047 hoc
1366 996 1431 1063 quo-

198 1089 264 1154 que
286 1065 397 1136 lacere
421 1067 617 1138 constituit:
644 1079 779 1136 etcum
804 1066 998 1157 collegisset
1023 1066 1193 1155 quidquid
1218 1070 1290 1137 euri
1316 1066 1431 1136 babebat

197 1168 229 1226 et
242 1155 388 1246 argenti,
407 1167 440 1224 et
456 1156 558 1224 restis
571 1156 750 1246 pretiosae,
770 1167 802 1225 et
817 1177 857 1226 ea
874 1157 946 1225 suis
962 1156 1183 1246 imposuisset
1200 1155 1339 1236 famulis,
1352 1167 1430 1222 noctu

198 1245 281 1324 abit,
308 1253 340 1313 et
365 1255 522 1314 sanetum
540 1258 635 1334 rogat
650 1243 814 1334 cyrillum
834 1257 872 1314 ut
894 1266 934 1314 ea
957 1246 1115 1335 accipiat,
1133 1247 1292 1332 quoniam
1309 1245 1338 1313 in
1357 1243 1431 1311 illun

196 1332 424 1424 Apostolicam
442 1347 552 1402 serrat
572 1333 808 1414 reverentiam,
826 1343 859 1404 et
876 1345 913 1404 ut
937 1335 1010 1404 suis
1034 1334 1198 1405 manibus
1220 1356 1259 1404 ea
1281 1333 1430 1402 distribuat

197 1421 421 1512 pauperibus.
450 1427 543 1504 Quae
565 1422 706 1509 quidem
731 1441 824 1504 oum,
852 1433 891 1492 ut
910 1422 1054 1503 volebat,
1078 1423 1216 1492 nemine
1232 1423 1361 1503 sciente,
1377 1419 1430 1490 ede·

196 1511 309 1591 cisset,
328 1530 462 1580 reversa
478 1523 545 1592 est;
572 1523 604 1580 et
627 1510 751 1581 solitus
773 1533 847 1580 eam
867 1532 989 1582 rursus
1005 1511 1154 1582 habebat
1175 1511 1351 1583 thalamus.

240 1602 325 1687 §lh
351 1604 458 1687 atque
485 1598 633 1688 cyrillus
656 1599 797 1686 quidem
832 1599 906 1686 eius
936 1611 1032 1690 pater
1059 1599 1250 1671 secundum
1284 1599 1428 1690 spiritum.

197 1687 402 1778 paulopost
433 1688 564 1758 excedit
596 1688 638 1758 ad
666 1689 824 1758 omnium
854 1701 983 1779 patrem
1012 1701 1045 1759 et
1074 1693 1193 1758 Deum.
1226 1693 1322 1759 Beata
1349 1699 1429 1757 auten

195 1776 312 1934 gonella
335 1777 412 1865 ejus
436 1779 564 1848 monita
590 1797 657 1847 non
684 1776 802 1846 leviter
824 1777 955 1846 audiit:
982 1778 1039 1847 sed
1065 1778 1168 1848 etiam
1194 1779 1229 1847 in
1253 1779 1356 1848 animi
1380 1793 1429 1870 pra

212 1865 304 1937 undo
334 1887 372 1936 ea
400 1865 533 1935 celavit.
562 1869 642 1935 Toto
664 1865 779 1956 itaque
803 1866 870 1948 die,
892 1865 952 1936 illa
967 1879 1010 1947 et,
1026 1867 1087 1953 qui
1109 1867 1224 1937 virtuti
1238 1880 1311 1937 erat
1326 1863 1429 1958 similis.

195 1955 309 2035 Indes,
327 1954 479 2024 animam
501 1955 635 2045 jejunio
651 1968 892 2045 expurgantes,
911 1955 1176 2042 orationiqueet
1190 1956 1299 2026 sacris
1319 1951 1430 2045 etoquia

197 2055 379 2125 vacantes,
407 2056 511 2112 noctu
535 2043 650 2113 cibum
677 2044 870 2113 sumebant.
897 2044 1105 2114 elimentum
1131 2055 1246 2115 autem
1273 2057 1341 2115 eret
1362 2058 1431 2132 pena

99 2145 103 2152 '
196 2135 321 2214 siccus,
348 2145 381 2201 et
404 2153 492 2219 aqua
518 2145 630 2221 potus.
657 2136 843 2215 Quaerere
862 2134 1088 2203 constitutum
1113 2131 1224 2202 suerat
1240 2145 1278 2203 ut
1293 2133 1335 2202 ab
1353 2137 1431 2216 lnpe

196 2234 307 2291 ratore
330 2221 536 2378 acciperent,
564 2221 607 2292 iis
631 2233 765 2291 ventres
790 2239 982 2312 pauperum
1007 2221 1232 2292 fruebantur:
1254 2235 1293 2292 ut
1311 2221 1432 2308 benign·

196 2321 296 2380 tatem
316 2310 408 2379 simu
440 2321 528 2380 recte
543 2322 749 2392 exercerent,
771 2323 803 2380 et
822 2309 1079 2380 abstinentiam.
1098 2311 1153 2382 Sic
1169 2310 1343 2392 iacientes,
1359 2327 1431 2378 cora·

194 2399 322 2469 bantur
333 2399 472 2486 quidem
495 2398 622 2468 multos
637 2398 757 2470 latere:
777 2398 835 2469 sed
862 2399 936 2468 fieri
952 2421 1018 2469 non
1046 2411 1187 2489 poterat,
1207 2412 1247 2471 ut
1264 2421 1359 2471 mons
1377 2395 1432 2464 abs-

194 2487 461 2568 conderetur,‘et
485 2487 626 2557 lucerna
650 2499 834 2578 poneretur
850 2487 915 2558 sub
935 2487 1062 2569 modio,
1081 2500 1115 2558 et
1138 2487 1324 2560 thesaurus
1347 2487 1433 2556 lateret

193 2578 229 2645 in
254 2588 345 2646 terra
369 2575 517 2646 abditus.
547 2577 610 2646 Sed
635 2597 714 2647 cum
739 2597 790 2658 eo,
813 2597 914 2664 quem
940 2576 1066 2658 dicam,
1086 2576 1188 2647 modo
1211 2578 1433 2668 apparuissent.

193 2663 396 2735 Orthodoxis
444 2663 558 2736 uidem
593 2664 682 2734 fiunt
712 2665 907 2755 exemplum
938 2665 1106 2735 salutare:
1140 2667 1258 2756 impiis
1288 2679 1390 2736 autem
1414 2673 1435 2726 et

191 2754 372 2844 improbis,
392 2687 545 2824 viiidum
562 2753 604 2823 ad
623 2774 680 2823 eos
696 2752 949 2824 convincendos
963 2766 1219 2844 argumentum.
1242 2755 1308 2837 Qui
1332 2763 1434 2824 tantun

192 2841 346 2923 aberant,
372 2855 410 2911 ut
434 2865 472 2913 ex
490 2841 628 2912 illorum
647 2844 771 2914 virtute
794 2842 945 2913 fructum
965 2843 1055 2934 perci
1084 2857 1191 2926 erent,
1209 2855 1247 2914 ut
1263 2844 1363 2913 ctiam
1380 2859 1436 2930 pot·

192 2949 255 3000 uas
278 2930 323 3000 ab
347 2929 396 3000 eis
416 2943 631 3021 expeterent,
665 2944 697 3001 et
719 2932 769 3001 eis
794 2931 924 3002 crimen
950 2931 1043 3002 inten
1071 2943 1166 3002 erent
1195 2930 1435 3020 abstinentiam

191 3039 310 3176 {mum
328 3020 419 3089 enim
436 3019 550 3091 adhuc
575 3019 700 3090 latebat
717 3021 837 3110 pietas
856 3041 918 3090 nec
942 3021 985 3091 ab
1010 3021 1096 3112 ipsis
1119 3021 1234 3092 adhuc
1257 3020 1436 3113 deprehensi

207 3120 340 3179 uerant.

236 3200 319 3284 §e
347 3201 530 3286 Postquam
555 3212 669 3269 autem
697 3197 915 3268 maniiestum
940 3197 1047 3270 evasit
1077 3217 1196 3268 eorum
1218 3197 1386 3289 jejunium
1406 3189 1435 3260 ei.

193 3287 254 3373 qui
282 3286 421 3377 gerebat
451 3306 570 3356 curam
596 3298 757 3377 sumptus
786 3286 885 3356 aulae
908 3288 1152 3389 Imperatoris,
1184 3308 1264 3357 curn
1298 3289 1437 3379 oportent

192 3375 357 3445 admirari
388 3375 647 3466 benignitatem,
669 3387 701 3445 et
725 3389 862 3466 stupere
886 3375 1141 3458 abstinentiam,
1169 3373 1226 3446 ille
1247 3378 1358 3466 potius
1380 3389 1436 3462 pro·

194 3465 296 3533 cessit
319 3464 361 3534 ad
387 3465 517 3554 flagra,
544 3477 576 3534 et
599 3487 657 3535 eos
680 3464 741 3534 diu
757 3465 927 3545 caedens,
954 3465 1023 3534 rim
1048 3465 1210 3537 afferebat
1233 3476 1271 3534 ut
1298 3466 1434 3552 dicerent,

191 3571 340 3710 guonem
361 3555 625 3644 proficiscantur
646 3573 698 3635 ea,
718 3575 806 3641 quae
829 3554 879 3624 eis
898 3551 1037 3624 dantur.
1063 3559 1146 3624 Cum
1173 3552 1225 3622 illi
1249 3569 1372 3634 autem,
1386 3565 1435 3649 'qu

218 3640 384 3712 idicerant
407 3642 518 3712 celare
541 3655 631 3712 recte
654 3643 809 3723 lactuca
834 3642 911 3712 sorti
935 3656 968 3712 et
991 3663 1157 3733 generoso
1180 3643 1300 3714 animo
1318 3653 1435 3713 sustine-

192 3743 277 3812 rent,
297 3732 383 3800 mori
410 3732 586 3812 malentes,
606 3751 710 3820 quam
728 3731 853 3813 dicere,
881 3752 935 3813 ne,
963 3732 1054 3818 quod
1081 3733 1116 3802 in
1131 3744 1271 3823 egentes
1288 3727 1433 3802 manebat,

190 3819 443 3891 rescinderetur
459 3822 627 3891 fluentum
654 3821 886 3911 benignitatis,
912 3821 1053 3908 quidam
1081 3820 1270 3891 Eunuchus
1296 3817 1433 3891 accedens

190 3909 232 3978 ad
251 3909 475 3992 Praefectum,
494 3915 595 3980 Persa
610 3928 734 4001 genere
748 3922 780 3980 et
795 3910 980 4000 impietate,
995 3931 1035 3980 ac
1052 3911 1149 3980 initio
1163 3931 1284 3980 eorum
1303 3912 1431 3979 virtutem

189 3997 297 4068 desert
312 4015 343 4068 et
358 4010 497 4070 accusat
514 4011 688 4086 tamquam
707 3999 845 4069 vitium:
862 3999 952 4087 quod
972 3999 1102 4069 scilicet
1119 4021 1155 4070 se
1170 4012 1262 4068 ceste
1278 4007 1397 4089 gerant,
1411 3999 1431 4054 et

189 4087 310 4157 acibis
330 4087 535 4169 abstineant,
554 4101 688 4176 atquae
708 4087 936 4178 accipiuntad
957 4087 1172 4169 alimentum,
1192 4110 1231 4158 ea
1242 4083 1433 4246 gauperibus

124 4235 137 4260 ,
190 4175 391 4248 Christianis
408 4177 603 4267 praebeant,
620 4191 653 4246 et
669 4177 773 4264 quod,
792 4197 880 4264 quae
893 4177 936 4248 ab
952 4181 1160 4267 imperatore
1176 4197 1240 4266 pro
1267 4179 1430 4246 ciscantur.

190 4259 317 4359 dantur·
340 4263 382 4334 ad
409 4265 609 4335 alimentum
637 4266 691 4348 iis,
718 4266 778 4352 qui
803 4278 883 4336 sunt
907 4267 1066 4336 contrarii
1085 4266 1333 4356 Imperatori«
1357 4249 1431 4344 Quod

189 4370 219 4416 sr
246 4349 329 4420 velis
354 4353 386 4421 id
413 4356 500 4424 scire
525 4355 689 4446 apertius,
716 4356 793 4426 licet
823 4356 883 4426 tibi
908 4368 1025 4448 aperto
1054 4357 1194 4447 penaria
1217 4373 1258 4426 ex
1281 4353 1341 4434 iis,
1363 4362 1431 4437 quar
