2994 4832
254 303 317 366 lTO
577 319 616 366 na
640 322 667 367 s.
695 319 853 366 natrano
877 319 926 364 ar.
953 319 991 364 nr
1015 319 1110 365 naar.
1336 302 1411 366 llllt'.
1435 305 1452 366 5

342 410 410 474 Hoc
431 417 460 473 te
482 405 588 473 Ticini
605 425 690 494 gens
706 403 821 472 accola
839 403 979 472 nomino
1001 416 1093 477 tuoto

340 493 500 563 Praeleoit
517 493 706 579 divumque
724 492 850 582 adytis,
871 513 1077 578 morumque
1096 492 1297 582 magistrum

342 583 438 652 Haud
462 582 538 651 urbi
565 581 759 650 indecorem
782 602 921 650 summo
941 580 1119 669 insignivit
1138 581 1278 662 bonore,

339 671 440 740 Multa
461 671 520 739 nbi
543 671 627 738 mim
650 670 733 739 olim
751 691 916 759 superum
936 683 1094 760 regnator
1109 670 1153 738 ab
1171 668 1241 738 alto

338 765 380 826 Te
402 771 562 847 poscente
578 760 759 828 hominum
785 759 904 828 solitas
924 759 1124 848 superantia
1140 759 1228 829 vires

340 849 464 916 Edidit.
491 849 676 938 Obstupuit
694 847 786 937 regio
805 847 847 915 ad
866 847 1033 916 miracula
1052 869 1181 916 rerum.

339 941 386 1004 'Tu
407 938 511 1006 variis
535 956 598 1026 ope
616 937 732 1004 divina
749 935 792 1006 da
809 937 948 1008 casibus
967 957 1089 1028 aegros
1165 995 1167 1000 ,

341 1025 495 1095 Mortales
519 1025 614 1094 nulla
629 1025 787 1114 eripuisti
807 1024 983 1112 praeditus
1002 1039 1085 1094 arte.

339 1119 387 1182 Tu
407 1137 520 1184 vocem
539 1113 665 1194 surdis,
687 1126 723 1182 tu
746 1113 859 1182 lucem
879 1113 1010 1182 lumine
1025 1114 1134 1182 cassis
1281 1171 1286 1184 .

341 1203 479 1281 Reddis
498 1216 530 1272 et
549 1204 580 1271 in
600 1203 713 1271 media
730 1202 858 1292 positos
870 1203 942 1291 jam
962 1215 1080 1280 morte,
1106 1201 1311 1289 relictosquo

340 1294 461 1383 Erigis.
491 1291 601 1362 Elatos
618 1304 655 1360 tu
673 1292 805 1381 priscae
820 1291 862 1358 ad
885 1312 1029 1359 munera
1048 1292 1135 1358 vitae

341 1383 515 1460 destituis,
533 1381 737 1466 animasque
754 1381 786 1448 in
804 1378 928 1468 frigida
950 1383 1103 1449 membra
1124 1383 1274 1468 reponis,

342 1474 389 1537 Tu
410 1471 541 1540 ductori
561 1468 657 1548 Italo,
681 1491 759 1538 cum
782 1476 812 1537 le
832 1469 935 1536 miser
956 1469 1177 1557 imploratum
1280 1497 1288 1512 ·

343 1559 483 1628 Finibus
500 1579 688 1644 aequoreae
704 1559 852 1626 venisset
872 1558 915 1627 ab
932 1577 1044 1643 usque
1064 1563 1255 1636 Ravennae,

343 1648 553 1716 incolumem
571 1669 610 1716 ac
627 1646 778 1715 validum
800 1646 996 1734 praedixisti
1023 1647 1132 1714 vivere
1149 1659 1283 1726 natum,

342 1741 447 1816 Quem
469 1736 569 1804 modo
585 1735 766 1807 discedens
784 1757 940 1822 aegrum,
970 1736 1140 1820 mortique
1158 1735 1372 1823 propinquae

344 1828 552 1902 Luctantem,
570 1841 602 1892 ct
618 1824 758 1913 superis
780 1845 883 1911 prope
901 1823 1056 1892 functum
1076 1823 1223 1910 liquerat
1238 1825 1349 1893 auris.

341 1913 506 1982 Addimus
524 1916 736 1990 innumeros,
758 1935 846 1999 quos
864 1925 961 1981 noete
977 1911 1101 1999 dieque
1116 1911 1250 1981 labores

341 2005 402 2071 Pro
421 2025 585 2091 superum
604 2001 737 2082 decore,
756 2015 788 2070 et
806 2023 881 2070 vera
898 2002 1021 2090 pietate
1039 2001 1165 2070 tulisti:
1291 2061 1296 2072 .

342 2096 429 2172 liunt
445 2113 558 2170 casus,
582 2105 665 2177 quot
690 2113 748 2180 per
767 2105 903 2168 mortes,
929 2113 987 2179 per
1001 2103 1130 2176 quanta
1149 2090 1276 2178 pericla

342 2182 457 2258 lteris,
478 2191 536 2250 aut
554 2180 647 2248 diros
667 2180 800 2266 quoties
820 2181 967 2248 evaseris
987 2201 1097 2248 enses.

344 2274 419 2357 lpse
437 2269 554 2337 aderat
576 2282 670 2358 pater
692 2269 923 2354 omnipotens,
952 2282 1050 2354 teque
1074 2289 1179 2354 ocyus
1203 2285 1318 2353 usque

343 2364 409 2426 t'eu
427 2356 598 2427 luliarum
621 2358 735 2426 avium
754 2356 955 2424 subvectum
975 2357 1040 2424 insi
1070 2355 1171 2425 nibus
1194 2355 1260 2424 alis

343 2446 511 2515 Omnibus
528 2446 678 2535 eripiens
696 2446 851 2514 servabat
867 2444 1006 2514 casibus
1024 2379 1124 2514 ultro.

344 2535 454 2623 Hujus
471 2557 534 2624 ope
553 2536 735 2604 instantem
755 2535 890 2624 ingeres
905 2555 985 2602 oum
1008 2534 1164 2622 protinus
1180 2533 1329 2614 hostem,

343 2623 513 2704 Ticinum,
534 2624 635 2711 pleno
655 2623 716 2692 tibi
733 2625 792 2709 qni
810 2645 845 2692 se
861 2622 1031 2712 objecerat
1046 2623 1154 2700 alveo,

343 2713 496 2781 Tranasti
515 2734 717 2801 suspensus,
744 2713 873 2798 iterque
894 2713 1036 2800 impune
1055 2710 1163 2780 tulisti

344 2803 445 2870 nerea
464 2823 534 2888 per,
555 2801 751 2888 tinctusque
771 2821 876 2890 supra
897 2801 971 2868 sine
987 2814 1100 2886 ponte,
1123 2800 1198 2868 sino
1216 2798 1303 2870 ullis

345 2889 492 2980 Navigiis
510 2889 660 2978 rapidae,
679 2903 858 2978 correptus
875 2887 1011 2958 turbine
1037 2889 1141 2958 nubis

344 2981 452 3066 Ocyor
472 2992 530 3046 aut
548 2979 628 3047 Euri
646 2980 779 3067 pennis,
799 2991 858 3047 out
878 2977 1035 3046 fulminis
1055 2978 1140 3066 igni,

345 3071 409 3135 Neo
428 3080 457 3134 te
481 3067 592 3136 oeulis
609 3081 749 3156 potuere
764 3068 862 3153 sequi
886 3079 981 3135 trans
997 3065 1156 3146 llumina,
1179 3064 1290 3134 donec

346 3161 554 3245 Conspexere
575 3157 688 3226 amnis
709 3157 783 3244 ripa
800 3155 960 3226 ulteriore
976 3167 1157 3224 canentem

346 3244 549 3315 Coelicolum
571 3259 662 3314 tanto
679 3258 791 3334 grates
811 3265 873 3332 pro
892 3265 1032 3313 munere
1047 3245 1142 3332 Regi.

345 3334 436 3402 Talia
455 3334 607 3403 frustrati
629 3333 786 3402 viderunt
806 3331 926 3410 multa,
946 3351 1178 3418 necunquam

344 3429 433 3492 Gens
454 3423 575 3492 infesta
594 3435 690 3492 tuum
709 3423 818 3511 potuit
837 3423 1036 3511 contingere
1046 3442 1191 3509 corpus,

348 3517 456 3581 Ooneo
482 3533 656 3601 purpurea
676 3511 857 3580 emeritum
876 3511 1043 3604 insignire
1060 3529 1187 3579 corona

341 3602 565 3688 Omnipotens
582 3600 700 3668 statuit
716 3613 823 3687 pater,
842 3621 861 3666 e
879 3600 1095 3685 tenebrisque
1111 3617 1230 3666 vocare
1261 3599 1263 3604 ’

342 3690 538 3760 iucundam
557 3689 598 3758 ad
619 3688 730 3758 lucem
748 3709 883 3776 semper
899 3687 1051 3756 llorentis
1067 3685 1214 3774 Olympi.

343 3783 427 3846 Tum
444 3779 583 3848 demum
606 3779 715 3868 ipsius
736 3778 844 3846 Ticini
862 3777 896 3844 in
917 3776 1186 3865 littoreoaptum

344 3870 469 3954 Sponte
489 3867 603 3936 lerunt
618 3867 735 3954 gladio
751 3864 838 3935 oolla
855 3865 1023 3956 objecisse
1039 3863 1199 3944 secanda,

343 3960 380 4023 Et
397 3955 445 4023 nil
465 3963 594 4026 mutato
615 3955 742 4024 laetu-m
761 3956 828 4024 isse
844 3954 887 4024 ad
909 3954 1030 4023 lunera
1046 3953 1155 4022 vultu.

343 4049 408 4112 Nec
425 4065 611 4113 commune
627 4058 740 4114 tumen
760 4043 834 4120 luit,
861 4055 921 4114 aut
937 4043 1010 4112 sine
1028 4044 1170 4112 numine
1188 4041 1333 4110 lethum.

345 4137 425 4201 Nam
454 4147 558 4222 caput
573 4146 727 4203 exectum
755 4133 892 4221 penitus
911 4131 1042 4202 cervice
1061 4129 1216 4200 cadendo

347 4219 513 4290 Blandum
537 4243 659 4290 nomen
678 4221 792 4290 adbuc
810 4221 976 4290 serrantia
993 4232 1117 4290 cuncta
1137 4219 1290 4297 sonabat,

349 4315 385 4378 Et
405 4309 506 4400 longo
522 4323 655 4378 erectus
674 4311 781 4379 tenuit
798 4331 833 4378 so
851 4323 1001 4398 tempore
1013 4321 1175 4388 truncus,

348 4399 449 4466 Vivus
464 4398 698 4468 adhucveluti
720 4400 814 4490 rigor
833 4411 866 4468 et
883 4398 932 4468 vis
951 4397 1092 4489 pristina
1111 4397 1265 4466 adesset:
