2994 4832
263 301 323 364 tt?
612 319 650 364 nc
674 317 701 363 s.
730 317 809 364 snas
833 317 904 362 naa.
932 317 969 362 ur
994 315 1085 364 conr.
1344 297 1420 363 bnt.
1445 301 1461 362 5

217 425 295 471 vero
311 401 405 470 illius
429 401 640 472 curationem
658 416 828 491 postremo
847 401 958 471 effecit
979 401 1211 471 lustinianus.
1239 406 1308 472 Non
1329 401 1460 470 multum

215 491 407 562 intercessit
426 491 599 578 temporis,
626 504 660 558 et
676 491 778 560 finem
804 501 1011 581 acceperunt
1027 490 1210 559 venerandi
1232 489 1334 579 hujus
1357 490 1412 558 viri
1425 489 1461 556 ad

216 579 386 650 Marinum
414 579 673 666 praedictiones.
697 585 779 650 Nam
804 601 884 649 cum
912 578 1082 666 quaedam
1103 601 1216 648 rerum
1236 579 1399 648 innovatio
1414 600 1461 646 oc-

215 678 375 759 cupasset
389 667 574 749 civitatem,
584 680 616 737 et
628 677 718 738 mota
731 680 818 737 esset
832 669 1008 758 popularis
1023 667 1156 748 seditio,
1170 666 1345 736 facultates
1360 688 1463 734 omnes

216 757 335 826 Marini
365 771 480 842 raptae
505 769 586 824 sunt
612 779 631 824 a
656 756 848 837 seditiosis,
879 769 911 826 et
943 756 1067 826 domus
1094 755 1159 826 suit
1183 756 1262 846 igne
1284 768 1415 825 exusta:
1437 767 1462 822 et

216 867 337 936 parum
357 843 477 925 abluit,
496 846 579 932 quin
607 845 679 934 ipse
704 845 839 934 periret.
859 851 971 933 Neque
988 866 1064 914 vero
1090 857 1246 927 mortem,
1265 866 1351 931 quae
1366 843 1463 911 immi·

216 933 329 1009 nebat,
351 935 516 1022 potuisset
532 933 693 1024 effugere,
713 935 741 1001 si
768 955 834 1003 non
853 934 919 1003 cito
936 934 978 1003 ad
997 933 1253 1004 conversionem
1272 933 1463 1022 adspexisset

215 1036 247 1092 ct
275 1023 529 1112 poenitentiam.
569 1027 638 1091 Hoc
674 1035 787 1090 autem
819 1035 851 1091 et
886 1023 943 1090 alii
978 1022 1119 1111 plurimi
1154 1023 1417 1094 rennnciarunt,
1439 1031 1464 1086 et

215 1112 398 1200 Pompejus
413 1132 550 1200 quoque
573 1109 802 1180 consobrinus
823 1113 1063 1200 imperatoris:
1087 1110 1234 1180 multum
1259 1110 1395 1198 quidem
1417 1108 1463 1174 de·

215 1201 301 1270 ssens
330 1199 451 1269 Marini
474 1200 716 1280 calamitatem,
744 1198 892 1269 multum
919 1213 1032 1269 autem
1058 1199 1236 1269 admirans
1263 1199 1350 1268 beati
1375 1198 1463 1266 Sabae

215 1301 341 1359 certam
365 1298 398 1357 et
413 1287 597 1356 veridicam
617 1287 897 1378 praedictionem:
917 1288 1068 1358 narravit
1082 1289 1183 1357 etiam
1211 1301 1326 1377 postea
1343 1292 1462 1356 Anasta·

216 1379 279 1458 sia,
305 1398 391 1446 uror
416 1377 519 1464 hujus
535 1378 698 1466 Pompeji,
716 1398 820 1464 quam
840 1377 874 1444 in
896 1390 1010 1466 monte
1030 1377 1150 1446 Oliveti
1164 1377 1260 1444 omni
1281 1377 1397 1447 llorere
1412 1375 1461 1440 vir·

216 1479 297 1546 tute,
318 1466 412 1535 vobis
437 1466 593 1556 superior
617 1465 757 1534 tradidit
781 1466 899 1534 oratio.
1457 1549 1461 1558 Ι

259 1558 277 1642 5
300 1555 380 1624 no.
401 1561 546 1624 Sanctus
565 1566 679 1624 autem
697 1553 803 1624 Sabas
819 1575 899 1623 cum
916 1555 1086 1623 emisisset
1101 1553 1239 1640 quidem
1259 1565 1387 1643 partem
1403 1571 1463 1620 aun

215 1643 281 1712 sibi
305 1643 420 1713 datam
445 1643 488 1712 ab
514 1648 732 1732 Imperatore,
756 1655 932 1733 paternam
958 1641 1114 1722 domum,
1138 1664 1226 1729 quae
1250 1655 1325 1712 erat
1348 1643 1379 1710 in
1406 1644 1463 1707 llu-

215 1731 355 1812 talasca,
381 1731 528 1802 extruxit
563 1731 597 1800 in
630 1731 796 1820 templum
833 1731 1043 1820 martyribus
1075 1735 1212 1802 Cosmae
1236 1745 1269 1800 ct
1297 1730 1460 1800 Damiano:

214 1821 306 1908 quod
332 1820 501 1908 reliquum
528 1842 605 1890 vero
629 1832 711 1896 erat,
729 1841 768 1888 ex
789 1841 897 1906 aequo
917 1819 1033 1888 divisit
1048 1833 1081 1888 et
1100 1821 1154 1900 iis,
1174 1820 1233 1906 qui
1250 1819 1356 1889 simul
1373 1829 1460 1885 erant.

213 1909 390 1990 iratribus,
423 1921 454 1978 et
484 1931 572 1996 quae
597 1909 661 1980 sub
693 1909 768 2010 ipso
796 1921 904 1988 erant,
924 1909 1152 1978 monasteriis.
1175 1910 1345 1991 Quoniam
1368 1919 1460 1976 auten

213 1997 354 2084 quidam
380 2021 419 2066 ex
445 1997 634 2076 monacbis,
662 2019 722 2084 qur
745 2019 824 2065 cum
851 1999 926 2087 ipso
951 1999 1178 2066 ascenderant
1201 1997 1462 2081 Constantinopo-

213 2086 288 2166 lim,
306 2085 436 2158 sordidi
454 2099 486 2155 et
502 2085 680 2156 illiberalis
697 2086 804 2154 animi
823 2099 936 2154 notam
950 2087 1137 2156 subeuntes
1158 2087 1192 2154 in
1210 2087 1289 2154 auri
1303 2083 1458 2154 divisione.

213 2174 374 2246 dicebant
398 2175 561 2265 majorem
587 2175 629 2244 ad
651 2195 686 2244 se
706 2187 833 2264 partem
854 2175 1034 2264 pertinere,
1051 2187 1089 2244 ut
1102 2173 1162 2261 qui
1178 2174 1270 2264 plus,
1289 2193 1390 2261 quam
1406 2169 1459 2266 alii.

214 2263 438 2342 laborassent,
465 2275 599 2332 etcum
631 2285 756 2352 magno
781 2263 868 2332 Saba
896 2263 1069 2332 venissent
1092 2263 1265 2349 usquead
1293 2267 1460 2332 Constanti-

213 2353 392 2442 nopolim,
425 2373 492 2421 non
523 2350 698 2442 permisit,
725 2361 763 2420 ut
785 2350 847 2420 diu
871 2352 1170 2432 conturbarentur,
1197 2363 1230 2420 et
1262 2363 1377 2421 essent
1397 2345 1462 2416 adeo
1483 2386 1484 2400 ,

212 2442 308 2530 parci
332 2452 365 2509 et
388 2438 537 2520 sordidi;
565 2440 689 2530 partim
714 2439 853 2526 quidem
879 2461 918 2510 ex
942 2441 1085 2510 historia
1110 2439 1302 2523 adducens,
1322 2451 1354 2510 et
1370 2448 1483 2518 osten,

212 2529 298 2598 dens
334 2529 406 2612 cis,
445 2549 558 2618 regem
600 2528 704 2598 David
740 2528 918 2616 aequalem
958 2543 1088 2619 partem
1120 2529 1279 2616 utrisque
1310 2527 1459 2622 tribuisse.

211 2639 336 2708 nempe
358 2630 391 2687 et
408 2617 584 2696 exercitui,
611 2618 672 2704 qni
696 2617 731 2685 in
757 2617 846 2687 bello
870 2639 950 2687 cum
978 2639 1017 2686 co
1041 2617 1126 2686 adiit
1144 2619 1348 2698 certamina,
1371 2629 1401 2684 et
1421 2614 1481 2702 irs„

210 2707 270 2794 qui
300 2717 535 2776 remanserant
563 2705 605 2773 ad
642 2717 833 2776 castrorum
870 2705 1087 2786 custodiam;
1115 2707 1239 2796 partim
1271 2727 1352 2776 vero
1379 2703 1481 2772 etianl

210 2795 394 2864 ostendens
419 2795 501 2864 cisa
527 2795 710 2875 contrario,
729 2795 820 2882 quod
840 2795 909 2864 illis
931 2795 1040 2884 major
1056 2815 1135 2883 pars
1155 2794 1359 2864 debebatur:
1375 2802 1480 2878 quant

211 2881 396 2969 doquidem
422 2883 485 2963 illi,
504 2883 627 2970 inquit,
647 2904 708 2972 pro
732 2883 831 2953 nobis
853 2895 887 2951 et
915 2903 1057 2974 corpore
1080 2894 1113 2952 et
1136 2883 1264 2952 animis
1295 2879 1479 2964 decertavel

210 2984 293 3128 run&
308 2994 315 3038 :
346 2970 413 3070 ipsi
438 2982 551 3040 autem
577 2971 660 3041 solis
684 2970 888 3062 corporibus
917 2971 953 3040 in
983 2972 1036 3041 via
1062 2972 1310 3044 laboravimus.
1341 2977 1377 3040 Et
1399 2969 1464 3036 baec

211 3080 270 3147 qur
298 3081 350 3128 em
378 3081 440 3130 sic.

254 3148 273 3236 ξ
296 3151 379 3220 50.
403 3153 486 3218 Cum
505 3147 588 3217 baec
604 3159 717 3216 autem
735 3149 782 3216 ita
798 3169 835 3217 se
851 3148 1029 3228 haberent,
1048 3161 1081 3218 ct
1098 3141 1166 3218 tam
1185 3148 1311 3218 acerba
1327 3150 1361 3217 in
1379 3143 1454 3214 fide

211 3237 431 3308 orthodoxam
457 3248 670 3306 exerceretur
694 3237 862 3326 tyrannis,
885 3237 1010 3324 etjam
1041 3236 1132 3307 Eliae
1161 3259 1262 3326 grave
1288 3237 1452 3328 imminere

210 3326 419 3484 periculum,
439 3337 471 3395 et
493 3327 569 3416 ejus
593 3325 697 3415 capiti
730 3325 860 3396 malum
886 3325 1113 3416 impenderet,
1131 3337 1164 3395 et
1184 3347 1358 3416 nusquam
1386 3339 1449 3390 aun

226 3414 315 3496 ium,
344 3437 424 3484 cum
450 3427 691 3504 congregasset
714 3414 836 3484 beatus
864 3414 970 3486 Sabas
994 3415 1137 3484 eximios
1161 3435 1282 3484 omnes
1306 3427 1338 3484 et
1361 3412 1449 3480 electo

210 3503 411 3585 monachos,
438 3515 470 3572 et
493 3525 571 3572 cum
597 3503 666 3574 illis
691 3503 868 3584 accedens
897 3515 929 3572 et
959 3502 1068 3585 illam,
1095 3524 1183 3590 quae
1206 3497 1451 3592 circumsistebo

209 3592 332 3672 Ellam,
361 3611 590 3682 perrumpens
609 3591 868 3661 multitudinem
894 3597 928 3676 (o
950 3613 1151 3681 generosam
1176 3590 1371 3678 animaml),
1391 3605 1446 3672 rcgt

211 3682 372 3750 satellites
389 3692 421 3750 et
438 3679 551 3750 Severi
570 3681 746 3750 ministros
762 3680 858 3749 illinc
882 3679 979 3770 lugat
1003 3692 1178 3767 tamquam
1196 3680 1366 3767 quaedum
1383 3691 1462 3744 man

210 3770 312 3856 cipia.
346 3769 471 3839 Deinde
501 3768 568 3838 alia
601 3789 739 3856 quoque
768 3769 923 3856 undique
954 3769 1202 3839 confluentium
1233 3766 1462 3842 monacbcruw

210 3857 408 3939 multitudo,
430 3879 487 3927 eos
515 3858 574 3945 qui
600 3861 721 3927 Severo
745 3857 1071 3938 communicabant,
1100 3858 1134 3926 in
1160 3855 1299 3926 illorum
1325 3857 1462 3944 ipsorum

209 3959 395 4034 conspectu
419 3945 628 4015 anathemati
653 3945 798 4016 fidenter
822 3945 1026 4034 subjiciunt.
1056 3951 1127 4016 Hoc
1158 3944 1308 4014 dedecus
1335 3941 1445 4011 ethan

208 4032 437 4122 ignominiam
457 4033 572 4104 volens
588 4034 701 4104 delere
722 4038 925 4125 Imperator,
948 4046 1068 4105 contra
1084 4056 1141 4104 eos
1158 4033 1262 4103 mittit
1280 4027 1433 4122 Olympitt

209 4121 393 4207 quemdam
419 4127 691 4204 Caesareensem,
717 4123 749 4192 ei
775 4123 908 4194 traditis
929 4125 1051 4214 copiis,
1070 4143 1159 4214 quae
1184 4133 1282 4192 erant
1306 4122 1339 4188 in
1366 4115 1449 4186 ratae

211 4209 312 4287 stina,
333 4212 426 4299 regia
450 4222 551 4279 utens
574 4212 785 4293 auctoritate,
806 4233 873 4280 non
893 4211 1027 4302 legibus
1053 4231 1114 4282 nec
1133 4210 1289 4301 judiciis.
1308 4206 1372 4290 Qui
1394 4223 1430 4271 cu

211 4295 363 4384 primum
383 4297 537 4367 ascendit
552 4299 783 4388 ierosolyma,
810 4300 917 4370 Ellam
942 4300 1084 4388 quidem
1108 4299 1150 4370 dc
1166 4299 1247 4369 sede
1262 4295 1405 4386 deponit,
1427 4307 1444 4354 a

210 4403 289 4450 eum
306 4381 448 4454 damnat
470 4385 602 4465 exsilio;
619 4392 789 4456 loannem
815 4401 943 4476 autem,
963 4389 1077 4460 filium
1093 4388 1269 4470 Marciani,
1287 4385 1345 4473 qui
1363 4387 1432 4452 seve
