2946 4798
35 271 103 337 ott.
127 273 167 338 29
432 292 471 339 nic
495 292 523 340 s.
549 289 711 340 tenesmo
734 279 854 339 eornm
1172 275 1236 340 543

32 386 183 456 cessasset,
202 395 359 458 reversus
382 388 495 446 autem
520 388 608 446 esset
632 376 775 446 morbus
798 377 946 457 animae,
975 388 1007 447 et
1031 375 1130 446 illum
1156 399 1280 448 rursus

32 475 216 533 revocasset:
244 463 435 534 «Christus
458 475 519 546 est,
540 463 663 551 inquit,
683 465 743 552 qui
760 479 790 534 te
805 478 913 546 curat,
934 486 1037 534 none
1062 487 1093 535 o.
1110 470 1181 535 Tua
1202 488 1279 537 iero

30 550 62 618 de
75 552 227 640 opinione
245 565 349 643 pacta
364 565 541 637 conventa,
573 575 640 622 non
662 575 810 632 mecum,
839 553 898 623 sed
925 575 1004 624 cuin
1026 487 1085 624 ibo
1110 554 1184 624 lieri
1207 555 1278 625 eiii·

29 639 124 722 stima,
141 662 241 728 quem
259 663 359 712 nemo
376 640 480 713 tatere
500 653 620 732 potest,
641 663 752 730 neque
767 642 936 734 decipere.
959 643 1060 714 Omni
1077 664 1158 732 ergo
1173 642 1280 730 depo-

27 729 78 796 sita
92 729 205 800 lrande
219 741 251 800 et
268 730 471 821 impostura,
491 752 612 822 puram
643 731 694 801 illi
721 731 881 802 confitere
899 731 1113 822 religionem,
1130 745 1163 802 et
1183 744 1277 802 certo

26 817 101 887 scias
117 816 193 900 lore,
221 831 259 888 ut
275 840 361 908 pure
380 820 495 891 carnis
519 831 682 906 sequatur
705 821 849 890 curatio.
867 843 885 888 >i
903 825 986 891 Cum
1008 833 1122 891 autem
1143 820 1201 892 ille
1226 822 1278 890 in·

25 903 91 974 lolii
104 919 134 976 et
147 929 267 977 amens
285 907 437 989 dixisset,
457 929 493 978 se
511 909 677 996 quicquid
694 907 886 991 accidisset,
904 915 1082 996 nubquam
1101 931 1202 1000 posse
1219 931 1278 998 pe-

26 994 111 1062 triam
134 995 325 1084 relinquere
343 996 555 1088 religionem,
577 997 651 1088 ipse
667 997 807 1086 quidem
832 998 917 1069 abiit
934 997 1020 1068 nihil
1045 996 1195 1070 locutus.
1215 997 1278 1068 Ille

27 1103 94 1151 iero
114 1083 224 1155 infelix
249 1107 473 1178 comparum
496 1086 717 1176 processisset
747 1109 767 1156 a
797 1087 1015 1168 monasterio,
1044 1099 1076 1157 et
1095 1087 1278 1158 violentius

28 1171 149 1244 morbus
169 1195 248 1244 eum
267 1188 356 1244 esset
373 1196 568 1265 aggressus,
588 1174 733 1265 duplici,
753 1175 964 1266 prohdolor,
988 1186 1096 1246 morte
1117 1177 1275 1258 moritur,

28 1279 133 1350 nempe
145 1264 257 1333 carnis
274 1275 306 1333 ct
322 1263 470 1333 animae.
497 1268 586 1334 llaec
603 1286 683 1335 cuin
703 1286 850 1354 magnus
866 1264 925 1335 illa
945 1263 1144 1347 audivisset,
1171 1280 1203 1336 et
1228 1265 1278 1336 la·
1315 1287 1317 1292 ’

26 1369 143 1446 cryrnas
165 1352 291 1432 emisit,
319 1373 389 1422 rem
407 1373 482 1424 esse
498 1353 595 1422 luctu
618 1353 759 1444 dignam
786 1352 989 1423 arbitratus:
1016 1366 1049 1424 et
1072 1354 1136 1424 boc
1161 1353 1274 1426 solum

25 1433 111 1534 diiit:
128 1445 196 1511 lton
219 1443 363 1511 tentabis
382 1443 559 1511 Dominum
583 1447 688 1512 Deum
710 1442 821 1532 (licut.
849 1441 907 1532 vi);
936 1455 1111 1530 tamquam
1138 1456 1278 1534 propter

25 1523 109 1596 illum
133 1527 217 1598 dans
243 1541 465 1621 praeceptum
491 1529 666 1600 omnibus

61 1616 177 1708 §²⁰-
204 1617 309 1690 Nobis
333 1632 447 1688 autem
476 1619 704 1690 convertenda
722 1631 774 1690 est
797 1620 881 1690 baec
905 1619 1013 1689 oratio
1037 1619 1079 1688 ad
1107 1619 1211 1690 aliam
1236 1619 1277 1690 fi-

27 1701 99 1772 delis
113 1705 262 1777 bominis
277 1708 504 1796 curationem,
522 1729 611 1795 quae
626 1720 664 1778 ut
679 1708 743 1778 suit
759 1709 949 1791 celerrima,
973 1709 1019 1778 ita
1035 1707 1136 1777 etiam
1148 1709 1277 1799 jucun-

26 1789 161 1864 dissima.
181 1795 329 1880 Quidam
349 1797 489 1866 nomine
509 1801 627 1887 Cyrus,
657 1798 752 1888 prius
775 1796 915 1885 quidem
933 1818 1075 1888 corpore
1100 1796 1274 1877 robustus,

27 1882 99 1950 etad
115 1884 308 1985 pugilatum
327 1885 424 1955 valde
448 1884 572 1980 bouus,
594 1899 708 1976 postea
732 1898 846 1957 autem
873 1887 960 1956 inter
981 1885 1168 1955 monachos
1192 1906 1278 1972 quo-

27 1989 80 2054 que
94 1973 322 2044 admirabilis:
349 1975 406 2044 bic
428 1995 511 2064 ergo
525 1995 605 2043 cum
625 1975 727 2064 paulo
744 1986 821 2044 ante
837 1975 999 2046 subiisset
1017 1973 1275 2054 monachatum,

29 2069 180 2147 tamquam
194 2063 288 2134 alius
302 2062 379 2145 lob,
397 2063 487 2132 malo
502 2061 615 2132 ulcere
631 2063 853 2154 percutitura
868 2063 1032 2154 maligno.
1048 2067 1169 2132 Totum
1185 2062 1276 2132 enim

28 2146 89 2244 ejus
105 2149 240 2221 dorsum
268 2152 364 2242 gravi
387 2151 465 2221 lerit
490 2151 639 2222 vulnere.
667 2151 705 2222 ld
731 2163 843 2223 autem
870 2152 1018 2242 desuper
1041 2175 1061 2222 a
1085 2150 1173 2220 collo
1190 2151 1277 2220 inci-

31 2255 121 2321 piens,
134 2251 164 2310 et
175 2261 317 2311 caruem
337 2253 439 2312 totam
454 2239 645 2330 depascens
660 2240 865 2332 deperdidit,
883 2253 915 2311 et
927 2243 1096 2327 quaesub
1113 2262 1152 2309 ea
1167 2251 1275 2320 erant,

31 2342 94 2392 ossa
115 2349 191 2415 pure
216 2328 373 2400 nudavit.
400 2333 500 2400 nores
524 2351 613 2410 iero,
640 2329 756 2416 etqui
782 2329 893 2399 verbis
917 2329 1062 2419 exprimi
1088 2343 1275 2417 nequeunt,

29 2409 141 2486 dolores
164 2418 342 2488 hominem
364 2429 602 2574 ‘penetrantes
631 2439 741 2504 neque
762 2431 891 2488 rectum
919 2431 1020 2499 stare,
1051 2439 1113 2488 nec
1140 2439 1277 2488 accum-

28 2498 102 2584 bere,
120 2505 174 2576 sed
194 2527 306 2595 neque
327 2527 362 2576 se
388 2528 444 2576 ere
463 2507 623 2577 sinebant
639 2507 713 2576 sine
732 2507 900 2577 cruciatu.
919 2507 981 2576 llic
999 2529 1092 2597 ergo,
1115 2506 1278 2575 omnibus

27 2599 52 2658 et
65 2593 195 2665 medicis
218 2608 252 2666 et
277 2595 411 2665 artibus
436 2596 637 2685 praeteritis,
665 2595 707 2664 ad
734 2595 931 2665 Marcellum
956 2596 1081 2677 solum,
1100 2608 1133 2664 et
1153 2615 1214 2685 per
1237 2593 1279 2662 il-

27 2675 86 2747 lum
103 2683 140 2750 ad
159 2689 265 2756 Deum
292 2683 458 2774 confugit,
484 2696 517 2754 et
535 2684 630 2754 abeo
647 2684 728 2774 petit
743 2685 968 2754 curationem.
988 2683 1049 2754 llle
1064 2697 1178 2754 autem
1196 2704 1277 2753 cum

27 2785 134 2840 manus
155 2785 188 2842 et
212 2783 362 2842 mentem
388 2772 501 2843 statim
528 2773 562 2842 iii
588 2773 695 2843 altum
714 2773 921 2852 sustulisset,
941 2785 974 2842 et
992 2784 1030 2842 ut
1045 2772 1169 2844 solitus
1192 2784 1275 2854 erat,

25 2872 157 2942 orasset,
183 2861 310 2931 deinde
336 2883 441 2930 manu
464 2861 566 2932 uleus
591 2875 759 2932 tractans:
787 2884 805 2928 e
835 2863 860 2930 0
885 2862 936 2930 vir
962 2861 1112 2950 optime,
1141 2861 1276 2949 inquit,

26 2953 49 3010 te
69 2947 198 3033 quidem
216 2950 262 3020 ab
286 2949 341 3020 bis
362 2969 429 3019 non
450 2961 581 3039 oportet
605 2949 773 3040 superari.
794 2955 909 3037 Neque
922 2949 1014 3018 enim
1029 2971 1121 3032 eum,
1141 2951 1202 3039 qui
1220 2972 1279 3040 pu·

25 3047 94 3120 girat
114 3058 190 3108 cum
218 3039 276 3119 iis,
330 3039 366 3108 ui
395 3060 461 3108 nou
483 3051 564 3108 sunt
587 3037 848 3129 adspectabiles,
866 3049 998 3127 oportet
1017 3059 1134 3129 gerere
1157 3060 1277 3108 curam

25 3125 134 3194 carnis.
156 3128 218 3198 Sed
250 3149 314 3197 coo
343 3126 396 3196 de.
428 3132 510 3196 Nam
536 3127 566 3196 si
586 3127 647 3198 tibi
676 3127 883 3197 altissimum
910 3129 1066 3216 posueris
1090 3126 1276 3216 refugium,

26 3206 117 3307 lugiet
139 3215 222 3286 haec
248 3215 349 3308 plaga
373 3238 394 3285 a
417 3228 476 3286 tuo
501 3215 733 3286 tabernaculo.
764 3241 776 3278 i
798 3215 931 3286 Dictum
957 3214 1079 3296 luerat,
1111 3229 1143 3284 et
1161 3215 1279 3284 omnia

26 3301 113 3370 simul
130 3306 287 3393 protinus
306 3304 520 3386 ridebantur,
547 3326 636 3387 ossa,
654 3325 788 3385 carnes,
810 3303 920 3395 pellis,
940 3302 999 3374 illa
1018 3303 1158 3392 quidem
1178 3315 1276 3384 tecta,

26 3382 77 3456 boe
95 3413 168 3462 iero
184 3393 351 3484 repletae:
375 3393 474 3484 pellis
494 3406 606 3463 autem
625 3406 783 3465 extensa:
810 3392 1014 3483 doloresque
1038 3403 1276 3463 cessaverant:

25 3475 94 3546 adeo
113 3494 148 3551 ut
170 3482 205 3553 iii
230 3503 270 3552 eo
296 3481 544 3572 propemodum
571 3482 752 3569 impletum
777 3479 880 3552 luerit
896 3503 1033 3552 sacrum
1060 3480 1292 3572 praedictum,

26 3565 209 3641 Ezechielis:
236 3573 399 3664 impedi,
426 3581 457 3642 ct
481 3593 677 3661 ccceeoper
700 3573 861 3642 carcerei
889 3582 921 3641 et
952 3593 1068 3640 cancer
1096 3571 1278 3640 nasceban-

27 3661 91 3724 tcr:
114 3671 143 3728 et
164 3663 265 3751 pellis
287 3683 389 3752 super
413 3682 454 3731 co
476 3659 684 3730 accendebat.

56 3743 78 3840 ,l
100 3751 167 3820 Μ.
193 3749 289 3833 Quod
315 3761 430 3821 autem
455 3770 523 3818 iioo
549 3748 661 3819 solum
687 3767 848 3839 praesens
873 3746 928 3816 liic
956 3748 1007 3816 vir
1032 3745 1192 3828 divinus,
1219 3745 1279 3816 sed

28 3841 111 3903 etiam
135 3838 259 3910 absens
283 3837 444 3910 similiter
467 3837 612 3908 faciebat
637 3836 816 3918 miracula,
841 3835 1029 3907 declarabit
1052 3836 1087 3905 id
1112 3834 1202 3924 qnod
1229 3856 1280 3904 se-

29 3920 137 4002 quitur.
164 3927 305 3998 cuidam
333 3927 416 4009 viro,
452 3927 603 4018 Eugenio
627 3926 767 4016 quidem
793 3925 957 4007 nomine,
991 3925 1140 3995 Diacono
1163 3935 1279 3993 autem

30 4025 110 4080 sacra
132 4017 351 4099 auctoritate,
388 4037 474 4086 uxor
500 4015 722 4106 parturiebat.
760 4019 846 4096 Cum
873 4034 950 4084 vero
977 4013 1112 4085 adesset
1143 4025 1280 4101 tempus

32 4109 140 4183 partus,
165 4105 348 4176 vehemens
372 4127 447 4175 eam
474 4105 598 4174 invasit
621 4103 737 4175 lebris.
762 4108 870 4198 ¹Atque
893 4116 990 4173 erant
1013 4102 1153 4192 quidem
1168 4123 1279 4203 'acres

32 4178 165 4279 dolores,
193 4194 298 4264 febris
322 4206 436 4264 autem
462 4193 626 4274 violenta3
655 4193 774 4263 otiosis
802 4193 916 4279 itaque
937 4213 1011 4262 esse
1035 4191 1280 4262 obstetricibus

32 4263 136 4349 licebat
151 4295 182 4352 et
198 4283 353 4366 medicis,
380 4296 413 4353 et
436 4304 506 4352 una
530 4304 609 4373 spes
633 4281 796 4372 deinceps
814 4292 886 4351 erat
910 4279 1101 4351 Marcellus.
1129 4285 1168 4350 Et
1192 4284 1278 4379 San7

32 4368 95 4431 ctus
114 4371 244 4456 quidem
261 4373 401 4445 orabat:
420 4373 595 4464 Eugenius
619 4383 733 4442 autem
757 4370 832 4460 ejus
857 4370 959 4460 pedes
985 4370 1188 4460 prensabat,
1219 4389 1280 4458 qui
