2934 4810
20 295 83 358 tut.
102 294 134 356 ll
156 311 193 357 nr
211 293 253 357 ta
391 308 654 356 usarrnouocrun
677 307 891 356 rccnsraaruu
1140 285 1243 356 tuat*

20 394 76 474 pirou
91 409 192 454 cursus
205 393 252 454 sni
269 391 365 453 Padus
379 391 502 453 alveum
522 407 627 466 egres·
697 391 876 452 Munaraou.
889 425 929 433 —
953 389 1154 452 Alexandriae
1175 395 1289 452 sancto·

23 491 49 534 us
70 471 215 534 Ecclesiae
239 486 329 548 agros
353 477 536 549 occupasset,
558 477 629 532 tota·
657 484 726 530 rurn
742 469 908 548 Martyrum
923 467 1074 532 Erruucur
1094 478 1126 531 et
1146 470 1289 531 anaxan-

20 569 57 630 tue
84 551 142 612 illic
170 551 230 613 loca
263 550 435 612 nutriendis
461 551 629 612 seminibus
657 563 719 620 nar,
744 549 797 626 qul
819 549 876 611 sub
898 549 988 610 Decio
1012 547 1199 626 imperatore
1219 563 1289 610 cum

20 633 150 693 uolutura
165 678 172 704 ,
187 646 265 709 aqua
284 630 422 705 ejusdem
436 629 572 691 llnmlnis
589 641 629 692 te·
655 626 782 690 inissent
808 629 904 692 multo
925 637 1061 708 temporo
1085 629 1117 689 in
1143 628 1289 702 uinculis,

19 717 103 790 tarel,
123 709 308 772 venerabilis
323 711 403 771 ritae
417 707 546 770 Sabinus
560 709 628 788 Epi·
656 715 686 767 et
700 707 829 769 diversis
843 707 998 788 suppliciis
1012 707 1123 784 allecti,
1134 725 1168 769 ac
1179 706 1290 786 perdu-

20 807 100 867 copus
113 790 280 866 respoudit,
295 790 413 850 dicens:
430 789 565 862 Vade,et
580 790 629 853 dic
656 797 773 850 rassent
788 790 820 850 iu
835 789 907 858 lide,
931 787 1054 866 ignibus
1071 789 1190 850 tandem
1211 802 1288 848 cou-

19 873 44 930 i:
64 870 177 931 Mandat
202 868 258 929 tibi
283 868 444 946 Episcopus
458 875 491 928 nt
505 873 534 928 te
547 885 627 930 corn·
655 869 767 945 sumpti
783 874 866 929 sunt.
883 869 972 946 (Vide
986 867 1129 937 riarium,
1152 883 1180 946 p.
1204 865 1286 945 234).

19 966 102 1014 rascas.
117 956 146 1010 et
157 947 193 1011 atl
207 949 364 1026 proprium
377 947 500 1008 alveum
513 949 624 1010 redeas.

19 1027 79 1098 luod
93 1029 236 1090 Diaconns
251 1028 315 1106 ejus
330 1027 456 1088 audiens
469 1075 477 1102 ,
492 1027 627 1104 despexit
694 1059 733 1068 -
748 1024 862 1088 ibidem
879 1037 1053 1088 sanctarum
1071 1028 1283 1088 Annonuaraa

18 1115 35 1166 tt
48 1109 141 1168 irrisit.
159 1107 246 1168 Tunc
265 1109 315 1167 vir
333 1107 399 1180 Dei,
414 1107 557 1168 accersito
576 1125 627 1168 no·
655 1102 802 1182 Virginis,
828 1105 1025 1177 Mencunrun,
1050 1107 1231 1176 Droursran,
1253 1109 1285 1166 et

20 1187 352 1260 arlo,clictavlt‚diceus:
367 1185 624 1248 SabinusDomlni
655 1184 779 1246 alterius
801 1185 1023 1248 duuonanraa:
1039 1201 1170 1264 quorum
1188 1187 1285 1262 prima

18 1265 66 1326 'esu
89 1265 198 1328 Christi
224 1281 329 1326 servus
356 1266 623 1328 commonitorium
657 1264 687 1323 in
708 1265 814 1327 eadem
834 1266 915 1326 Decii
938 1269 1167 1342 persecutione,
1194 1266 1285 1326 inau-

18 1343 90 1406 'adoz
116 1345 269 1424 Praecipio
291 1345 343 1405 tibi
370 1349 402 1406 in
420 1348 542 1406 nomine
556 1344 625 1407 lesu
655 1343 725 1404 ditis
753 1352 975 1406 tormentorum
1004 1345 1171 1419 generibus
1194 1359 1283 1422 supe·

18 1421 103 1486 {luisti
118 1426 239 1488 Domini
258 1426 363 1494 nostri,
380 1437 413 1486 nt
427 1425 464 1486 de
478 1424 562 1487 calven
576 1432 626 1486 tuo
656 1428 744 1497 ratis,
769 1423 851 1486 terro
873 1423 1035 1497 caedente,
1058 1423 1182 1486 beatum
1204 1427 1286 1484 vitae

21 1518 35 1562 n
56 1505 120 1566 locis
143 1505 208 1567 istis
234 1503 364 1566 ulterius
379 1519 439 1566 non
455 1520 554 1578 exeas,
569 1520 625 1566 nec
656 1502 748 1565 finem
769 1506 916 1583 percepit:
941 1510 1001 1564 tres
1022 1518 1093 1564 vero
1108 1504 1196 1575 aliae,
1213 1517 1284 1564 cum

17 1597 93 1644 arrae
116 1584 266 1646 Ecclesiae
295 1581 413 1646 laedere
441 1599 622 1662 praesumas.
653 1581 778 1644 ludexa
801 1584 944 1646 foeminis
963 1586 1099 1661 superari
1127 1581 1285 1644 erubesce·

17 1661 93 1738 ltque
115 1665 213 1726 eidem
240 1665 360 1725 notario
384 1663 552 1741 subjungit,
581 1667 624 1725 ni·
655 1667 712 1734 ret,
734 1679 767 1723 ac
792 1663 946 1726 dubitaret
965 1677 1004 1724 ne
1028 1663 1134 1724 eadem
1160 1664 1190 1723 iu
1220 1660 1285 1722 illas

17 1753 80 1800 ans:
106 1744 195 1816 Vada,
222 1743 281 1804 lroc
299 1743 408 1818 scribe,
423 1752 453 1804 et
469 1743 500 1804 iu
514 1759 623 1820 aquam
652 1755 800 1804 exercens
823 1743 1040 1814 cruciamenta,
1064 1757 1169 1802 earum
1191 1743 1283 1802 etiam

17 1819 125 1894 ejusdem
151 1822 291 1886 fluminis
314 1823 436 1900 projice.
458 1821 623 1898 Quolacto,
653 1825 819 1884 cctnstantla
844 1826 1033 1892 vinceretur,
1059 1823 1161 1882 statim
1186 1822 1285 1898 iussae

16 1890 93 1960 lancli
128 1903 182 1964 riri
220 1909 414 1978 praeceptum
436 1903 623 1979 suscipiens,
652 1901 885 1964 suntdacollari.
898 1903 989 1980 (Vide
1005 1899 1145 1974 Sortem,
1158 1901 1189 1961 in
1202 1899 1285 1960 dctis

16 1979 95 2040 rtatim
117 1999 146 2041 se
169 1999 184 2043 a
212 1981 302 2043 terris
325 1981 473 2042 Ecclesiae
488 1981 624 2043 lluminls
651 1978 701 2040 SS.
713 1979 868 2121 Epimaclri
885 1979 1092 2043 etlilexaudri
1104 1980 1283 2057 Martyrum,

16 2071 71 2132 rrpna
90 2061 282 2138 compescuit,
305 2067 395 2138 atquc
413 2062 448 2122 ad
465 2064 621 2138 proprium
653 2073 718 2135 pag.
755 2059 814 2138 34).
872 2071 879 2092 ·

16 2133 112 2200 alveum
127 2157 257 2212 reversa,
274 2143 358 2202 exire
374 2139 501 2202 ulterius
515 2141 547 2201 ln
559 2140 620 2202 loca

16 2215 98 2278 canem
116 2235 173 2280 non
190 2222 431 2298 praesumpsit.»
702 2244 1038 2318 ssuanuocnuns,
1061 2243 1233 2308 ooutrus

38 2371 208 2462 Mauricos.
224 2413 262 2426 -
278 2377 532 2457 Constantinopoli
554 2394 621 2440 san.
819 2353 855 2397 uu
870 2353 931 2398 auru
946 2335 1027 2397 xxu
1043 2335 1110 2396 MM.

15 2459 43 2509 ΓΗ
61 2453 196 2520 Dunrcccs
217 2458 356 2537 Silliiae.
371 2459 462 2537 (Vide
478 2459 620 2528 Surium,
847 2461 939 2522 Actes
953 2462 1081 2523 incerte.
1106 2549 1111 2558 η

15 2541 67 2606 pag.
88 2535 162 2614 255).

689 2617 869 2682 Manrunoc.
885 2655 925 2663 —
952 2621 1063 2683 Eodem
1092 2621 1141 2683 die
1166 2628 1283 2682 sancto-

35 2717 191 2766 amcmrnns
484 2725 595 2767 nraxu.
651 2715 718 2760 rum
743 2698 911 2780 Martyrum
940 2701 1143 2773 chuocenrs,
1164 2699 1282 2765 Donum

650 2784 680 2842 et
693 2778 822 2842 aliorum
837 2781 1095 2856 vigintiduornm.

111 2853 137 2915 S.
157 2855 339 2919 SYNESlUS
361 2857 501 2920 Manrrn.
689 2857 776 2930 Beda,
804 2858 970 2934 Usuardm,
996 2861 1230 2925 wandelbertus
1251 2869 1282 2924 et

148 2965 264 3026 Passus
286 2981 368 3026 mm„
392 2963 449 3025 275
649 2937 699 3000 alli
714 2939 900 3002 recentiores
922 2941 975 3002 trac
996 2943 1055 3005 dle.
1079 2942 1138 3003 ilos
1153 2942 1184 3004 ln
1200 2942 1283 3022 palu·

453 3013 460 3027 ‘
649 3019 717 3080 darn
732 3019 894 3097 quamdam
909 3035 972 3082 esse
983 3022 1134 3082 demersos
1152 3021 1280 3084 hahetur

45 3085 256 3158 diatriton-
276 3095 387 3160 Romae
407 3099 501 3160 sancti
525 3098 621 3160 Suna-
650 3098 681 3160 in
701 3097 855 3160 Thesauro
872 3098 1013 3162 concion.
1028 3101 1114 3163 loru.
1131 3118 1163 3164 u.
1176 3135 1216 3146 -
1236 3102 1280 3166 lta

15 3177 42 3222 su
55 3165 189 3250 Martyris,
210 3178 263 3255 qui
288 3181 423 3257 tempore
442 3177 519 3240 beati
537 3178 619 3252 Xysti
648 3178 807 3242 Darouius.

15 3237 90 3319 Papae
109 3249 210 3316 Lector
229 3255 395 3328 ordinatus,
417 3272 486 3319 curn
509 3257 620 3320 multos

15 3333 185 3412 touterlissel
206 3336 242 3397 ad
266 3333 430 3410 Christum,
454 3339 533 3416 aputl
557 3338 619 3398 Atl-
667 3361 718 3424 ss,
742 3361 961 3426 MAXEN'HUS
990 3363 1258 3428 CONSTANTHJS

15 3399 143 3486 talianum
154 3411 366 3492 imperatorem
378 3425 545 3490 accusatus,
560 3418 621 3494 gla-
901 3471 909 3486 ,
964 3411 973 3440 ’

15 3475 219 3572 [Ιιοιροτουεειιε
241 3498 378 3575 martyrii
405 3511 549 3559 coronam
571 3513 620 3558 ac·
893 3453 1033 3516 “sm

15 3569 89 3634 cepit,
141 3649 146 3660 Ι
178 3651 184 3664 ⁸
726 3577 1198 3657 Mortprtcdcccractacccaoa.

28 3637 163 3721 ,Celebris
177 3661 256 3716 rnter
271 3653 427 3734 Martyres,
450 3653 571 3717 Graecis
583 3671 616 3718 e·

17 3717 75 3779 tram
101 3731 268 3794 notissimus
293 3735 363 3808 luit,
384 3736 436 3876 ‘lm
451 3736 488 3798 De
509 3735 617 3796 eodem
685 3733 865 3800 Maurrttoc.
884 3773 922 3779 -
945 3738 1079 3798 Treviris
1103 3746 1277 3800 sanctorum

15 3805 93 3870 agunt
110 3805 160 3898 nac
182 3810 230 3902 die
250 3815 282 3874 in
307 3813 488 3892 Meuoogio,
513 3813 565 3876 nbi
587 3819 618 3876 et
647 3815 1279 3896 MartyrumMaur-:urruCortsruurrcCns-

15 3883 167 3972 certamrurs
181 3905 243 3967 ejus
264 3894 334 3956 Acta
350 3894 534 3964 describunt,
552 3910 617 3972 pro·
646 3913 772 3969 securri,
796 3895 912 3959 lnsrrur
933 3903 964 3958 et
977 3896 1147 3971 Sociorum,
1169 3898 1222 3976 qni
1244 3899 1277 3959 in

15 3954 254 4048 llhrcuarratur.
278 3973 399 4050 Doejus
421 3971 617 4036 translatione
646 3977 855 4054 persecutione
879 3976 1055 4040 Diocletiani
1085 3978 1141 4039 sul)
1169 3977 1278 4040 Rictio·

18 4041 48 4120 ¹¹1¹
72 4041 190 4126 insulam
221 4052 403 4130 augiensem
439 4068 520 4115 anno
554 4053 614 4114 Do·
645 4054 871 4118 raroPraeside
887 4059 961 4134 passi
977 4065 1057 4120 sunt.

15 4119 77 4242 gum
99 4119 152 4182 830
170 4128 241 4192 lacta
268 4133 408 4194 meminit
424 4131 618 4196 Hermannus
684 4133 751 4196 Non
762 4143 881 4196 tantum
893 4137 942 4213 (ad
957 4136 1031 4200 hacc
1045 4136 1193 4198 Duronius
1208 4135 1278 4196 sno

34 4199 169 4264 ontractus
187 4210 218 4270 in
233 4209 343 4272 chron.
358 4212 463 4275 eodem
476 4228 567 4274 auno.
578 4246 617 4256 -
642 4213 767 4291 jungit),
791 4215 820 4276 tri
838 4221 898 4277 tres
912 4213 1069 4276 clarissimi
1092 4215 1157 4290 ejus
1173 4215 1278 4276 cirita-

17 4259 80 4404 {¹3⁶⁰
102 4276 131 4340 in
153 4281 266 4351 Baronil
296 4291 379 4356 Notis
406 4293 442 4354 ad
464 4291 615 4369 Martyrol.
646 4295 683 4354 tis
706 4300 779 4355 tnnc
803 4295 892 4372 passi,
917 4295 966 4356 sod
996 4300 1026 4354 et
1048 4300 1178 4372 quatuor
1201 4292 1275 4366 alii,

53 4364 122 4416 nan.
644 4387 772 4453 quornm
791 4372 863 4435 irasc
878 4379 950 4435 sunt
964 4373 1101 4446 nomina,
1127 4371 1277 4447 lustinus,
