<?xml version="1.0" encoding="UTF-8"?>
<!DOCTYPE html PUBLIC "-//W3C//DTD XHTML 1.0 Transitional//EN"
    "http://www.w3.org/TR/xhtml1/DTD/xhtml1-transitional.dtd">
<html xmlns="http://www.w3.org/1999/xhtml" xml:lang="en" lang="en">
 <head>
  <title>
</title>
<meta http-equiv="Content-Type" content="text/html;charset=utf-8" />
  <meta name='ocr-system' content='tesseract 3.04.00' />
  <meta name='ocr-capabilities' content='ocr_page ocr_carea ocr_par ocr_line ocrx_word'/>
</head>
<body>
  <div class='ocr_page' id='page_1' title='image "./historiaeseuvit00lippgoog_0555.png"; bbox 0 0 2946 4798; ppageno 0'>
   <div class='ocr_carea' id='block_1_1' title="bbox 214 261 1407 354">
    <p class='ocr_par' dir='ltr' id='par_1_1' title="bbox 214 261 1407 354">
     <span class='ocr_line' id='line_1_1' title="bbox 214 261 1407 354; baseline -0.011 0"><span class='ocrx_word' id='word_1_1' title='bbox 214 261 278 354; x_wconf 82' lang='lat' dir='ltr'><strong>sia</strong></span> <span class='ocrx_word' id='word_1_2' title='bbox 1285 277 1407 344; x_wconf 72' lang='lat' dir='ltr'><strong>aava</strong></span> 
     </span>
    </p>
   </div>
   <div class='ocr_carea' id='block_1_2' title="bbox 247 517 1358 632">
    <p class='ocr_par' dir='ltr' id='par_1_2' title="bbox 247 517 1358 632">
     <span class='ocr_line' id='line_1_2' title="bbox 247 517 1358 632; baseline -0.012 0"><span class='ocrx_word' id='word_1_3' title='bbox 247 527 558 632; x_wconf 78' lang='lat' dir='ltr'><strong>dinttuittit</strong></span> <span class='ocrx_word' id='word_1_4' title='bbox 588 517 602 550; x_wconf 66' lang='lat'><strong><em>⁴</em></strong></span> <span class='ocrx_word' id='word_1_5' title='bbox 636 528 708 630; x_wconf 88' lang='lat' dir='ltr'><strong>SS.</strong></span> <span class='ocrx_word' id='word_1_6' title='bbox 745 525 839 631; x_wconf 87' lang='lat' dir='ltr'><strong>llll.</strong></span> <span class='ocrx_word' id='word_1_7' title='bbox 875 525 1032 628; x_wconf 79' lang='lat' dir='ltr'><strong>ibuit</strong></span> <span class='ocrx_word' id='word_1_8' title='bbox 1066 523 1127 624; x_wconf 83' lang='lat' dir='ltr'><strong>nt</strong></span> <span class='ocrx_word' id='word_1_9' title='bbox 1161 520 1358 624; x_wconf 80' lang='lat' dir='ltr'><strong>tuditi</strong></span> 
     </span>
    </p>
   </div>
   <div class='ocr_carea' id='block_1_3' title="bbox 297 761 1314 983">
    <p class='ocr_par' dir='ltr' id='par_1_3' title="bbox 297 761 1314 983">
     <span class='ocr_line' id='line_1_3' title="bbox 297 761 1314 836; baseline 0 -2"><span class='ocrx_word' id='word_1_10' title='bbox 297 771 346 834; x_wconf 86' lang='lat' dir='ltr'><strong>ET</strong></span> <span class='ocrx_word' id='word_1_11' title='bbox 370 767 666 836; x_wconf 78' lang='lat' dir='ltr'><strong>nutiliuuinls</strong></span> <span class='ocrx_word' id='word_1_12' title='bbox 690 767 849 835; x_wconf 78' lang='lat' dir='ltr'><strong>viuintl</strong></span> <span class='ocrx_word' id='word_1_13' title='bbox 873 765 1050 832; x_wconf 72' lang='lat' dir='ltr'><strong>titudinis</strong></span> <span class='ocrx_word' id='word_1_14' title='bbox 1075 761 1314 834; x_wconf 71' lang='lat' dir='ltr'><strong>illustrauit,</strong></span> 
     </span>
     <span class='ocr_line' id='line_1_4' title="bbox 365 897 1250 983; baseline -0.008 -13"><span class='ocrx_word' id='word_1_15' title='bbox 365 905 437 983; x_wconf 82' lang='lat' dir='ltr'><strong>QUI</strong></span> <span class='ocrx_word' id='word_1_16' title='bbox 461 903 574 968; x_wconf 88' lang='lat' dir='ltr'><strong>PiiSSl</strong></span> <span class='ocrx_word' id='word_1_17' title='bbox 599 903 702 970; x_wconf 84' lang='lat' dir='ltr'>SUNT</span> <span class='ocrx_word' id='word_1_18' title='bbox 727 899 972 969; x_wconf 73' lang='lat' dir='ltr'><strong>panvinium</strong></span> <span class='ocrx_word' id='word_1_19' title='bbox 998 897 1250 966; x_wconf 77' lang='lat' dir='ltr'><strong>nicoiinbliu</strong></span> 
     </span>
    </p>
   </div>
   <div class='ocr_carea' id='block_1_4' title="bbox 217 1127 1383 1193">
    <p class='ocr_par' dir='ltr' id='par_1_4' title="bbox 217 1127 1383 1193">
     <span class='ocr_line' id='line_1_5' title="bbox 217 1127 1383 1193; baseline -0.009 -12"><span class='ocrx_word' id='word_1_20' title='bbox 217 1134 274 1182; x_wconf 82' lang='lat' dir='ltr'><strong>Pllli</strong></span> <span class='ocrx_word' id='word_1_21' title='bbox 299 1133 457 1184; x_wconf 72' lang='lat' dir='ltr'><strong>Sffllllllll!</strong></span> <span class='ocrx_word' id='word_1_22' title='bbox 480 1133 746 1193; x_wconf 63' lang='lat' dir='ltr'><strong>sustinuisses,</strong></span> <span class='ocrx_word' id='word_1_23' title='bbox 773 1133 814 1181; x_wconf 76' lang='lat' dir='ltr'><strong>U&#39;l’</strong></span> <span class='ocrx_word' id='word_1_24' title='bbox 843 1132 988 1182; x_wconf 69' lang='lat' dir='ltr'><strong>HABETUR</strong></span> <span class='ocrx_word' id='word_1_25' title='bbox 1017 1131 1134 1190; x_wconf 74' lang='lat' dir='ltr'><strong>Quinto</strong></span> <span class='ocrx_word' id='word_1_26' title='bbox 1157 1129 1240 1178; x_wconf 79' lang='grc' dir='ltr'>ῘΟΙΟ</span> <span class='ocrx_word' id='word_1_27' title='bbox 1264 1127 1383 1178; x_wconf 76' lang='lat' dir='ltr'><strong>atovsii.</strong></span> 
     </span>
    </p>
   </div>
   <div class='ocr_carea' id='block_1_5' title="bbox 604 1327 1015 1386">
    <p class='ocr_par' dir='ltr' id='par_1_5' title="bbox 604 1327 1015 1386">
     <span class='ocr_line' id='line_1_6' title="bbox 604 1327 1015 1386; baseline 0 -2"><span class='ocrx_word' id='word_1_28' title='bbox 604 1327 702 1386; x_wconf 79' lang='lat' dir='ltr'><strong>Pessi</strong></span> <span class='ocrx_word' id='word_1_29' title='bbox 723 1331 805 1385; x_wconf 86' lang='lat' dir='ltr'><strong>sunt</strong></span> <span class='ocrx_word' id='word_1_30' title='bbox 832 1341 921 1386; x_wconf 82' lang='lat' dir='ltr'><strong>enno</strong></span> <span class='ocrx_word' id='word_1_31' title='bbox 943 1329 1015 1385; x_wconf 78' lang='lat'><strong>801.</strong></span> 
     </span>
    </p>
   </div>
   <div class='ocr_carea' id='block_1_6' title="bbox 173 1541 1463 4213">
    <p class='ocr_par' dir='ltr' id='par_1_6' title="bbox 173 1541 1463 3235">
     <span class='ocr_line' id='line_1_7' title="bbox 219 1541 1418 1636; baseline -0.009 -18"><span class='ocrx_word' id='word_1_32' title='bbox 219 1553 237 1628; x_wconf 72' lang='grc' dir='ltr'><strong>ἓ</strong></span> <span class='ocrx_word' id='word_1_33' title='bbox 262 1552 300 1618; x_wconf 84' lang='lat'><strong>1.</strong></span> <span class='ocrx_word' id='word_1_34' title='bbox 329 1545 534 1615; x_wconf 80' lang='lat' dir='ltr'>Maximiano</span> <span class='ocrx_word' id='word_1_35' title='bbox 554 1545 627 1633; x_wconf 86' lang='lat' dir='ltr'><strong>jam</strong></span> <span class='ocrx_word' id='word_1_36' title='bbox 654 1545 846 1616; x_wconf 91' lang='lat' dir='ltr'><strong>secundum</strong></span> <span class='ocrx_word' id='word_1_37' title='bbox 873 1566 1004 1615; x_wconf 92' lang='lat' dir='ltr'><strong>anuum</strong></span> <span class='ocrx_word' id='word_1_38' title='bbox 1022 1555 1144 1636; x_wconf 77' lang='lat' dir='ltr'>agente</span> <span class='ocrx_word' id='word_1_39' title='bbox 1165 1544 1198 1612; x_wconf 89' lang='lat' dir='ltr'><strong>in</strong></span> <span class='ocrx_word' id='word_1_40' title='bbox 1216 1541 1418 1632; x_wconf 86' lang='lat' dir='ltr'><strong>imperialiu-</strong></span> 
     </span>
     <span class='ocr_line' id='line_1_8' title="bbox 173 1631 1419 1724; baseline -0.007 -22"><span class='ocrx_word' id='word_1_41' title='bbox 173 1655 369 1715; x_wconf 87' lang='lat' dir='ltr'><strong>munorum,</strong></span> <span class='ocrx_word' id='word_1_42' title='bbox 397 1647 429 1704; x_wconf 89' lang='lat' dir='ltr'><strong>et</strong></span> <span class='ocrx_word' id='word_1_43' title='bbox 455 1635 636 1704; x_wconf 77' lang='lat' dir='ltr'><strong>minitante</strong></span> <span class='ocrx_word' id='word_1_44' title='bbox 660 1657 798 1723; x_wconf 87' lang='lat' dir='ltr'><strong>gravem</strong></span> <span class='ocrx_word' id='word_1_45' title='bbox 822 1644 1058 1724; x_wconf 76' lang='lat' dir='ltr'><strong>tempestatem</strong></span> <span class='ocrx_word' id='word_1_46' title='bbox 1085 1631 1286 1722; x_wconf 90' lang='lat' dir='ltr'><strong>impietatis,</strong></span> <span class='ocrx_word' id='word_1_47' title='bbox 1313 1643 1344 1700; x_wconf 92' lang='lat' dir='ltr'><strong>et</strong></span> <span class='ocrx_word' id='word_1_48' title='bbox 1363 1646 1419 1697; x_wconf 85' lang='lat' dir='ltr'><strong>mni</strong></span> 
     </span>
     <span class='ocr_line' id='line_1_9' title="bbox 173 1719 1419 1882; baseline -0.004 -91"><span class='ocrx_word' id='word_1_49' title='bbox 173 1725 209 1792; x_wconf 89' lang='lat' dir='ltr'><strong>in</strong></span> <span class='ocrx_word' id='word_1_50' title='bbox 228 1723 302 1882; x_wconf 75' lang='lat' dir='ltr'><strong>pios</strong></span> <span class='ocrx_word' id='word_1_51' title='bbox 317 1735 494 1812; x_wconf 88' lang='lat' dir='ltr'><strong>eruptura,</strong></span> <span class='ocrx_word' id='word_1_52' title='bbox 517 1724 567 1794; x_wconf 88' lang='lat' dir='ltr'><strong>sic</strong></span> <span class='ocrx_word' id='word_1_53' title='bbox 583 1743 720 1811; x_wconf 91' lang='lat' dir='ltr'><strong>quoque</strong></span> <span class='ocrx_word' id='word_1_54' title='bbox 735 1723 903 1794; x_wconf 87' lang='lat' dir='ltr'><strong>florebant</strong></span> <span class='ocrx_word' id='word_1_55' title='bbox 925 1721 1066 1811; x_wconf 91' lang='lat' dir='ltr'><strong>quidem</strong></span> <span class='ocrx_word' id='word_1_56' title='bbox 1087 1741 1140 1792; x_wconf 89' lang='lat' dir='ltr'><strong>res</strong></span> <span class='ocrx_word' id='word_1_57' title='bbox 1159 1719 1419 1791; x_wconf 85' lang='lat' dir='ltr'><strong>Christianorum</strong></span> 
     </span>
     <span class='ocr_line' id='line_1_10' title="bbox 173 1809 1419 1901; baseline -0.006 -21"><span class='ocrx_word' id='word_1_58' title='bbox 173 1823 206 1881; x_wconf 92' lang='lat' dir='ltr'><strong>et</strong></span> <span class='ocrx_word' id='word_1_59' title='bbox 243 1825 335 1883; x_wconf 88' lang='lat' dir='ltr'><strong>aetae</strong></span> <span class='ocrx_word' id='word_1_60' title='bbox 358 1824 455 1882; x_wconf 90' lang='lat' dir='ltr'><strong>eraut</strong></span> <span class='ocrx_word' id='word_1_61' title='bbox 479 1823 654 1901; x_wconf 85' lang='lat' dir='ltr'><strong>tamquam</strong></span> <span class='ocrx_word' id='word_1_62' title='bbox 681 1812 715 1881; x_wconf 90' lang='lat' dir='ltr'><strong>in</strong></span> <span class='ocrx_word' id='word_1_63' title='bbox 736 1811 996 1901; x_wconf 88' lang='lat' dir='ltr'><strong>jucundissimo</strong></span> <span class='ocrx_word' id='word_1_64' title='bbox 1020 1833 1097 1880; x_wconf 88' lang='lat' dir='ltr'><strong>vere</strong></span> <span class='ocrx_word' id='word_1_65' title='bbox 1115 1809 1264 1900; x_wconf 90' lang='lat' dir='ltr'><strong>pietatis.</strong></span> <span class='ocrx_word' id='word_1_66' title='bbox 1291 1813 1358 1878; x_wconf 83' lang='lat' dir='ltr'><strong>Hoc</strong></span> <span class='ocrx_word' id='word_1_67' title='bbox 1376 1825 1419 1874; x_wconf 89' lang='lat' dir='ltr'><strong>ai·</strong></span> 
     </span>
     <span class='ocr_line' id='line_1_11' title="bbox 174 1894 1420 1998; baseline -0.009 -28"><span class='ocrx_word' id='word_1_68' title='bbox 174 1913 241 1970; x_wconf 92' lang='lat' dir='ltr'><strong>tem</strong></span> <span class='ocrx_word' id='word_1_69' title='bbox 260 1923 337 1971; x_wconf 90' lang='lat' dir='ltr'><strong>vero</strong></span> <span class='ocrx_word' id='word_1_70' title='bbox 357 1901 527 1970; x_wconf 88' lang='lat' dir='ltr'><strong>iaciebant</strong></span> <span class='ocrx_word' id='word_1_71' title='bbox 551 1901 609 1970; x_wconf 88' lang='lat' dir='ltr'><strong>alii</strong></span> <span class='ocrx_word' id='word_1_72' title='bbox 634 1922 773 1988; x_wconf 91' lang='lat' dir='ltr'><strong>quoque</strong></span> <span class='ocrx_word' id='word_1_73' title='bbox 796 1923 837 1972; x_wconf 83' lang='lat' dir='ltr'><strong>ex</strong></span> <span class='ocrx_word' id='word_1_74' title='bbox 860 1899 1076 1980; x_wconf 74' lang='lat' dir='ltr'><strong>orthodoxis,</strong></span> <span class='ocrx_word' id='word_1_75' title='bbox 1095 1898 1156 1986; x_wconf 92' lang='lat' dir='ltr'><strong>qui</strong></span> <span class='ocrx_word' id='word_1_76' title='bbox 1179 1911 1213 1968; x_wconf 90' lang='lat' dir='ltr'><strong>et</strong></span> <span class='ocrx_word' id='word_1_77' title='bbox 1234 1894 1420 1998; x_wconf 69' lang='lat' dir='ltr'><strong>temporibus</strong></span> 
     </span>
     <span class='ocr_line' id='line_1_12' title="bbox 174 1983 1420 2090; baseline -0.007 -32"><span class='ocrx_word' id='word_1_78' title='bbox 174 2007 272 2060; x_wconf 88' lang='lat' dir='ltr'><strong>erant</strong></span> <span class='ocrx_word' id='word_1_79' title='bbox 288 1992 494 2079; x_wconf 88' lang='lat' dir='ltr'><strong>superiores,</strong></span> <span class='ocrx_word' id='word_1_80' title='bbox 513 2001 545 2060; x_wconf 95' lang='lat' dir='ltr'><strong>et</strong></span> <span class='ocrx_word' id='word_1_81' title='bbox 562 1988 697 2079; x_wconf 88' lang='lat' dir='ltr'><strong>pietatis</strong></span> <span class='ocrx_word' id='word_1_82' title='bbox 714 1989 841 2080; x_wconf 89' lang='lat' dir='ltr'><strong>dogma</strong></span> <span class='ocrx_word' id='word_1_83' title='bbox 856 2002 972 2090; x_wconf 88' lang='lat' dir='ltr'><strong>aperte</strong></span> <span class='ocrx_word' id='word_1_84' title='bbox 995 1987 1166 2058; x_wconf 86' lang='lat' dir='ltr'><strong>canebant</strong></span> <span class='ocrx_word' id='word_1_85' title='bbox 1180 1989 1273 2058; x_wconf 88' lang='lat' dir='ltr'><strong>sicut</strong></span> <span class='ocrx_word' id='word_1_86' title='bbox 1288 1983 1420 2056; x_wconf 81' lang='lat' dir='ltr'><strong>cicadae:</strong></span> 
     </span>
     <span class='ocr_line' id='line_1_13' title="bbox 176 2071 1420 2168; baseline -0.009 -20"><span class='ocrx_word' id='word_1_87' title='bbox 176 2080 425 2168; x_wconf 88' lang='lat' dir='ltr'><strong>praecaeteris</strong></span> <span class='ocrx_word' id='word_1_88' title='bbox 451 2099 527 2148; x_wconf 92' lang='lat' dir='ltr'><strong>vero</strong></span> <span class='ocrx_word' id='word_1_89' title='bbox 551 2079 732 2160; x_wconf 90' lang='lat' dir='ltr'><strong>omnibus,</strong></span> <span class='ocrx_word' id='word_1_90' title='bbox 759 2078 930 2149; x_wconf 82' lang='lat' dir='ltr'><strong>Ecclesiae</strong></span> <span class='ocrx_word' id='word_1_91' title='bbox 961 2089 1097 2148; x_wconf 89' lang='lat' dir='ltr'><strong>nostrae</strong></span> <span class='ocrx_word' id='word_1_92' title='bbox 1127 2077 1262 2148; x_wconf 92' lang='lat' dir='ltr'><strong>musica</strong></span> <span class='ocrx_word' id='word_1_93' title='bbox 1285 2071 1420 2145; x_wconf 89' lang='lat' dir='ltr'><strong>hirundo.</strong></span> 
     </span>
     <span class='ocr_line' id='line_1_14' title="bbox 175 2164 1420 2325; baseline -0.006 -89"><span class='ocrx_word' id='word_1_94' title='bbox 175 2169 234 2325; x_wconf 82' lang='lat' dir='ltr'><strong>qui</strong></span> <span class='ocrx_word' id='word_1_95' title='bbox 256 2180 393 2259; x_wconf 88' lang='lat' dir='ltr'><strong>propter</strong></span> <span class='ocrx_word' id='word_1_96' title='bbox 413 2178 539 2238; x_wconf 90' lang='lat' dir='ltr'><strong>rectam</strong></span> <span class='ocrx_word' id='word_1_97' title='bbox 557 2167 591 2236; x_wconf 94' lang='lat' dir='ltr'><strong>in</strong></span> <span class='ocrx_word' id='word_1_98' title='bbox 613 2167 681 2237; x_wconf 85' lang='lat' dir='ltr'><strong>lide</strong></span> <span class='ocrx_word' id='word_1_99' title='bbox 697 2168 915 2250; x_wconf 91' lang='lat' dir='ltr'><strong>sententiam,</strong></span> <span class='ocrx_word' id='word_1_100' title='bbox 933 2167 1019 2238; x_wconf 91' lang='lat' dir='ltr'><strong>etin</strong></span> <span class='ocrx_word' id='word_1_101' title='bbox 1036 2164 1226 2236; x_wconf 86' lang='lat' dir='ltr'><strong>eadicendi</strong></span> <span class='ocrx_word' id='word_1_102' title='bbox 1244 2164 1420 2235; x_wconf 87' lang='lat' dir='ltr'><strong>libertatem</strong></span> 
     </span>
     <span class='ocr_line' id='line_1_15' title="bbox 191 2255 1422 2346; baseline -0.009 -20"><span class='ocrx_word' id='word_1_103' title='bbox 191 2258 241 2326; x_wconf 89' lang='lat' dir='ltr'><strong>uit</strong></span> <span class='ocrx_word' id='word_1_104' title='bbox 264 2257 457 2327; x_wconf 88' lang='lat' dir='ltr'><strong>celebratus</strong></span> <span class='ocrx_word' id='word_1_105' title='bbox 481 2255 641 2346; x_wconf 70' lang='lat' dir='ltr'><strong>cyrillus.</strong></span> <span class='ocrx_word' id='word_1_106' title='bbox 668 2261 701 2325; x_wconf 94' lang='lat' dir='ltr'><strong>ls</strong></span> <span class='ocrx_word' id='word_1_107' title='bbox 729 2256 962 2326; x_wconf 84' lang='lat' dir='ltr'><strong>Nicomediam</strong></span> <span class='ocrx_word' id='word_1_108' title='bbox 989 2255 1144 2326; x_wconf 87' lang='lat' dir='ltr'><strong>moribus</strong></span> <span class='ocrx_word' id='word_1_109' title='bbox 1170 2256 1283 2345; x_wconf 88' lang='lat' dir='ltr'><strong>magis</strong></span> <span class='ocrx_word' id='word_1_110' title='bbox 1309 2271 1422 2322; x_wconf 83' lang='lat' dir='ltr'><strong>ornans.</strong></span> 
     </span>
     <span class='ocr_line' id='line_1_16' title="bbox 176 2342 1463 2435; baseline -0.01 -19"><span class='ocrx_word' id='word_1_111' title='bbox 176 2367 279 2434; x_wconf 86' lang='lat' dir='ltr'><strong>quam</strong></span> <span class='ocrx_word' id='word_1_112' title='bbox 307 2344 386 2416; x_wconf 89' lang='lat' dir='ltr'><strong>sede</strong></span> <span class='ocrx_word' id='word_1_113' title='bbox 410 2342 617 2435; x_wconf 85' lang='lat' dir='ltr'><strong>Episcopali,</strong></span> <span class='ocrx_word' id='word_1_114' title='bbox 642 2357 676 2413; x_wconf 93' lang='lat' dir='ltr'><strong>et</strong></span> <span class='ocrx_word' id='word_1_115' title='bbox 699 2347 802 2415; x_wconf 90' lang='lat' dir='ltr'><strong>vitam</strong></span> <span class='ocrx_word' id='word_1_116' title='bbox 828 2345 973 2415; x_wconf 86' lang='lat' dir='ltr'><strong>orationi</strong></span> <span class='ocrx_word' id='word_1_117' title='bbox 1000 2343 1132 2414; x_wconf 90' lang='lat' dir='ltr'><strong>babens</strong></span> <span class='ocrx_word' id='word_1_118' title='bbox 1165 2343 1422 2414; x_wconf 80' lang='lat' dir='ltr'><strong>consentientem.</strong></span> <span class='ocrx_word' id='word_1_119' title='bbox 1462 2367 1463 2370; x_wconf 38' lang='lat'>¹</span> 
     </span>
     <span class='ocr_line' id='line_1_17' title="bbox 177 2430 1423 2524; baseline -0.006 -21"><span class='ocrx_word' id='word_1_120' title='bbox 177 2434 385 2504; x_wconf 88' lang='lat' dir='ltr'><strong>monasteria</strong></span> <span class='ocrx_word' id='word_1_121' title='bbox 408 2433 648 2516; x_wconf 85' lang='lat' dir='ltr'><strong>constituebat,</strong></span> <span class='ocrx_word' id='word_1_122' title='bbox 667 2446 700 2504; x_wconf 91' lang='lat' dir='ltr'><strong>et</strong></span> <span class='ocrx_word' id='word_1_123' title='bbox 722 2455 840 2504; x_wconf 92' lang='lat' dir='ltr'><strong>eorum</strong></span> <span class='ocrx_word' id='word_1_124' title='bbox 861 2453 980 2504; x_wconf 89' lang='lat' dir='ltr'><strong>curam</strong></span> <span class='ocrx_word' id='word_1_125' title='bbox 1001 2433 1152 2524; x_wconf 83' lang='lat' dir='ltr'><strong>gerebat,</strong></span> <span class='ocrx_word' id='word_1_126' title='bbox 1171 2444 1205 2502; x_wconf 91' lang='lat' dir='ltr'><strong>et</strong></span> <span class='ocrx_word' id='word_1_127' title='bbox 1221 2453 1261 2502; x_wconf 88' lang='lat' dir='ltr'><strong>ea</strong></span> <span class='ocrx_word' id='word_1_128' title='bbox 1277 2453 1363 2519; x_wconf 90' lang='lat' dir='ltr'><strong>quae</strong></span> <span class='ocrx_word' id='word_1_129' title='bbox 1372 2430 1423 2519; x_wconf 85' lang='lat' dir='ltr'><strong>jai</strong></span> 
     </span>
     <span class='ocr_line' id='line_1_18' title="bbox 176 2521 1426 2612; baseline -0.004 -20"><span class='ocrx_word' id='word_1_130' title='bbox 176 2523 264 2594; x_wconf 86' lang='lat' dir='ltr'><strong>lacta</strong></span> <span class='ocrx_word' id='word_1_131' title='bbox 281 2523 416 2593; x_wconf 83' lang='lat' dir='ltr'><strong>fuerant</strong></span> <span class='ocrx_word' id='word_1_132' title='bbox 439 2523 631 2604; x_wconf 85' lang='lat' dir='ltr'><strong>continens,</strong></span> <span class='ocrx_word' id='word_1_133' title='bbox 651 2535 683 2592; x_wconf 93' lang='lat' dir='ltr'><strong>et</strong></span> <span class='ocrx_word' id='word_1_134' title='bbox 704 2544 789 2592; x_wconf 89' lang='lat' dir='ltr'><strong>nova</strong></span> <span class='ocrx_word' id='word_1_135' title='bbox 814 2535 948 2612; x_wconf 90' lang='lat' dir='ltr'><strong>praeter</strong></span> <span class='ocrx_word' id='word_1_136' title='bbox 971 2534 1083 2592; x_wconf 86' lang='lat' dir='ltr'><strong>vetera</strong></span> <span class='ocrx_word' id='word_1_137' title='bbox 1099 2521 1299 2592; x_wconf 88' lang='lat' dir='ltr'><strong>aedificans.</strong></span> <span class='ocrx_word' id='word_1_138' title='bbox 1327 2525 1426 2612; x_wconf 74' lang='lat' dir='ltr'><strong>dcun·</strong></span> 
     </span>
     <span class='ocr_line' id='line_1_19' title="bbox 178 2605 1427 2703; baseline -0.01 -21"><span class='ocrx_word' id='word_1_139' title='bbox 178 2635 237 2682; x_wconf 91' lang='lat' dir='ltr'><strong>sus</strong></span> <span class='ocrx_word' id='word_1_140' title='bbox 261 2633 353 2703; x_wconf 87' lang='lat' dir='ltr'><strong>ergo,</strong></span> <span class='ocrx_word' id='word_1_141' title='bbox 382 2633 549 2682; x_wconf 89' lang='lat' dir='ltr'><strong>accensus</strong></span> <span class='ocrx_word' id='word_1_142' title='bbox 572 2611 683 2682; x_wconf 88' lang='lat' dir='ltr'><strong>iuerat</strong></span> <span class='ocrx_word' id='word_1_143' title='bbox 707 2612 799 2702; x_wconf 90' lang='lat' dir='ltr'><strong>ignis</strong></span> <span class='ocrx_word' id='word_1_144' title='bbox 823 2611 881 2682; x_wconf 90' lang='lat' dir='ltr'><strong>ille</strong></span> <span class='ocrx_word' id='word_1_145' title='bbox 906 2611 1053 2702; x_wconf 82' lang='lat' dir='ltr'><strong>pictatia,</strong></span> <span class='ocrx_word' id='word_1_146' title='bbox 1079 2610 1122 2681; x_wconf 93' lang='lat' dir='ltr'><strong>de</strong></span> <span class='ocrx_word' id='word_1_147' title='bbox 1145 2631 1214 2697; x_wconf 93' lang='lat' dir='ltr'><strong>quo</strong></span> <span class='ocrx_word' id='word_1_148' title='bbox 1240 2609 1342 2679; x_wconf 89' lang='lat' dir='ltr'><strong>etiem</strong></span> <span class='ocrx_word' id='word_1_149' title='bbox 1366 2605 1427 2674; x_wconf 85' lang='lat' dir='ltr'><strong>dieii</strong></span> 
     </span>
     <span class='ocr_line' id='line_1_20' title="bbox 177 2699 1427 2858; baseline -0.001 -91"><span class='ocrx_word' id='word_1_150' title='bbox 177 2723 239 2770; x_wconf 87' lang='lat' dir='ltr'><strong>vox</strong></span> <span class='ocrx_word' id='word_1_151' title='bbox 265 2701 377 2858; x_wconf 71' lang='lat' dir='ltr'><strong>regia:</strong></span> <span class='ocrx_word' id='word_1_152' title='bbox 403 2705 520 2792; x_wconf 75' lang='lat' dir='ltr'><strong>Ignem</strong></span> <span class='ocrx_word' id='word_1_153' title='bbox 552 2703 631 2770; x_wconf 83' lang='lat' dir='ltr'><strong>oeni</strong></span> <span class='ocrx_word' id='word_1_154' title='bbox 651 2703 783 2771; x_wconf 81' lang='lat' dir='ltr'><strong>mittere</strong></span> <span class='ocrx_word' id='word_1_155' title='bbox 810 2703 846 2770; x_wconf 84' lang='lat' dir='ltr'><strong>in</strong></span> <span class='ocrx_word' id='word_1_156' title='bbox 873 2711 1022 2780; x_wconf 64' lang='lat' dir='ltr'><strong>terram·</strong></span> <span class='ocrx_word' id='word_1_157' title='bbox 1047 2711 1079 2769; x_wconf 90' lang='lat' dir='ltr'><strong>et</strong></span> <span class='ocrx_word' id='word_1_158' title='bbox 1105 2700 1188 2789; x_wconf 82' lang='lat' dir='ltr'><strong>quid</strong></span> <span class='ocrx_word' id='word_1_159' title='bbox 1210 2701 1286 2768; x_wconf 87' lang='lat' dir='ltr'><strong>volo</strong></span> <span class='ocrx_word' id='word_1_160' title='bbox 1319 2699 1380 2768; x_wconf 79' lang='lat' dir='ltr'><strong>uisi</strong></span> <span class='ocrx_word' id='word_1_161' title='bbox 1403 2705 1427 2758; x_wconf 80' lang='lat' dir='ltr'><strong>tit</strong></span> 
     </span>
     <span class='ocr_line' id='line_1_21' title="bbox 178 2787 1429 2879; baseline -0.006 -21"><span class='ocrx_word' id='word_1_162' title='bbox 178 2791 297 2860; x_wconf 78' lang='lat' dir='ltr'><strong>ardeat</strong></span> <span class='ocrx_word' id='word_1_163' title='bbox 339 2790 432 2879; x_wconf 83' lang='lat' dir='ltr'><strong>(Luc.</strong></span> <span class='ocrx_word' id='word_1_164' title='bbox 448 2790 519 2879; x_wconf 86' lang='lat' dir='ltr'><strong>iiii).</strong></span> <span class='ocrx_word' id='word_1_165' title='bbox 542 2790 606 2872; x_wconf 87' lang='lat' dir='ltr'><strong>Qui</strong></span> <span class='ocrx_word' id='word_1_166' title='bbox 629 2790 734 2859; x_wconf 89' lang='lat' dir='ltr'><strong>etiam</strong></span> <span class='ocrx_word' id='word_1_167' title='bbox 752 2800 885 2860; x_wconf 91' lang='lat' dir='ltr'><strong>tantum</strong></span> <span class='ocrx_word' id='word_1_168' title='bbox 907 2803 958 2860; x_wconf 91' lang='lat' dir='ltr'><strong>est</strong></span> <span class='ocrx_word' id='word_1_169' title='bbox 974 2789 1137 2869; x_wconf 84' lang='lat' dir='ltr'><strong>nutritus,</strong></span> <span class='ocrx_word' id='word_1_170' title='bbox 1157 2799 1189 2857; x_wconf 90' lang='lat' dir='ltr'><strong>et</strong></span> <span class='ocrx_word' id='word_1_171' title='bbox 1206 2799 1341 2858; x_wconf 87' lang='lat' dir='ltr'><strong>tantum</strong></span> <span class='ocrx_word' id='word_1_172' title='bbox 1356 2787 1429 2854; x_wconf 89' lang='lat' dir='ltr'><strong>iuva-</strong></span> 
     </span>
     <span class='ocr_line' id='line_1_22' title="bbox 179 2875 1431 2969; baseline -0.007 -23"><span class='ocrx_word' id='word_1_173' title='bbox 179 2877 255 2958; x_wconf 90' lang='lat' dir='ltr'><strong>iuit,</strong></span> <span class='ocrx_word' id='word_1_174' title='bbox 278 2890 316 2948; x_wconf 92' lang='lat' dir='ltr'><strong>ut</strong></span> <span class='ocrx_word' id='word_1_175' title='bbox 339 2878 442 2948; x_wconf 88' lang='lat' dir='ltr'><strong>etiam</strong></span> <span class='ocrx_word' id='word_1_176' title='bbox 468 2879 512 2948; x_wconf 86' lang='lat' dir='ltr'><strong>ad</strong></span> <span class='ocrx_word' id='word_1_177' title='bbox 536 2879 649 2969; x_wconf 87' lang='lat' dir='ltr'><strong>ipsam</strong></span> <span class='ocrx_word' id='word_1_178' title='bbox 672 2879 802 2948; x_wconf 90' lang='lat' dir='ltr'><strong>veniret</strong></span> <span class='ocrx_word' id='word_1_179' title='bbox 826 2878 966 2969; x_wconf 88' lang='lat' dir='ltr'><strong>regiam,</strong></span> <span class='ocrx_word' id='word_1_180' title='bbox 984 2891 1017 2948; x_wconf 90' lang='lat' dir='ltr'><strong>et</strong></span> <span class='ocrx_word' id='word_1_181' title='bbox 1034 2876 1152 2948; x_wconf 92' lang='lat' dir='ltr'><strong>multis</strong></span> <span class='ocrx_word' id='word_1_182' title='bbox 1166 2900 1207 2947; x_wconf 89' lang='lat' dir='ltr'><strong>eii</strong></span> <span class='ocrx_word' id='word_1_183' title='bbox 1224 2878 1268 2946; x_wconf 91' lang='lat' dir='ltr'><strong>iis</strong></span> <span class='ocrx_word' id='word_1_184' title='bbox 1284 2875 1431 2964; x_wconf 84' lang='lat' dir='ltr'><strong>quierant</strong></span> 
     </span>
     <span class='ocr_line' id='line_1_23' title="bbox 178 2965 1430 3056; baseline -0.008 -21"><span class='ocrx_word' id='word_1_185' title='bbox 178 2967 212 3035; x_wconf 92' lang='lat' dir='ltr'><strong>in</strong></span> <span class='ocrx_word' id='word_1_186' title='bbox 238 2967 324 3055; x_wconf 86' lang='lat' dir='ltr'><strong>ipsa,</strong></span> <span class='ocrx_word' id='word_1_187' title='bbox 348 2967 581 3056; x_wconf 90' lang='lat' dir='ltr'><strong>persuaderet,</strong></span> <span class='ocrx_word' id='word_1_188' title='bbox 601 2979 650 3048; x_wconf 92' lang='lat' dir='ltr'><strong>ut,</strong></span> <span class='ocrx_word' id='word_1_189' title='bbox 669 2967 787 3038; x_wconf 90' lang='lat' dir='ltr'><strong>relicto</strong></span> <span class='ocrx_word' id='word_1_190' title='bbox 804 2989 890 3037; x_wconf 90' lang='lat' dir='ltr'><strong>auro</strong></span> <span class='ocrx_word' id='word_1_191' title='bbox 904 2978 937 3038; x_wconf 91' lang='lat' dir='ltr'><strong>et</strong></span> <span class='ocrx_word' id='word_1_192' title='bbox 953 2965 1095 3047; x_wconf 91' lang='lat' dir='ltr'><strong>divitiis,</strong></span> <span class='ocrx_word' id='word_1_193' title='bbox 1116 2988 1206 3056; x_wconf 90' lang='lat' dir='ltr'><strong>quae</strong></span> <span class='ocrx_word' id='word_1_194' title='bbox 1226 2966 1321 3036; x_wconf 89' lang='lat' dir='ltr'><strong>hunc</strong></span> <span class='ocrx_word' id='word_1_195' title='bbox 1338 2965 1430 3054; x_wconf 81' lang='lat' dir='ltr'><strong>iguem</strong></span> 
     </span>
     <span class='ocr_line' id='line_1_24' title="bbox 178 3054 1432 3157; baseline -0.006 -32"><span class='ocrx_word' id='word_1_196' title='bbox 178 3056 395 3157; x_wconf 82' lang='lat' dir='ltr'><strong>extinguunt,</strong></span> <span class='ocrx_word' id='word_1_197' title='bbox 422 3077 479 3126; x_wconf 88' lang='lat' dir='ltr'><strong>eas</strong></span> <span class='ocrx_word' id='word_1_198' title='bbox 504 3057 539 3126; x_wconf 90' lang='lat' dir='ltr'><strong>iu</strong></span> <span class='ocrx_word' id='word_1_199' title='bbox 565 3077 691 3126; x_wconf 87' lang='lat' dir='ltr'><strong>manus</strong></span> <span class='ocrx_word' id='word_1_200' title='bbox 719 3077 913 3146; x_wconf 88' lang='lat' dir='ltr'><strong>pauperum</strong></span> <span class='ocrx_word' id='word_1_201' title='bbox 938 3055 1182 3138; x_wconf 86' lang='lat' dir='ltr'><strong>immitterent,</strong></span> <span class='ocrx_word' id='word_1_202' title='bbox 1209 3054 1432 3137; x_wconf 79' lang='lat' dir='ltr'><strong>Christumque</strong></span> 
     </span>
     <span class='ocr_line' id='line_1_25' title="bbox 178 3145 876 3235; baseline -0.001 -21"><span class='ocrx_word' id='word_1_203' title='bbox 178 3157 211 3214; x_wconf 91' lang='lat' dir='ltr'><strong>et</strong></span> <span class='ocrx_word' id='word_1_204' title='bbox 234 3166 309 3235; x_wconf 74' lang='lat' dir='ltr'><strong>ejus</strong></span> <span class='ocrx_word' id='word_1_205' title='bbox 335 3157 447 3234; x_wconf 89' lang='lat' dir='ltr'><strong>partes</strong></span> <span class='ocrx_word' id='word_1_206' title='bbox 471 3145 614 3215; x_wconf 91' lang='lat' dir='ltr'><strong>omnino</strong></span> <span class='ocrx_word' id='word_1_207' title='bbox 639 3157 876 3234; x_wconf 87' lang='lat' dir='ltr'><strong>sequerentur.</strong></span> 
     </span>
    </p>

    <p class='ocr_par' dir='ltr' id='par_1_7' title="bbox 179 3233 1433 4213">
     <span class='ocr_line' id='line_1_26' title="bbox 222 3233 1429 3322; baseline -0.01 -16"><span class='ocrx_word' id='word_1_208' title='bbox 222 3236 240 3322; x_wconf 66' lang='grc' dir='ltr'><strong>ἓ</strong></span> <span class='ocrx_word' id='word_1_209' title='bbox 267 3239 310 3306; x_wconf 67' lang='lat'><strong>2.</strong></span> <span class='ocrx_word' id='word_1_210' title='bbox 338 3237 421 3304; x_wconf 76' lang='lat' dir='ltr'><strong>tium</strong></span> <span class='ocrx_word' id='word_1_211' title='bbox 445 3234 529 3304; x_wconf 90' lang='lat' dir='ltr'><strong>haec</strong></span> <span class='ocrx_word' id='word_1_212' title='bbox 554 3247 668 3305; x_wconf 86' lang='lat' dir='ltr'><strong>autem</strong></span> <span class='ocrx_word' id='word_1_213' title='bbox 697 3233 887 3304; x_wconf 83' lang='lat' dir='ltr'><strong>audivisset</strong></span> <span class='ocrx_word' id='word_1_214' title='bbox 915 3233 1168 3312; x_wconf 86' lang='lat' dir='ltr'><strong>Maximianus,</strong></span> <span class='ocrx_word' id='word_1_215' title='bbox 1197 3253 1267 3302; x_wconf 92' lang='lat' dir='ltr'><strong>nou</strong></span> <span class='ocrx_word' id='word_1_216' title='bbox 1293 3241 1383 3302; x_wconf 87' lang='lat' dir='ltr'><strong>erent</strong></span> <span class='ocrx_word' id='word_1_217' title='bbox 1403 3247 1429 3294; x_wconf 85' lang='lat' dir='ltr'><strong>ea</strong></span> 
     </span>
     <span class='ocr_line' id='line_1_27' title="bbox 182 3319 1429 3412; baseline -0.008 -20"><span class='ocrx_word' id='word_1_218' title='bbox 182 3325 324 3393; x_wconf 92' lang='lat' dir='ltr'><strong>omnino</strong></span> <span class='ocrx_word' id='word_1_219' title='bbox 348 3322 556 3393; x_wconf 86' lang='lat' dir='ltr'><strong>tolerabilia:</strong></span> <span class='ocrx_word' id='word_1_220' title='bbox 579 3323 638 3392; x_wconf 90' lang='lat' dir='ltr'><strong>sed</strong></span> <span class='ocrx_word' id='word_1_221' title='bbox 667 3345 748 3394; x_wconf 88' lang='lat' dir='ltr'><strong>cum</strong></span> <span class='ocrx_word' id='word_1_222' title='bbox 773 3323 876 3393; x_wconf 89' lang='lat' dir='ltr'><strong>etiam</strong></span> <span class='ocrx_word' id='word_1_223' title='bbox 902 3319 1031 3412; x_wconf 84' lang='lat' dir='ltr'><strong>duplex</strong></span> <span class='ocrx_word' id='word_1_224' title='bbox 1051 3321 1082 3392; x_wconf 92' lang='lat' dir='ltr'><strong>ei</strong></span> <span class='ocrx_word' id='word_1_225' title='bbox 1110 3320 1241 3392; x_wconf 92' lang='lat' dir='ltr'><strong>bellum</strong></span> <span class='ocrx_word' id='word_1_226' title='bbox 1271 3343 1331 3392; x_wconf 91' lang='lat' dir='ltr'><strong>eru</strong></span> <span class='ocrx_word' id='word_1_227' title='bbox 1357 3321 1429 3388; x_wconf 86' lang='lat' dir='ltr'><strong>isset.</strong></span> 
     </span>
     <span class='ocr_line' id='line_1_28' title="bbox 179 3343 1430 3504; baseline -0.003 -24"><span class='ocrx_word' id='word_1_228' title='bbox 179 3432 326 3499; x_wconf 91' lang='lat' dir='ltr'><strong>quorum</strong></span> <span class='ocrx_word' id='word_1_229' title='bbox 352 3411 426 3502; x_wconf 91' lang='lat' dir='ltr'><strong>ipse</strong></span> <span class='ocrx_word' id='word_1_230' title='bbox 449 3411 589 3499; x_wconf 91' lang='lat' dir='ltr'><strong>quidem</strong></span> <span class='ocrx_word' id='word_1_231' title='bbox 616 3432 727 3482; x_wconf 93' lang='lat' dir='ltr'><strong>unum</strong></span> <span class='ocrx_word' id='word_1_232' title='bbox 757 3410 914 3482; x_wconf 91' lang='lat' dir='ltr'><strong>movebat</strong></span> <span class='ocrx_word' id='word_1_233' title='bbox 944 3423 1065 3482; x_wconf 88' lang='lat' dir='ltr'><strong>contra</strong></span> <span class='ocrx_word' id='word_1_234' title='bbox 1094 3410 1280 3500; x_wconf 83' lang='lat' dir='ltr'><strong>pietatem3</strong></span> <span class='ocrx_word' id='word_1_235' title='bbox 1310 3343 1430 3504; x_wconf 62' lang='lat' dir='ltr'><strong>alierum</strong></span> 
     </span>
     <span class='ocr_line' id='line_1_29' title="bbox 181 3495 1433 3590; baseline -0.002 -23"><span class='ocrx_word' id='word_1_236' title='bbox 181 3522 258 3570; x_wconf 88' lang='lat' dir='ltr'><strong>vero</strong></span> <span class='ocrx_word' id='word_1_237' title='bbox 277 3514 394 3570; x_wconf 89' lang='lat' dir='ltr'><strong>contra</strong></span> <span class='ocrx_word' id='word_1_238' title='bbox 415 3501 531 3590; x_wconf 89' lang='lat' dir='ltr'><strong>ipsum</strong></span> <span class='ocrx_word' id='word_1_239' title='bbox 550 3501 720 3587; x_wconf 87' lang='lat' dir='ltr'><strong>quaedam</strong></span> <span class='ocrx_word' id='word_1_240' title='bbox 739 3513 870 3590; x_wconf 82' lang='lat' dir='ltr'><strong>gentes,</strong></span> <span class='ocrx_word' id='word_1_241' title='bbox 889 3501 989 3570; x_wconf 88' lang='lat' dir='ltr'><strong>abeo</strong></span> <span class='ocrx_word' id='word_1_242' title='bbox 1008 3497 1099 3570; x_wconf 85' lang='lat' dir='ltr'><strong>ballo</strong></span> <span class='ocrx_word' id='word_1_243' title='bbox 1119 3498 1285 3582; x_wconf 82' lang='lat' dir='ltr'><strong>devictae,</strong></span> <span class='ocrx_word' id='word_1_244' title='bbox 1302 3501 1372 3588; x_wconf 84' lang='lat' dir='ltr'><strong>ejus</strong></span> <span class='ocrx_word' id='word_1_245' title='bbox 1386 3495 1433 3564; x_wconf 83' lang='lat' dir='ltr'><strong>dii</strong></span> 
     </span>
     <span class='ocr_line' id='line_1_30' title="bbox 180 3580 1432 3689; baseline -0.002 -32"><span class='ocrx_word' id='word_1_246' title='bbox 180 3588 435 3660; x_wconf 85' lang='lat' dir='ltr'><strong>distrahebatur</strong></span> <span class='ocrx_word' id='word_1_247' title='bbox 459 3589 610 3660; x_wconf 92' lang='lat' dir='ltr'><strong>animus.</strong></span> <span class='ocrx_word' id='word_1_248' title='bbox 628 3594 711 3660; x_wconf 81' lang='lat' dir='ltr'><strong>Cum</strong></span> <span class='ocrx_word' id='word_1_249' title='bbox 732 3611 810 3660; x_wconf 91' lang='lat' dir='ltr'><strong>vero</strong></span> <span class='ocrx_word' id='word_1_250' title='bbox 825 3589 1077 3659; x_wconf 88' lang='lat' dir='ltr'><strong>considerasset</strong></span> <span class='ocrx_word' id='word_1_251' title='bbox 1092 3600 1250 3689; x_wconf 87' lang='lat' dir='ltr'><strong>oportere</strong></span> <span class='ocrx_word' id='word_1_252' title='bbox 1270 3588 1364 3680; x_wconf 86' lang='lat' dir='ltr'><strong>prius</strong></span> <span class='ocrx_word' id='word_1_253' title='bbox 1378 3580 1432 3654; x_wconf 87' lang='lat' dir='ltr'><strong>bel·</strong></span> 
     </span>
     <span class='ocr_line' id='line_1_31' title="bbox 181 3673 1429 3768; baseline -0.008 -22"><span class='ocrx_word' id='word_1_254' title='bbox 181 3677 251 3746; x_wconf 92' lang='lat' dir='ltr'><strong>lum</strong></span> <span class='ocrx_word' id='word_1_255' title='bbox 267 3678 435 3748; x_wconf 89' lang='lat' dir='ltr'><strong>conficere</strong></span> <span class='ocrx_word' id='word_1_256' title='bbox 445 3677 730 3760; x_wconf 76' lang='lat' dir='ltr'><strong>barbarorum**,</strong></span> <span class='ocrx_word' id='word_1_257' title='bbox 748 3689 787 3748; x_wconf 91' lang='lat' dir='ltr'><strong>ut</strong></span> <span class='ocrx_word' id='word_1_258' title='bbox 798 3677 891 3766; x_wconf 89' lang='lat' dir='ltr'><strong>quod</strong></span> <span class='ocrx_word' id='word_1_259' title='bbox 908 3689 996 3750; x_wconf 91' lang='lat' dir='ltr'><strong>esset</strong></span> <span class='ocrx_word' id='word_1_260' title='bbox 1013 3676 1213 3760; x_wconf 80' lang='lat' dir='ltr'><strong>terribilius,</strong></span> <span class='ocrx_word' id='word_1_261' title='bbox 1231 3673 1429 3768; x_wconf 85' lang='lat' dir='ltr'><strong>«religionis.</strong></span> 
     </span>
     <span class='ocr_line' id='line_1_32' title="bbox 182 3763 1431 3858; baseline -0.002 -23"><span class='ocrx_word' id='word_1_262' title='bbox 182 3767 305 3854; x_wconf 91' lang='lat' dir='ltr'><strong>inquit,</strong></span> <span class='ocrx_word' id='word_1_263' title='bbox 325 3767 455 3838; x_wconf 92' lang='lat' dir='ltr'><strong>beilum</strong></span> <span class='ocrx_word' id='word_1_264' title='bbox 473 3789 630 3838; x_wconf 87' lang='lat' dir='ltr'><strong>reversus</strong></span> <span class='ocrx_word' id='word_1_265' title='bbox 651 3778 723 3838; x_wconf 91' lang='lat' dir='ltr'><strong>tuto</strong></span> <span class='ocrx_word' id='word_1_266' title='bbox 740 3767 894 3850; x_wconf 88' lang='lat' dir='ltr'><strong>movebo,</strong></span> <span class='ocrx_word' id='word_1_267' title='bbox 912 3779 944 3837; x_wconf 91' lang='lat' dir='ltr'><strong>et</strong></span> <span class='ocrx_word' id='word_1_268' title='bbox 965 3766 1085 3858; x_wconf 90' lang='lat' dir='ltr'><strong>pulcre</strong></span> <span class='ocrx_word' id='word_1_269' title='bbox 1099 3765 1229 3837; x_wconf 87' lang='lat' dir='ltr'><strong>docebo</strong></span> <span class='ocrx_word' id='word_1_270' title='bbox 1249 3789 1328 3838; x_wconf 91' lang='lat' dir='ltr'><strong>cum</strong></span> <span class='ocrx_word' id='word_1_271' title='bbox 1347 3763 1431 3851; x_wconf 89' lang='lat' dir='ltr'><strong>majo·</strong></span> 
     </span>
     <span class='ocr_line' id='line_1_33' title="bbox 180 3855 1429 3947; baseline -0.004 -22"><span class='ocrx_word' id='word_1_272' title='bbox 180 3879 259 3927; x_wconf 91' lang='lat' dir='ltr'><strong>rum</strong></span> <span class='ocrx_word' id='word_1_273' title='bbox 280 3877 434 3927; x_wconf 85' lang='lat' dir='ltr'><strong>meorum</strong></span> <span class='ocrx_word' id='word_1_274' title='bbox 456 3856 535 3938; x_wconf 90' lang='lat' dir='ltr'><strong>diis,</strong></span> <span class='ocrx_word' id='word_1_275' title='bbox 562 3879 619 3926; x_wconf 90' lang='lat' dir='ltr'><strong>eos</strong></span> <span class='ocrx_word' id='word_1_276' title='bbox 643 3857 704 3944; x_wconf 88' lang='lat' dir='ltr'><strong>qui</strong></span> <span class='ocrx_word' id='word_1_277' title='bbox 720 3857 814 3947; x_wconf 91' lang='lat' dir='ltr'><strong>ipsos</strong></span> <span class='ocrx_word' id='word_1_278' title='bbox 839 3855 995 3926; x_wconf 89' lang='lat' dir='ltr'><strong>alliciunt</strong></span> <span class='ocrx_word' id='word_1_279' title='bbox 1018 3855 1252 3937; x_wconf 89' lang='lat' dir='ltr'><strong>contumeliis,</strong></span> <span class='ocrx_word' id='word_1_280' title='bbox 1276 3868 1429 3942; x_wconf 81' lang='lat' dir='ltr'><strong>nunquan</strong></span> 
     </span>
     <span class='ocr_line' id='line_1_34' title="bbox 180 3941 1428 4032; baseline -0.009 -18"><span class='ocrx_word' id='word_1_281' title='bbox 180 3947 229 4016; x_wconf 89' lang='lat' dir='ltr'><strong>eis</strong></span> <span class='ocrx_word' id='word_1_282' title='bbox 249 3957 318 4015; x_wconf 88' lang='lat' dir='ltr'><strong>tam</strong></span> <span class='ocrx_word' id='word_1_283' title='bbox 344 3945 561 4015; x_wconf 82' lang='lat' dir='ltr'><strong>vehementer</strong></span> <span class='ocrx_word' id='word_1_284' title='bbox 576 3958 608 4016; x_wconf 93' lang='lat' dir='ltr'><strong>et</strong></span> <span class='ocrx_word' id='word_1_285' title='bbox 625 3957 693 4015; x_wconf 89' lang='lat' dir='ltr'><strong>tam</strong></span> <span class='ocrx_word' id='word_1_286' title='bbox 720 3957 846 4016; x_wconf 88' lang='lat' dir='ltr'><strong>temere</strong></span> <span class='ocrx_word' id='word_1_287' title='bbox 863 3945 1043 4016; x_wconf 87' lang='lat' dir='ltr'><strong>insultare.</strong></span> <span class='ocrx_word' id='word_1_288' title='bbox 1064 3968 1083 4011; x_wconf 79' lang='lat' dir='ltr'><strong>v</strong></span> <span class='ocrx_word' id='word_1_289' title='bbox 1102 3949 1184 4014; x_wconf 88' lang='lat' dir='ltr'><strong>Cum</strong></span> <span class='ocrx_word' id='word_1_290' title='bbox 1203 3945 1298 4015; x_wconf 84' lang='lat' dir='ltr'><strong>issia</strong></span> <span class='ocrx_word' id='word_1_291' title='bbox 1314 3941 1428 4032; x_wconf 85' lang='lat' dir='ltr'><strong>quiden</strong></span> 
     </span>
     <span class='ocr_line' id='line_1_35' title="bbox 181 4027 1428 4125; baseline -0.003 -24"><span class='ocrx_word' id='word_1_292' title='bbox 181 4045 213 4104; x_wconf 91' lang='lat' dir='ltr'><strong>et</strong></span> <span class='ocrx_word' id='word_1_293' title='bbox 237 4033 334 4103; x_wconf 87' lang='lat' dir='ltr'><strong>labra</strong></span> <span class='ocrx_word' id='word_1_294' title='bbox 358 4035 391 4102; x_wconf 94' lang='lat' dir='ltr'><strong>in</strong></span> <span class='ocrx_word' id='word_1_295' title='bbox 414 4033 516 4103; x_wconf 88' lang='lat' dir='ltr'><strong>corde</strong></span> <span class='ocrx_word' id='word_1_296' title='bbox 535 4033 666 4116; x_wconf 89' lang='lat' dir='ltr'><strong>dolosa,</strong></span> <span class='ocrx_word' id='word_1_297' title='bbox 693 4046 724 4103; x_wconf 92' lang='lat' dir='ltr'><strong>et</strong></span> <span class='ocrx_word' id='word_1_298' title='bbox 745 4035 900 4125; x_wconf 87' lang='lat' dir='ltr'><strong>linguam</strong></span> <span class='ocrx_word' id='word_1_299' title='bbox 921 4034 1082 4105; x_wconf 88' lang='lat' dir='ltr'><strong>movisset</strong></span> <span class='ocrx_word' id='word_1_300' title='bbox 1100 4055 1227 4124; x_wconf 87' lang='lat' dir='ltr'><strong>magna</strong></span> <span class='ocrx_word' id='word_1_301' title='bbox 1249 4047 1282 4103; x_wconf 93' lang='lat' dir='ltr'><strong>et</strong></span> <span class='ocrx_word' id='word_1_302' title='bbox 1306 4027 1428 4122; x_wconf 76' lang='lat' dir='ltr'><strong>superba</strong></span> 
     </span>
     <span class='ocr_line' id='line_1_36' title="bbox 182 4119 1428 4213; baseline -0.003 -25"><span class='ocrx_word' id='word_1_303' title='bbox 182 4121 390 4210; x_wconf 89' lang='lat' dir='ltr'><strong>loquentem,</strong></span> <span class='ocrx_word' id='word_1_304' title='bbox 410 4144 568 4213; x_wconf 87' lang='lat' dir='ltr'><strong>egressus</strong></span> <span class='ocrx_word' id='word_1_305' title='bbox 583 4135 633 4194; x_wconf 92' lang='lat' dir='ltr'><strong>est</strong></span> <span class='ocrx_word' id='word_1_306' title='bbox 649 4137 768 4194; x_wconf 88' lang='lat' dir='ltr'><strong>contra</strong></span> <span class='ocrx_word' id='word_1_307' title='bbox 782 4125 961 4194; x_wconf 91' lang='lat' dir='ltr'><strong>Barbaros.</strong></span> <span class='ocrx_word' id='word_1_308' title='bbox 981 4123 1118 4192; x_wconf 92' lang='lat' dir='ltr'><strong>Piorum</strong></span> <span class='ocrx_word' id='word_1_309' title='bbox 1137 4134 1252 4193; x_wconf 89' lang='lat' dir='ltr'><strong>autem</strong></span> <span class='ocrx_word' id='word_1_310' title='bbox 1271 4122 1324 4193; x_wconf 86' lang='lat' dir='ltr'><strong>iar</strong></span> <span class='ocrx_word' id='word_1_311' title='bbox 1338 4119 1428 4190; x_wconf 84' lang='lat' dir='ltr'><strong>adbuc</strong></span> 
     </span>
    </p>
   </div>
   <div class='ocr_carea' id='block_1_7' title="bbox 183 4309 1427 4422">
    <p class='ocr_par' dir='ltr' id='par_1_8' title="bbox 183 4309 1427 4422">
     <span class='ocr_line' id='line_1_37' title="bbox 208 4309 1427 4371; baseline -0.001 -18"><span class='ocrx_word' id='word_1_312' title='bbox 208 4317 219 4337; x_wconf 76' lang='lat'><strong><em>⁴</em></strong></span> <span class='ocrx_word' id='word_1_313' title='bbox 234 4317 291 4355; x_wconf 79' lang='lat' dir='ltr'><strong>ncta</strong></span> <span class='ocrx_word' id='word_1_314' title='bbox 304 4319 361 4357; x_wconf 85' lang='lat' dir='ltr'><strong>baec</strong></span> <span class='ocrx_word' id='word_1_315' title='bbox 377 4319 414 4359; x_wconf 83' lang='lat' dir='ltr'><strong>ss.</strong></span> <span class='ocrx_word' id='word_1_316' title='bbox 430 4319 562 4367; x_wconf 79' lang='lat' dir='ltr'><strong>Martyrum</strong></span> <span class='ocrx_word' id='word_1_317' title='bbox 573 4319 793 4365; x_wconf 68' lang='lat' dir='ltr'><strong>nicomediensium,</strong></span> <span class='ocrx_word' id='word_1_318' title='bbox 805 4321 868 4360; x_wconf 88' lang='lat' dir='ltr'><strong>ouini</strong></span> <span class='ocrx_word' id='word_1_319' title='bbox 879 4331 906 4360; x_wconf 84' lang='lat' dir='ltr'><strong>ex</strong></span> <span class='ocrx_word' id='word_1_320' title='bbox 918 4321 984 4371; x_wconf 85' lang='lat' dir='ltr'><strong>porte</strong></span> <span class='ocrx_word' id='word_1_321' title='bbox 995 4320 1137 4366; x_wconf 63' lang='lat' dir='ltr'><strong>examinate,</strong></span> <span class='ocrx_word' id='word_1_322' title='bbox 1147 4319 1288 4362; x_wconf 76' lang='lat' dir='ltr'><strong>invenimus.</strong></span> <span class='ocrx_word' id='word_1_323' title='bbox 1297 4321 1326 4360; x_wconf 76' lang='lat' dir='ltr'><strong>sit</strong></span> <span class='ocrx_word' id='word_1_324' title='bbox 1336 4309 1427 4358; x_wconf 74' lang='lat' dir='ltr'><strong>narrum</strong></span> 
     </span>
     <span class='ocr_line' id='line_1_38' title="bbox 183 4368 892 4422; baseline 0.013 -18"><span class='ocrx_word' id='word_1_325' title='bbox 183 4368 206 4406; x_wconf 85' lang='lat' dir='ltr'><strong>iu</strong></span> <span class='ocrx_word' id='word_1_326' title='bbox 219 4370 345 4414; x_wconf 65' lang='lat' dir='ltr'><strong>Australibus.</strong></span> <span class='ocrx_word' id='word_1_327' title='bbox 355 4373 436 4418; x_wconf 68' lang='lat' dir='ltr'><strong>ttfluols</strong></span> <span class='ocrx_word' id='word_1_328' title='bbox 447 4369 589 4422; x_wconf 80' lang='lat' dir='ltr'><strong>quibusdam</strong></span> <span class='ocrx_word' id='word_1_329' title='bbox 600 4373 737 4419; x_wconf 84' lang='lat' dir='ltr'><strong>emendatis,</strong></span> <span class='ocrx_word' id='word_1_330' title='bbox 747 4373 892 4414; x_wconf 81' lang='lat' dir='ltr'><strong>fidelissima.</strong></span> 
     </span>
    </p>
   </div>
   <div class='ocr_carea' id='block_1_8' title="bbox 209 4419 1311 4478">
    <p class='ocr_par' dir='ltr' id='par_1_9' title="bbox 209 4419 1311 4478">
     <span class='ocr_line' id='line_1_39' title="bbox 209 4419 1311 4478; baseline 0.005 -20"><span class='ocrx_word' id='word_1_331' title='bbox 209 4421 235 4444; x_wconf 65' lang='lat' dir='ltr'><strong>aa</strong></span> <span class='ocrx_word' id='word_1_332' title='bbox 250 4419 333 4462; x_wconf 79' lang='lat' dir='ltr'><strong>Peritos</strong></span> <span class='ocrx_word' id='word_1_333' title='bbox 343 4424 455 4475; x_wconf 79' lang='lat' dir='ltr'><strong>intellige,</strong></span> <span class='ocrx_word' id='word_1_334' title='bbox 465 4435 524 4476; x_wconf 87' lang='lat' dir='ltr'><strong>quoa</strong></span> <span class='ocrx_word' id='word_1_335' title='bbox 534 4426 695 4467; x_wconf 76' lang='lat' dir='ltr'><strong>Diocletianus</strong></span> <span class='ocrx_word' id='word_1_336' title='bbox 706 4427 753 4467; x_wconf 86' lang='lat' dir='ltr'><strong>unt</strong></span> <span class='ocrx_word' id='word_1_337' title='bbox 764 4438 817 4467; x_wconf 86' lang='lat' dir='ltr'><strong>cum</strong></span> <span class='ocrx_word' id='word_1_338' title='bbox 828 4429 917 4478; x_wconf 81' lang='lat' dir='ltr'><strong>collega</strong></span> <span class='ocrx_word' id='word_1_339' title='bbox 926 4427 1075 4476; x_wconf 73' lang='lat' dir='ltr'><strong>Maximiano,</strong></span> <span class='ocrx_word' id='word_1_340' title='bbox 1084 4427 1127 4468; x_wconf 86' lang='lat' dir='ltr'><strong>hue</strong></span> <span class='ocrx_word' id='word_1_341' title='bbox 1139 4435 1206 4473; x_wconf 81' lang='lat' dir='ltr'><strong>anau,</strong></span> <span class='ocrx_word' id='word_1_342' title='bbox 1215 4425 1311 4478; x_wconf 77' lang='lat' dir='ltr'><strong>subegit.</strong></span> 
     </span>
    </p>
   </div>
   <div class='ocr_carea' id='block_1_9' title="bbox 0 0 1495 4788">
    <p class='ocr_par' dir='ltr' id='par_1_10' title="bbox 0 0 1495 4788">
     <span class='ocr_line' id='line_1_40' title="bbox 0 0 1495 4788; baseline 0 0"><span class='ocrx_word' id='word_1_343' title='bbox 0 0 1495 4788; x_wconf 95' lang='lat' dir='ltr'><strong> </strong></span> 
     </span>
    </p>
   </div>
  </div>
 </body>
</html>
