2994 4832
248 309 311 374 llb
336 359 340 374 .
600 325 638 370 ns
663 324 690 370 s.
718 323 797 370 saun
820 324 890 370 aaa.
918 323 955 370 ar
979 323 1069 372 conr.
1177 338 1182 360 ι
1337 305 1420 370 buu.
1445 309 1461 370 5

203 411 440 481 Patriarobae:
466 430 573 495 eoque
598 408 631 476 in
649 408 737 494 ejus,
755 407 845 494 quod
871 421 1045 491 statuerat,
1073 408 1227 479 adhibito
1260 408 1459 489 societatem,

203 499 282 568 illos
302 521 319 568 e
344 503 453 569 Laura
477 495 626 586 expellit.
650 501 720 567 Non
746 497 894 566 multum
920 498 1082 586 temporis
1105 498 1308 578 intercessit,
1334 509 1461 568 etcum

203 609 223 659 e
239 589 305 656 vita
321 586 519 656 excessisset
534 585 636 666 Elias,
659 599 697 654 ut
711 584 873 675 deinceps
888 587 1039 687 apertius
1056 586 1210 656 ostendet
1230 585 1350 667 oratio,
1377 608 1462 654 ecce·

203 677 288 745 dens
312 681 452 746 Nonnus
476 695 555 744 curn
581 674 653 742 suis
669 672 712 742 ad
738 695 831 755 eum,
860 697 921 761 qur
947 674 997 742 illi
1021 676 1198 756 successit,
1221 674 1459 756 Patriarcbam,

204 765 371 854 rogabant
395 775 432 834 ut
448 784 570 833 rursus
586 761 846 832 restituerentur
870 768 1011 845 Laurae‚
1038 786 1056 832 a
1081 786 1148 850 qua
1164 763 1325 832 dicebant
1348 784 1383 832 se
1401 785 1460 832 non

197 853 290 943 juste
309 873 369 922 nec
388 863 475 922 recte
491 851 596 922 luisse
615 850 787 1008 expulsos.
805 851 866 922 Ille
882 873 960 921 vero
973 874 1052 922 cum
1072 852 1140 922 alia
1155 851 1295 939 quidem
1315 852 1462 921 noudum

200 941 313 1022 sciret,
343 941 402 1010 sed
427 940 539 1011 solum
564 961 620 1009 eos
665 940 755 1010 uisse
784 939 981 1028 expulsosa
1006 945 1071 1010 Deo
1095 941 1218 1010 dilecto
1249 945 1408 1031 Agapeto,
1438 953 1463 1008 et

200 1030 427 1100 existimasset
452 1028 550 1098 illum
576 1028 687 1098 virum
714 1027 799 1097 nibil
826 1027 947 1102 secisse
971 1051 1032 1099 nec
1051 1029 1177 1100 dixisse
1197 1043 1256 1099 aut
1280 1029 1388 1119 gratia
1411 1039 1464 1098 aut

200 1118 278 1188 odio
302 1127 523 1196 commotum,
545 1137 622 1186 eum
642 1116 753 1186 statim
772 1117 926 1197 accersit,
943 1127 1105 1206 rogatque
1130 1139 1214 1188 num
1239 1117 1314 1187 fieri
1338 1129 1459 1206 posset,

199 1219 239 1276 ut
254 1205 303 1275 illi
328 1229 449 1278 rursus
466 1205 736 1275 admitterentur.
753 1211 833 1275 Cum
861 1207 890 1276 is
909 1220 1024 1275 autem
1049 1207 1190 1276 dixisset
1207 1229 1273 1276 non
1296 1205 1409 1286 licere,
1436 1219 1462 1276 et

202 1317 238 1365 se
260 1295 361 1365 malle
378 1294 473 1364 illinc
502 1292 669 1374 recedere,
696 1315 799 1381 quam
826 1294 937 1364 ridere
962 1295 1040 1364 illos
1063 1295 1097 1363 in
1119 1315 1222 1366 suum
1252 1316 1387 1385 gregem
1416 1315 1462 1363 re-

201 1383 298 1465 latoS,
324 1384 384 1471 qui
409 1395 490 1452 sunt
506 1383 598 1471 pleni
619 1381 677 1451 tali
701 1383 914 1473 contagione,
933 1384 1007 1474 ipse
1027 1405 1163 1472 quoque
1186 1405 1244 1453 eos
1263 1383 1462 1452 abominan-

200 1471 262 1540 dos
286 1473 449 1541 amandat
468 1470 674 1540 Patriaroha.
706 1471 769 1541 Sed
794 1493 873 1540 cum
902 1475 1072 1574 Agapetus
1094 1493 1231 1560 quoque
1265 1486 1340 1561 post
1369 1471 1461 1552 baec,

200 1561 321 1647 quinto
337 1582 428 1630 anno
452 1573 630 1649 susceptae
654 1559 979 1642 administrationis,
1007 1562 1187 1652 migrasset
1206 1561 1248 1630 ad
1268 1561 1460 1640 Dominum,

200 1662 232 1718 et
248 1649 386 1720 cuidam
403 1649 584 1718 Maemanti
612 1649 797 1718 commissa
817 1649 937 1720 fuisset
961 1649 1105 1720 fratrum
1134 1642 1357 1740 praefectura,
1376 1654 1463 1719 Non-

179 1759 365 1812 nuscum
391 1739 463 1808 suis
487 1749 662 1826 tamquam
685 1749 791 1806 morte
816 1738 954 1828 Agapeti
978 1760 1097 1808 ansam
1128 1739 1340 1829 accepissent
1365 1737 1463 1807 liber-

200 1827 289 1908 tatis,
317 1839 532 1896 revertuntur
558 1826 600 1895 ad
627 1830 784 1906 Lauram,
819 1839 852 1894 et
872 1827 910 1895 'in
939 1849 978 1897 ea
1001 1827 1199 1897 clanculum
1233 1827 1464 1916 subjiciuntur

199 1915 399 1986 Maemantis
416 1914 716 1994 administrationi,
737 1915 929 2004 malignum
954 1915 1094 2003 quidem
1121 1915 1279 1986 morbum
1297 1915 1412 1985 adbuc
1433 1917 1462 1983 in

199 2004 325 2072 animis
348 2003 595 2073 inhabitantem
624 2003 913 2086 circumferentes,
941 2004 999 2074 sed
1023 2025 1127 2092 quem
1157 2016 1249 2074 metu
1266 2004 1373 2073 Sabae
1398 2027 1461 2072 non

197 2091 426 2251 Eroserebant,
450 2113 522 2162 neo
554 2091 595 2162 ad
628 2091 774 2162 aliorum
801 2114 902 2162 aures
927 2092 1100 2164 audebant
1131 2095 1373 2162 transmittere.
1402 2093 1461 2162 Sed

223 2203 281 2250 aec
305 2181 444 2268 quidem
464 2181 505 2250 de
522 2181 575 2263 iis,
602 2203 689 2268 quae
714 2181 748 2248 in
774 2185 883 2250 Laura
908 2194 1023 2271 postca
1046 2181 1266 2270 acciderunt,
1289 2195 1328 2250 ut
1354 2193 1461 2250 osten-

197 2269 322 2340 damus
345 2293 384 2339 ea
404 2270 567 2351 evenisse,
594 2291 682 2357 quae
705 2273 851 2340 loannes
901 2269 1099 2341 raedixerat.
1127 2275 1223 2340 Nunc
1248 2267 1307 2339 illa
1330 2291 1459 2357 quoque

198 2379 335 2428 necesse
359 2371 409 2428 est
435 2357 603 2448 persequi,
624 2369 809 2445 quaesunt
832 2293 1040 2430 defectatura
1063 2380 1165 2428 aures
1195 2359 1329 2429 virtutis
1354 2381 1461 2428 aman·

197 2457 258 2527 tes,
287 2459 319 2516 et
342 2447 497 2517 animum
516 2447 565 2516 sic
580 2447 737 2516 allectum
763 2449 1013 2518 exsuscitatura
1035 2446 1376 2520 adaemulationem.

241 2538 258 2622 ξ
282 2539 353 2608 41.
380 2539 460 2604 Cum
487 2534 618 2616 fratres,
645 2535 704 2622 qui
724 2535 926 2616 defecerant,
946 2537 1052 2606 Sabas
1077 2536 1127 2606 sic
1152 2537 1417 2616 reconciliasset,
1435 2549 1463 2604 et

196 2645 318 2693 novam
340 2629 483 2694 Laurum
510 2624 558 2694 sio
576 2623 798 2707 aedificasset,
818 2637 850 2694 et
875 2638 963 2696 recte
985 2623 1229 2710 constituisset,
1251 2624 1346 2696 etad
1367 2647 1462 2696 suam

195 2717 340 2781 lauram
367 2712 416 2782 sic
441 2734 562 2782 rursus
593 2712 768 2793 rediisset,
797 2715 971 2783 nonsatis
1003 2713 1125 2784 babuit
1149 2725 1217 2783 tam
1256 2713 1366 2783 multa
1397 2726 1462 2783 tam

195 2800 368 2888 praeclare
392 2802 537 2890 gessisse
559 2801 592 2870 in
624 2802 872 2872 constituendis
903 2803 1132 2884 monasteriis,
1159 2814 1191 2872 et
1218 2801 1383 2882 effecisse,
1415 2815 1460 2880 ut,

194 2887 238 2955 de
253 2909 321 2974 qua
346 2890 442 2978 prius
465 2888 629 2971 diximuS,
656 2889 867 2961 habitaretur
878 2891 1047 2961 solitudo:
1071 2891 1130 2961 sed
1148 2890 1263 2960 adbuc
1285 2891 1463 2960 vehemen-

194 2985 244 3046 ter
263 2977 399 3060 spirans
415 2977 579 3048 adversus
602 2977 798 3060 daemones,
817 2992 850 3048 et
873 2980 989 3050 divino
1009 2981 1080 3050 zelo
1105 2992 1218 3050 motus
1238 2980 1463 3050 contendebat

192 3063 338 3146 efficere,
364 3076 401 3134 ut
433 3065 564 3152 reliqua
599 3066 746 3136 solitudo
770 3067 866 3138 fieret
889 3068 1108 3152 habitabilis,
1138 3082 1171 3138 et
1198 3067 1320 3138 fertilis
1346 3091 1461 3138 mona-

193 3153 336 3224 oborum
356 3153 600 3236 multitudinis,
628 3167 666 3224 ut
682 3177 742 3245 per
768 3177 827 3226 ora
853 3157 1053 3238 multorum,
1080 3172 1140 3228 aut
1167 3157 1269 3226 vitam
1295 3157 1411 3247 potius
1435 3167 1464 3223 et

192 3244 365 3324 virtutem,
393 3241 591 3314 laudaretur
610 3246 784 3314 Dominus.
811 3250 854 3314 Ea
873 3245 915 3314 de
937 3258 1208 3336 causalempore
1227 3246 1459 3336 jejuniorum.

193 3331 324 3402 accedit
354 3332 396 3402 ad
427 3333 611 3420 quemdam
644 3345 839 3414 torrentem,
866 3334 926 3421 qui
950 3357 971 3404 a
995 3335 1145 3404 maxima
1176 3339 1284 3403 Laura
1315 3335 1463 3404 distabat

192 3420 309 3491 decern
336 3420 468 3505 stadiis,
498 3445 577 3492 cum
597 3421 746 3509 quodam
764 3423 880 3504 Paulo,
903 3435 1011 3493 aetate
1037 3423 1176 3511 quidem
1203 3445 1300 3504 sene,
1328 3421 1462 3492 florenti

194 3530 271 3580 vero
295 3509 440 3580 virtute:
457 3523 583 3581 etcum
604 3510 800 3582 offendisset
815 3512 1002 3599 quamdam
1020 3513 1221 3603 speluncam
1246 3513 1281 3580 in
1304 3512 1464 3582 torrentis

192 3611 299 3689 parte,
326 3621 414 3687 quae
434 3611 483 3670 est
511 3599 552 3669 ad
588 3599 738 3680 boream,
766 3601 800 3669 in
823 3621 861 3670 ea
884 3599 1025 3687 quidem
1052 3613 1154 3671 totam
1184 3603 1351 3692 transegit
1375 3605 1463 3683 Oua-

193 3687 436 3778 dragesimam.
457 3694 538 3758 llum
566 3689 704 3758 vidisset
728 3699 840 3758 autem
859 3689 971 3758 locum
990 3691 1086 3759 omni
1110 3712 1150 3759 ex
1174 3701 1269 3778 purte
1294 3688 1462 3776 tranquil-

194 3772 278 3856 lum,
306 3777 509 3865 silentioque
535 3789 568 3846 et
590 3777 697 3864 quieti
722 3777 819 3846 valde
843 3790 974 3867 aptum,
1006 3790 1039 3847 et
1062 3790 1150 3850 esset
1179 3777 1284 3848 veluti
1336 3778 1461 3848 uedam

193 3864 343 3954 percitus
368 3865 608 3947 aemulatione,
631 3867 659 3934 si
685 3887 751 3935 non
777 3867 806 3935 is
826 3887 962 3954 quoque
994 3887 1095 3956 opem
1121 3868 1222 3938 lerret
1245 3867 1288 3936 ad
1311 3801 1458 3936 batrum

192 3952 466 4023 exercitationem
487 3965 520 4024 et
549 3954 693 4024 salutem
719 3955 933 4024 animarum:
968 3969 1149 4045 postquam
1181 3956 1277 4026 illinc
1307 3972 1459 4028 reversus

190 4039 257 4110 luit
268 4041 309 4110 ad
321 4045 479 4123 Laurem,
495 4056 526 4112 et
539 4043 581 4112 ad
598 4043 811 4133 praeclarum
828 4057 860 4112 et
874 4045 1032 4114 divinum
1048 4045 1169 4116 festum
1186 4042 1456 4116 resurrectionis,

191 4150 270 4198 oum
296 4141 328 4200 et
351 4131 436 4199 alios
461 4131 582 4202 fratres
600 4145 633 4202 et
661 4131 805 4202 Paulum
830 4154 967 4222 quoque
995 4134 1251 4224 assumpsisset,
1280 4133 1363 4204 illuc
1390 4149 1460 4200 rut·

192 4238 252 4285 sus
276 4219 475 4288 revertitur:
502 4231 593 4290 etex
617 4220 782 4310 spelunca
801 4223 939 4308 quidem
958 4223 1126 4293 construit
1149 4221 1353 4310 ecclesiam:
1373 4221 1461 4292 circa

189 4303 371 4402 ecclesiam
391 4318 504 4376 autem
531 4309 666 4398 insigne
696 4311 913 4380 coenobium.
948 4317 986 4380 llt
1013 4312 1214 4402 speluncam
1240 4311 1383 4400 quidem
1406 4327 1462 4375 no·

191 4404 300 4461 minat
318 4396 581 4464 monasterium:
603 4396 709 4466 l’aulo
723 4420 801 4470 vero
816 4401 956 4469 mandat
976 4401 1051 4489 ejus
1068 4423 1200 4483 curam,
1218 4401 1249 4470 ei
1266 4399 1463 4490 adjungens
