2946 4798
30 279 101 344 tut.
126 279 169 342 29
198 295 200 304 ’
439 295 476 342 nn
500 295 527 342 s.
555 291 715 343 unaccrno
739 296 859 342 ancara
1175 283 1238 346 sto

28 382 146 450 virtutis
164 400 327 470 magnam
345 378 491 450 ducebat
515 380 695 461 rationem,
721 401 759 450 ex
783 379 932 449 Marcelli
957 379 1140 470 discipulis
1162 381 1283 453 suisset

25 469 152 558 qnidam
171 469 321 559 hospitio
341 480 502 558 acceptus
516 463 605 559 (eiat
619 481 732 538 autem
757 469 788 538 ei
813 489 936 539 nornen
955 469 1099 558 Petrus),
1128 470 1182 540 hic
1202 494 1282 562 ergo

26 572 193 646 postquam
212 556 382 628 deductus
399 555 521 627 suited
544 577 749 636 sermonem,
775 569 808 626 et
827 557 974 628 multum
1000 572 1154 630 versatus
1173 573 1223 630 est
1247 563 1282 630 in

24 645 186 716 laudando
222 647 387 737 magistro
417 667 480 716 suo
505 645 597 736 apud
632 644 800 715 Eliseum:
838 649 1179 737 «Supervacaneum
1209 663 1281 732 est,

23 737 125 824 inquit
147 735 293 818 Eliseus,
315 757 335 805 o
358 734 473 817 irater,
491 734 533 804 de
553 732 711 804 Marcello
736 734 828 824 apud
860 756 922 804 nos
947 735 1135 826 producere
1158 739 1284 808 oratio-

23 847 104 894 nem.
131 829 214 894 llam
235 845 298 914 ego
323 824 444 894 horum
464 822 525 894 tibi
552 845 609 894 ero
635 824 730 894 testis
754 822 899 893 idonens
926 826 1028 896 etiarn
1050 825 1142 916 apud
1167 825 1280 897 alios:

22 913 135 1002 quide
157 934 197 983 eo
215 912 364 982 multum
391 917 497 983 Deum
523 923 693 1002 precatus,
719 923 752 980 et
773 913 848 1002 ejus
873 913 1008 984 virtutis
1033 915 1110 984 novi
1131 913 1285 986 altitudi-

23 1025 106 1085 nem,
122 1014 154 1072 et
169 1001 282 1072 animi
299 1001 486 1071 motiones:
506 1001 695 1090 quinetiam
709 1001 820 1090 ipsam
840 999 986 1072 sormam
1002 1003 1078 1094 ejus
1095 1004 1283 1093 corporis.»

24 1095 100 1160 Cum
124 1091 206 1160 haec
228 1089 396 1161 audiisset
433 1094 551 1162 Petrus
574 1101 607 1160 et
639 1091 784 1161 miratus
813 1089 945 1172 luisset,
974 1113 1129 1163 reversus
1153 1106 1225 1172 est,
1252 1103 1285 1162 et

25 1192 133 1249 sancto
155 1179 274 1249 omnia
292 1180 454 1261 narravit,
482 1200 553 1249 rem
577 1178 716 1266 quidem
743 1177 872 1248 faciens
901 1179 1135 1269 importunam
1159 1194 1193 1251 et
1212 1203 1285 1250 mo·

27 1267 134 1337 lestam
156 1269 199 1350 ei,
219 1267 282 1355 qui
310 1289 329 1337 a
355 1267 465 1358 gloria
489 1266 659 1357 captanda
683 1267 767 1337 adeo
791 1280 863 1338 erat
882 1267 1039 1338 alienus:
1071 1271 1221 1339 narravit
1236 1282 1285 1339 ta-

27 1379 106 1426 men.
131 1357 326 1426 llarrationi
342 1369 455 1427 autem
475 1357 749 1427 intereratetiam
766 1357 908 1448 quidam
923 1357 1086 1438 Pontifex,
1106 1358 1164 1428 sed
1186 1359 1285 1448 inops

25 1457 52 1513 et
73 1466 198 1535 egenus
223 1467 340 1516 rerum
362 1446 648 1516 necessariarum.
675 1449 781 1532 Atque
810 1465 958 1534 magnus
981 1446 1121 1533 quidem
1147 1447 1285 1517 lllarcel-

24 1533 83 1615 lus,
101 1535 158 1622 qni
179 1534 303 1604 laudes
327 1555 395 1603 non
418 1534 534 1603 minus
549 1554 648 1624 aegre
668 1533 807 1613 lerebat,
825 1555 931 1621 quam
950 1534 1086 1625 probra,
1105 1535 1193 1605 sistit
1208 1536 1286 1624 qui-

25 1622 92 1691 dem
110 1645 251 1693 cursum
271 1623 347 1711 ejus
366 1621 549 1692 orationis:
572 1622 656 1712 petit
679 1633 904 1702 autemeam
930 1623 1033 1694 sciret
1048 1645 1127 1693 eum
1146 1624 1283 1706 habere,

25 1711 124 1781 utdet
146 1712 178 1782 ei
204 1724 327 1780 mutuo
353 1710 442 1783 duos
469 1733 602 1792 aureos,
625 1723 664 1780 ut
696 1733 802 1800 pauca
829 1711 1017 1801 elargiatur
1043 1713 1199 1870 pauperi.
1227 1713 1288 1782 Ille

26 1821 94 1868 vero
116 1822 193 1870 oum
212 1813 303 1871 esset
319 1800 418 1870 valde
434 1821 569 1890 parcus,
588 1819 646 1870 eos
670 1799 753 1869 dare
778 1801 958 1871 recusavit.
976 1807 1015 1871 dt
1033 1821 1100 1870 non
1131 1821 1220 1891 ongo
1244 1801 1288 1872 ab

27 1886 97 1958 hinc
121 1902 286 1981 tempore,
312 1888 427 1978 inquit
445 1910 606 1981 magnus,
627 1909 689 1958 nec
706 1889 822 1978 ipsum
841 1890 903 1960 tibi
929 1911 1054 1981 corpus
1071 1889 1285 1959 remanebit:

30 1977 78 2046 sed
101 1977 131 2046 id
152 1978 296 2066 quidem
317 1978 530 2068 sepulcrum,
556 1987 682 2047 aurum
707 1989 821 2049 autem
846 1979 991 2069 accipiet
1013 1999 1198 2049 commune
1216 1999 1290 2047 mo·

29 2067 164 2166 naslerii.
192 2065 352 2138 Nondum
388 2065 458 2136 duo
482 2066 554 2136 dies
582 2066 838 2157 praeterierant,
865 2080 897 2137 et
925 2068 982 2138 ille
1011 2065 1151 2157 quidem
1184 2066 1288 2136 vitam

30 2153 115 2233 siniit,
142 2155 311 2245 pecunias
331 2177 409 2225 vero
433 2158 564 2246 accepit
582 2176 779 2226 commune.
801 2160 907 2242 ltque
927 2157 1035 2227 multa
1058 2155 1198 2243 quidem
1223 2153 1290 2224 lor·

31 2253 106 2311 tasse
119 2243 332 2333 conjecerint
348 2244 518 2326 homines,
545 2245 579 2312 in
605 2243 724 2315 multis
741 2257 855 2314 autem
875 2245 976 2314 etiam
999 2244 1242 2325 aberraverint,
1259 2245 1289 2314 si

33 2329 87 2398 hoc
103 2345 231 2404 tentent
256 2355 433 2420 quaerere,
458 2335 597 2404 cuinam
623 2332 764 2489 quidem
796 2333 961 2419 aequalis,
992 2355 1142 2422 quonam
1174 2344 1289 2404 autem

32 2417 165 2504 inferior,
193 2434 230 2493 et
258 2443 410 2510 quonam
444 2423 600 2513 superior
641 2422 729 2492 uerit
757 2433 907 2492 sanctus.
939 2427 1027 2493 Deus
1051 2444 1129 2492 vero
1160 2442 1202 2490 ne
1227 2421 1290 2490 hoc

31 2509 156 2596 quidem
181 2511 325 2601 reliquit
356 2510 556 2582 obscurum.
575 2510 753 2593 Quomodo
770 2525 896 2591 autem,
920 2512 962 2581 iis
979 2511 1040 2602 qui
1063 2510 1194 2591 volunt,
1217 2511 1289 2596 Jam

31 2597 230 2687 significabit
246 2601 365 2670 oratio.
1232 2685 1239 2700 .

66 2689 180 2773 ΗΛ.
207 2693 267 2759 Est
286 2689 455 2779 quaedam
480 2688 612 2768 civitas,
642 2709 730 2774 quae
755 2709 878 2758 nomen
897 2688 1029 2778 accepit
1057 2709 1076 2757 a
1101 2692 1289 2776 PompeJo:

31 2773 180 2848 incolitur
196 2789 312 2848 autern
332 2777 374 2846 ad
392 2783 537 2848 Pontum
561 2777 745 2846 Euxinum.
766 2782 810 2845 ln·
829 2799 868 2847 ea
901 2778 952 2846 vir
978 2775 1120 2864 quidam
1145 2775 1293 2875 praefuit

31 2867 240 2945 monasterio,
269 2866 407 2936 nomine
423 2866 563 2954 quidem
585 2864 787 2946 Gaudiolns,
811 2866 934 2955 plenus
954 2879 1067 2935 autem
1089 2865 1206 2935 divino
1222 2863 1293 2955 spi-

32 2951 91 3022 ritu
113 2968 145 3024 et
164 2977 200 3025 re
229 2955 317 3025 letus
341 2957 473 3045 gratiis.
510 2959 592 3025 Cum
622 2975 661 3022 eo
694 2967 832 3046 propter
851 2954 990 3041 aliquod
1018 2955 1192 3046 negotium
1213 2976 1294 3024 con·

32 3061 158 3128 gressus
173 2979 374 3114 Tfialassius
392 3045 480 3134 (erat
504 3064 581 3113 vero
610 3043 666 3112 hic
682 3064 818 3132 quoque
835 3065 927 3113 unus
946 3064 985 3112 er
1003 3043 1119 3134 magni
1144 3041 1294 3112 Marcelli

34 3130 245 3222 discipulis),
277 3131 333 3202 hic
357 3153 437 3223 ergo
461 3154 540 3202 cum
565 3130 752 3220 aliquando
777 3132 918 3203 vidisset
946 3133 1176 3214 Gaudiolum,
1201 3134 1295 3222 Juste

33 3219 173 3304 quidem,
200 3223 405 3292 irascentem
433 3220 606 3291 tamenin
635 3219 768 3310 aliquos
789 3221 844 3290 sui
873 3221 999 3311 gregis,
1026 3233 1165 3292 etcum
1197 3221 1294 3310 p'rius

34 3309 236 3391 resiliissent,
257 3319 459 3380 revertentes
475 3309 570 3399 ipsos
591 3329 657 3378 non
684 3307 932 3391 admittentem,
953 3310 1054 3400 'petiit
1077 3323 1114 3380 ut
1137 3308 1294 3379 admitte-

35 3408 151 3466 rentur:
178 3411 211 3468 et
227 3397 422 3488 exemplum
442 3397 548 3474 dedit,
567 3397 748 3484 quoderat
769 3399 1015 3490 propinquum,
1033 3397 1180 3468 llareelli
1198 3416 1294 3468 man·

37 3486 255 3578 suetudinem.
276 3491 309 3558 Is
333 3498 446 3557 autem
467 3487 498 3555 ei
524 3486 636 3556 statim
659 3486 761 3558 dixit:
786 3491 843 3558 «Ο
866 3488 918 3557 vir
942 3486 1126 3578 praeclare,
1154 3508 1219 3556 non
1245 3495 1297 3556 est

38 3571 117 3642 adem
141 3575 355 3657 Gaudiolus,
394 3573 486 3663 quod
511 3574 711 3646 Marcellus:
739 3576 798 3645 sed
834 3589 1003 3664 quantum
1027 3575 1181 3656 intersit,
1216 3575 1295 3644 hine

38 3661 125 3732 scies.
150 3669 234 3735 llam
260 3685 340 3735 cum
373 3669 496 3734 llosem
532 3665 700 3754 posueris
730 3665 760 3734 ei
788 3667 889 3735 etiam
920 3685 1055 3755 oppone
1080 3663 1291 3733 Marcellum.

42 3749 117 3818 Deus
132 3754 223 3822 enim
242 3753 327 3824 mihi
343 3753 491 3822 ostendit
505 3751 771 3837 evidentissime,
791 3754 883 3843 quod
904 3774 1142 3840 quaecumque
1159 3752 1297 3842 legisla-

41 3838 107 3918 tori,
123 3862 161 3909 ea
176 3843 277 3912 etiarn
296 3842 477 3931 inspiravit
494 3840 662 3912 Marcello.
683 3864 700 3908 »

77 3927 94 4012 ἓ
116 3935 192 4002 15.
211 3935 277 4000 Nos
297 3951 375 4000 vero
391 3929 456 3999 alia
482 3950 619 4018 quoque
642 3929 868 4021 adjiciamus:
897 3952 965 4002 non
989 3943 1027 4001 ut
1051 3931 1160 4000 virum
1180 3952 1218 3998 er
1246 3929 1299 3998 his

44 4028 120 4084 recte
148 4019 346 4100 videamus,
384 4018 442 4088 sed
473 4041 515 4088 ne
547 4019 793 4110 pulcherrimis
823 4020 997 4111 privemur
1028 4017 1296 4090 narrationibus.

46 4103 175 4178 Quidam
194 4107 357 4198 discipuli
381 4110 424 4178 ab
448 4129 488 4178 eo
504 4108 692 4196 aliquando
710 4107 807 4178 missi
827 4109 868 4179 ad
895 4109 1078 4191 Euxinum,
1095 4120 1183 4178 retro
1206 4108 1300 4176 navi-

51 4207 114 4262 tsre
135 4207 338 4267 statuerunt.
364 4200 447 4267 Cum
479 4209 614 4277 autern,
641 4198 701 4266 ubi
726 4209 851 4268 alerra
878 4198 1082 4281 solvissent,
1112 4208 1208 4267 noete
1233 4208 1302 4267 tota

50 4235 154 4350 fretum
181 4296 362 4368 secassent,
381 4285 507 4358 defossi
533 4286 736 4376 priusquam
755 4309 848 4358 mare
874 4287 1157 4368 transmisissent,
1190 4309 1233 4375 ap
1260 4287 1302 4356 el·

51 4360 156 4440 luntin
173 4374 344 4460 quendam
369 4374 484 4446 locum
511 4374 608 4444 valde
623 4397 798 4464 asperum,
825 4389 857 4446 et
880 4377 914 4444 in
931 4397 999 4464 quo
1016 4376 1162 4447 navibus
1184 4309 1302 4445 nufias

117 4491 256 4551 aurius-
277 4492 358 4553 Vitae
374 4491 427 4556 SS.
442 4525 456 4540 ·
468 4492 539 4556 Vol.
553 4489 617 4594 llll.
1187 4494 1223 4555 35
