2920 4810
257 261 321 328 682
649 281 688 328 nx
712 281 741 328 s.
767 280 893 331 namna
916 279 1044 330 nonani
1304 258 1369 324 oco.
1387 259 1412 321 at

212 377 250 434 ut
273 367 468 456 acciperet?
492 370 574 436 Cum
601 388 677 436 vero
702 389 768 437 non
805 367 1044 458 persuaderet,
1072 365 1137 436 tale
1159 365 1239 454 quid
1261 363 1351 434 statim
1369 383 1416 460 rna·

211 453 385 538 chinatur,
411 460 500 544 quod
526 455 665 543 quidem
716 456 924 526 ulcherrime
948 458 1129 526 amborum
1154 477 1264 546 parem
1284 453 1417 522 declarant

210 547 450 628 constantiam,
470 545 621 616 Melanae
638 545 680 616 ad
693 479 994 628 benefaciendum,
1016 559 1047 617 et
1073 544 1297 637 Ephaestionis
1317 541 1350 612 ad
1367 541 1415 618 to,

211 645 249 705 ut
266 658 334 706 non
354 635 619 727 persuaderetur
634 657 674 706 ex
691 637 794 708 rebus
811 636 974 708 humanis
994 635 1125 724 aliquid
1143 635 1299 725 accipere.
1397 717 1400 728 Ι

254 726 272 812 5
297 730 376 799 ²8.
402 725 524 797 Obibat
547 726 638 796 enim
664 725 929 808 domunculam,
957 739 1115 797 scrutans
1142 746 1296 804 omnem,
1317 741 1381 808 quaa
1396 739 1415 786 n

210 835 251 884 ea
273 825 356 898 erat,
382 814 653 904 supellectilem,
679 829 711 886 et
738 837 819 886 eum
840 816 925 885 nihil
951 815 1046 885 aliud
1071 815 1211 885 vidisset
1237 813 1299 884 nisi
1318 824 1413 880 starem

210 914 243 973 et
265 903 467 994 sportulam,
488 905 523 973 in
539 927 607 992 qna
625 903 674 977 sal
699 919 770 975 erat
794 905 1070 996 repositus,cum
1087 905 1209 976 subeo
1231 900 1296 972 sale
1313 899 1412 994 aliquan

211 994 286 1062 auri
301 1005 430 1082 partem
449 995 617 1083 posuisset
633 1008 666 1064 et
682 994 871 1078 inlodisset,
890 1008 927 1065 ut
941 1017 1029 1082 quae
1044 993 1212 1078 latuisset,
1226 986 1414 1086 magnoaldo

210 1103 328 1172 preces
344 1082 387 1152 ab
403 1105 443 1154 eo
468 1085 633 1174 poposcit.
653 1090 744 1167 Quas
768 1107 846 1154 eum
874 1085 1107 1174 impetrasset,
1130 1083 1221 1154 exiit.
1247 1080 1306 1150 Sed
1323 1075 1415 1148 niblo

210 1171 338 1261 profuit
357 1171 422 1242 hoc
446 1173 635 1244 inventum.
663 1179 745 1244 Cum
770 1174 862 1243 enim
890 1175 940 1243 vir
964 1173 1021 1243 ille
1040 1183 1279 1244 sacrosanctus
1297 1168 1416 1254 idcogoo·

210 1261 322 1344 risset,
351 1284 475 1353 magno
499 1285 604 1334 cursu
628 1262 814 1344 contendit,
840 1278 873 1334 et
896 1285 954 1336 eos
978 1285 1057 1334 voce
1082 1263 1205 1354 procul
1229 1259 1324 1332 stitit:
1344 1269 1412 1356 etna
1452 1270 1453 1273 ’

207 1350 311 1420 nibus
335 1373 458 1422 aurum
484 1353 642 1440 quatiens
666 1352 824 1430 ostendit.
851 1365 883 1422 et
907 1353 992 1424 dixit
1020 1375 1056 1423 se
1086 1354 1232 1432 nescire,
1257 1349 1297 1420 ad
1320 1343 1382 1435 quid
1397 1363 1418 1440 ot

208 1451 373 1511 uteretur.
400 1446 482 1512 Cum
508 1442 532 1512 ii
557 1455 670 1514 autem
696 1442 885 1513 dixissent:
913 1441 983 1512 «Si
1007 1464 1075 1512 non
1093 1442 1154 1512 tibi
1175 1431 1418 1538 omnino,atalf

206 1529 335 1616 quibus
359 1530 438 1600 aliis
460 1531 524 1601 erit
548 1532 642 1602 utile.
660 1556 679 1600 r
697 1554 772 1600 -a
788 1532 888 1619 Atqui
906 1553 973 1602 non
998 1533 1073 1614 erit,
1093 1531 1219 1619 inquit,
1241 1529 1368 1616 atique,
1384 1543 1417 1608 tut

208 1619 262 1688 hle
281 1631 390 1708 petat3
416 1632 467 1692 est
489 1621 582 1691 enim
609 1644 740 1711 pauper
758 1622 866 1702 loeus,
889 1633 927 1690 ut
943 1620 1076 1704 videtis,
1095 1632 1127 1690 et
1145 1619 1327 1692 admodum
1347 1613 1418 1714 deset-

207 1719 273 1779 tus.
293 1713 377 1780 Cum
402 1732 480 1780 vero
502 1711 611 1782 nesio
635 1711 775 1800 quidem
800 1711 1005 1800 acciperent,
1033 1732 1117 1781 auro
1141 1710 1179 1780 in
1204 1709 1338 1780 fluvium
1353 1713 1416 1793 Jattt·

207 1800 346 1870 recessit
369 1821 483 1870 senex.
510 1805 548 1870 In
574 1800 659 1870 alios
683 1822 820 1888 quoque
848 1821 915 1870 non
943 1822 1071 1891 paucos
1094 1799 1268 1889 ejusmodi
1294 1796 1418 1891 ajectae

207 1887 393 1970 incidisse,
422 1890 482 1976 qui
514 1911 620 1976 aeque
643 1890 808 1960 cavebant
837 1889 978 1960 omnino
1006 1912 1130 1960 aurum
1157 1887 1326 1958 manusb
1348 1881 1419 1968 aliqu·

206 1979 384 2067 accipere,
412 1993 515 2066 atque
540 1981 634 2050 virus
653 1980 833 2070 serpentis,
856 1992 916 2050 aut
935 1979 1066 2066 aliquid
1090 1978 1190 2048 aliud
1207 1974 1419 2071 mortiterum

205 2067 339 2138 exitiale
363 2090 425 2138 sua
449 2082 570 2157 sponte
593 2069 720 2140 bibere.
746 2070 828 2138 Cum
854 2068 980 2140 talibus
1003 2089 1084 2159 ergo
1107 2069 1142 2136 in
1160 2071 1309 2158 Aegypto
1326 2061 1419 2133 tuan

206 2156 325 2247 repleti
349 2157 549 2240 miraculiS,
574 2159 700 2230 reversi
727 2168 807 2228 sunt
830 2157 1092 2228 Alexandriam:
1117 2168 1149 2226 et
1178 2178 1259 2228 cum
1286 2153 1419 2224 muttum

205 2245 373 2318 bonorum
397 2247 560 2330 virorum,
578 2249 638 2334 qui
659 2247 730 2318 illic
745 2259 852 2330 erant,
872 2246 1121 2319 consuetudine
1143 2267 1183 2316 se
1209 2243 1348 2317 secundo
1365 2255 1420 2329 era

207 2336 357 2418 tiassent,
386 2335 526 2437 profecti
550 2350 631 2408 sunt
656 2337 691 2407 in
709 2349 852 2419 montes
872 2337 931 2424 qui
955 2337 1118 2408 dicuntur
1134 2336 1275 2406 Nitriae.
1296 2337 1420 2420 tongra

204 2437 318 2496 autem
344 2425 415 2496 illrc
438 2447 574 2514 quoque
598 2449 678 2496 cum
705 2427 838 2496 virtutis
864 2426 1028 2496 studiosis
1052 2425 1112 2516 qui
1145 2425 1220 2494 illic
1251 2435 1356 2502 erant,
1374 2432 1420 2486 cut·

205 2513 313 2584 instar
336 2537 441 2604 apum
466 2537 601 2584 omnem
628 2516 746 2585 florem
772 2515 907 2586 virtutis
930 2515 1159 2606 collegissent,
1191 2514 1283 2672 pleni
1305 2508 1421 2598 barrisn-

203 2603 343 2675 dierunt
365 2604 587 2694 ierosolyma.
616 2605 767 2674 Melanae
791 2626 869 2674 vero
893 2617 1050 2694 paratum
1068 2615 1140 2674 erat
1156 2615 1192 2674 ta
1219 2599 1421 2672 ernaeuluntt

206 2707 318 2764 monte
334 2693 465 2774 Oliveti,
492 2694 581 2764 sicut
601 2695 702 2764 matri
718 2693 919 2764 mandatum
936 2693 1056 2764 luerat.
1084 2698 1168 2764 Cum
1191 2691 1336 2778 faustum
1349 2697 1421 2756 auten

203 2785 391 2873 accepisset
414 2783 622 2874 principium
648 2784 740 2852 diem
771 2781 967 2866 luminum,
997 2783 1144 2873 seipsam
1177 2780 1322 2853 includit
1344 2779 1369 2845 in
1388 2769 1422 2836 lo

204 2870 380 2952 meacula,
399 2886 432 2943 et
447 2873 556 2962 legem
570 2873 637 2944 sibi
654 2875 700 2942 im
728 2871 812 2954 onit,
832 2884 870 2943 ut
888 2872 1035 2943 aliorum
1050 2872 1192 2960 quidem
1215 2869 1341 2942 nullum
1354 2879 1423 2950 nequ

202 2959 334 3042 videat,
362 2981 473 3049 neque
496 2963 539 3032 ab
563 2961 634 3032 ullo
659 2895 836 3032 videatur:
864 2983 883 3031 a
908 2975 1016 3032 matre
1039 2972 1176 3044 autem,
1204 2973 1238 3032 et
1261 2961 1302 3030 ab
1322 2979 1370 3034 eo,
1388 2967 1423 3047 qn

201 3048 283 3118 olim
303 3051 468 3142 conjugii,
491 3063 573 3122 tunc
589 3073 665 3124 vero
680 3064 752 3122 erat
768 3051 925 3121 laborum
946 3052 1074 3132 socius,
1095 3051 1207 3141 spatio
1232 3039 1423 3138 quinquae

202 3159 279 3210 rum
305 3139 410 3210 semel
435 3139 629 3213 videretur:
656 3155 688 3212 et
712 3140 870 3211 similiter
898 3141 952 3210 sui
971 3141 1173 3232 adspectum
1200 3162 1268 3210 non
1291 3137 1423 3220 denegant

201 3229 451 3312 consobrinne;
477 3251 552 3302 eam
577 3231 669 3301 enim
691 3232 762 3320 jam
788 3230 850 3300 diu
873 3241 950 3301 ante
974 3230 1009 3300 in
1034 3252 1133 3300 suam
1165 3228 1370 3319 disciplinam
1390 3235 1423 3286 aa·

201 3331 335 3410 ceptam
359 3319 549 3402 erudiebat,
579 3321 783 3410 plenamque
808 3318 899 3390 fastu
922 3333 955 3390 et
979 3325 1133 3390 Romano
1152 3319 1289 3409 spiritu,
1305 3315 1423 3412 adextra-

202 3429 294 3480 mam
319 3408 506 3480 deduxerat
530 3410 745 3492 modestiam,
772 3422 804 3480 et
828 3408 877 3480 sic
896 3409 1018 3492 ellecit,
1037 3423 1074 3480 ut
1089 3430 1268 3480 summum
1286 3423 1377 3495 magis
1387 3415 1422 3483 ap·

202 3497 438 3585 prehenderet.

243 3589 262 3674 5
285 3593 358 3662 Μ.
386 3593 481 3658 Hane
497 3587 598 3680 longe
612 3588 918 3662 laboriosissimam
937 3589 1039 3659 vitam
1056 3588 1177 3659 dicunt
1200 3587 1305 3658 luisse
1318 3579 1424 3654 natare

199 3674 242 3745 ad
259 3699 368 3748 annos
383 3678 658 3768 quatuordecim.
676 3679 801 3750 Deinde
816 3700 895 3749 cum
911 3679 1066 3753 materei
1084 3680 1295 3768 emigrasset,
1313 3671 1362 3742 illa
1373 3681 1422 3734 cttt

197 3765 230 3836 ei
244 3766 349 3857 justis
364 3767 463 3840 factis
476 3770 587 3860 ipsam
606 3769 817 3850 honorasset,
840 3781 872 3838 et
887 3790 1015 3859 corpus
1033 3768 1293 3864 composuisset,
1309 3763 1339 3831 in
1354 3755 1424 3858 altera

200 3854 413 3928 domuncula
439 3879 569 3930 annum
595 3859 772 3948 transegit,
794 3879 883 3944 quae
910 3857 1048 3928 carebat
1071 3857 1159 3939 luce,
1190 3869 1222 3926 et
1249 3853 1363 3940 alroqur
1381 3850 1424 3938 tttl

198 3945 306 4046 priori
323 3945 461 4029 similis,
482 3948 516 4016 in
538 3969 606 4036 qna
632 3946 843 4038 producebat
865 3945 997 4017 luctum
1018 3959 1050 4018 et
1072 3945 1338 4040 exercitationem
1358 3947 1382 4004 tl
1395 3949 1424 4016 ttL

193 4035 347 4121 junium.
375 4041 494 4106 Postea
511 4049 623 4106 autem
649 4059 729 4108 curn
747 4035 838 4106 fama
855 4036 888 4104 in
907 4059 1044 4106 omnem
1061 4049 1192 4126 partem
1210 4029 1425 4127 pervasisset.tl

199 4124 302 4194 multi
327 4124 369 4194 ad
390 4148 465 4196 eam
487 4127 701 4208 ventitarent,
728 4126 771 4196 ab
795 4147 834 4194 ea
858 4147 995 4214 quoque
1011 4124 1139 4196 sactum
1165 4137 1252 4198 esset
1266 4116 1424 4220 coepobttt‘·

199 4208 399 4299 plusquam
419 4215 606 4302 nonaginta
629 4215 825 4304 virginum:
854 4214 889 4282 in
914 4237 983 4302 quo
1008 4237 1075 4284 non
1093 4214 1206 4287 solum
1226 4213 1369 4303 virgines.
1386 4191 1423 4267 ill

199 4295 326 4366 multae
342 4303 458 4380 etiam,
480 4323 568 4388 quae
585 4316 664 4373 ante
683 4305 826 4393 turpiter
842 4304 1007 4385 vixerant,
1026 4305 1174 4395 priorem
1192 4305 1288 4372 vitam
1310 4310 1339 4395 et
1358 4288 1424 4358 rolo-

199 4389 306 4460 ptates
321 4387 468 4458 multum
487 4389 599 4459 valere
609 4391 781 4480 jubentes,
796 4413 872 4462 vere
890 4391 1046 4482 pulcram
1063 4391 1216 4464 lecerunt
1233 4393 1422 4460 mutationem·
