2960 4824
238 301 303 368 302
503 317 543 364 ιιι
566 317 596 366 s.
622 317 789 364 srtnrnorrr
811 315 959 365 anonim.
985 316 1157 364 τιιιιιιιιιι.
1306 301 1381 364 net.
1404 303 1437 364 tt
1465 265 1466 294 ¹

192 404 244 506 iis·
260 414 373 473 autem
398 402 458 491 qui
482 401 726 473 correctionem
752 402 913 472 nolebant
936 401 1128 485 admittere,
1152 401 1266 473 malus
1287 405 1438 472 eveniebat

192 507 361 564 exitus...

237 585 255 670 ἕ
281 587 358 653 ²5.
377 584 460 649 Cum
485 580 592 649 unius
611 579 726 651 adhuc
745 580 915 650 essancti
935 579 1113 650 miraculis
1132 579 1436 658 memineritoratio,

191 673 291 742 vadet
315 670 356 739 ad
381 669 457 759 ejus
480 668 674 738 decessum.
700 667 813 756 Ajunt
835 668 926 756 quod
956 691 1035 738 cum
1065 673 1212 738 Sanctus
1236 680 1322 739 esset
1344 668 1438 737 adbuc

193 772 377 850 superstes,
399 771 431 827 et
451 771 622 846 praeesset
645 759 877 847 Episcopatui,
898 757 1093 827 Patriarcba
1109 756 1354 828 Alexandrinus
1368 756 1439 824 indi-

192 863 246 919 cta
271 871 287 918 s
314 847 402 917 nodo
426 847 596 929 omnium,
618 848 678 932 qui
703 848 733 916 ei
751 847 895 934 subjecti
919 859 1027 928 erant,
1050 847 1312 937 Episcoporum,
1330 844 1440 915 volebat

191 869 336 1028 gentiles
367 948 498 1006 statuas
521 950 552 1004 et
576 936 747 1026 imagines
770 936 1018 1006 communibus
1042 936 1203 1026 precibus
1233 949 1395 1014 evertere,
1416 945 1439 1000 et

191 1049 249 1096 eas
273 1026 308 1094 in
338 1037 461 1094 terram
491 1023 650 1111 dejicere.
674 1024 789 1094 Rebus
812 1025 904 1094 enim
930 1024 1101 1112 ejusmodi
1124 1025 1239 1094 adbuc
1265 1026 1363 1115 plena
1386 1034 1441 1089 erat

192 1116 331 1186 civitas:
358 1126 391 1182 et
413 1114 586 1201 quomodo
611 1112 749 1194 Paulus
768 1115 842 1204 ipse
861 1135 999 1201 quoque
1022 1114 1305 1184 inflammabatur
1324 1113 1439 1202 spiritu,

192 1216 224 1274 et
243 1203 402 1273 ardenter
423 1203 575 1292 spirabat
597 1203 762 1272 adversus
786 1203 1009 1293 impietatem.
1029 1207 1111 1271 Cum
1138 1224 1258 1272 omnes
1283 1224 1361 1292 ergo
1376 1221 1440 1268 con·

192 1293 392 1374 currissent,
408 1302 441 1360 et
456 1313 490 1360 se
505 1290 680 1362 dedissent
697 1291 870 1382 precibus,
889 1291 975 1362 aliae
992 1291 1131 1379 quidem
1151 1304 1284 1360 statuae
1301 1293 1355 1360 Dei
1373 1303 1440 1357 nutu

191 1393 224 1452 et
247 1381 380 1451 viribus
403 1379 581 1451 devolutae
601 1379 741 1449 fuerunt
759 1394 792 1451 et
811 1381 845 1448 in
871 1394 996 1449 terram
1021 1381 1189 1466 dejectae;
1215 1401 1256 1449 ex
1279 1381 1321 1449 iis
1347 1392 1440 1448 auten

192 1493 263 1541 una
280 1469 364 1550 sola,
383 1469 446 1538 etsi
463 1482 496 1538 et
518 1469 716 1558 separatim,
743 1481 775 1538 et
800 1469 904 1541 simul
929 1492 1008 1539 cum
1036 1469 1095 1538 illo
1121 1468 1318 1538 Patriarcba
1339 1467 1442 1537 multas

193 1581 311 1650 preces
331 1558 512 1640 fudissent,
532 1559 693 1627 manebat
708 1559 742 1627 in
761 1579 824 1628 suo
840 1559 931 1628 loco:
952 1579 1017 1628 non
1043 1558 1134 1645 quod
1162 1563 1250 1627 Deus
1270 1580 1337 1627 non
1355 1569 1442 1626 atten-

192 1649 298 1730 deret,
317 1661 377 1716 aut
397 1647 586 1736 despiceret
611 1669 726 1717 sacras
747 1647 884 1717 illorum
905 1669 1034 1737 preces,
1054 1646 1112 1716 sed
1130 1646 1194 1716 boc
1219 1647 1365 1736 sapienti
1380 1665 1442 1713 con-

192 1737 271 1808 silio
295 1735 394 1805 vellet
418 1757 481 1806 suo
505 1735 635 1806 famulo
675 1735 796 1806 loriam
815 1737 976 1818 tribuere,
995 1749 1028 1805 et
1051 1736 1230 1805 ostendere
1255 1737 1306 1818 id,
1331 1734 1443 1823 quoda

192 1825 313 1898 multis
334 1825 569 1914 ignorabatur,
587 1759 702 1912 quadis
730 1837 819 1896 esset
847 1825 937 1894 inter
964 1826 1151 1916 npiscopos
1179 1825 1355 1912 Spiridorr.
1379 1829 1443 1892 tum

141 1947 144 1952 ·
192 1937 259 1984 nox
276 1936 357 2004 ergo
377 1916 449 2006 Jam
476 1913 703 1993 adventasset,
722 1913 795 2004 ipse
818 1914 957 2001 quidem
976 1915 1172 1983 Patriarcba
1190 1914 1309 1984 adbuc
1328 1913 1444 1982 vacabat

191 2005 359 2074 orationi:
385 2002 555 2090 quaedam
578 2024 655 2072 vero
679 2002 796 2072 divina
821 2003 851 2072 ei
875 2025 1047 2092 apparens
1063 2004 1160 2082 visio,
1175 2003 1284 2092 jussit
1302 2025 1377 2072 eum
1396 2019 1444 2068 non

193 2094 274 2194 angi
300 2093 429 2171 animo,
447 2090 539 2180 quod
559 2112 626 2162 non
644 2091 779 2160 caderet
797 2091 1036 2172 simulacrum,
1056 2106 1263 2162 reservatum
1285 2093 1373 2160 enim
1390 2107 1445 2157 esse

194 2181 391 2272 spiridoni,
418 2194 456 2250 ut
481 2180 513 2249 id
536 2183 579 2249 ab
602 2201 642 2250 eo
670 2180 742 2249 solo
770 2179 989 2250 deturbatum
1015 2182 1170 2251 caderet:
1196 2180 1253 2250 sed
1283 2205 1361 2251 cum
1385 2197 1445 2246 eun

114 2319 117 2328 ·
193 2271 454 2360 quamprimum
480 2291 498 2338 e
518 2273 626 2358 Cypro
642 2283 840 2338 accerseret.
860 2292 878 2336 vt
896 2274 929 2338 ls
944 2270 1035 2338 enim
1053 2283 1114 2352 est,
1132 2269 1256 2360 ajebat,
1278 2271 1445 2358 Episcopus

192 2357 543 2448 Trimmytbuntinus.
561 2359 694 2439 »Fecit
713 2369 750 2427 ut
773 2358 804 2428 ei
829 2359 1035 2448 imperatum
1061 2357 1182 2440 luerat,
1202 2359 1409 2440 Patriarcba,
1424 2365 1446 2421 et

192 2447 315 2518 litteris
331 2446 373 2516 ad
399 2468 477 2515 eum
505 2446 633 2529 missis,
656 2448 800 2518 accersit
825 2452 1005 2533 Sanctum:
1024 2460 1056 2516 et
1074 2447 1204 2516 litterae
1220 2447 1445 2536 significabant

192 2559 346 2618 causam,
366 2557 428 2605 cur
447 2548 691 2618 accerseretur,
713 2549 745 2605 et
771 2557 859 2618 eam,
879 2557 967 2623 quae
986 2549 1204 2624 apparuerat,
1226 2538 1404 2614 visionem,
1424 2541 1446 2598 et

191 2645 409 2715 nequaquam
435 2645 510 2692 esse
535 2625 766 2694 recusandum
792 2624 991 2694 adventum.
1011 2624 1073 2694 Ille
1096 2637 1209 2693 autem
1236 2639 1335 2714 paret
1357 2621 1445 2692 conti-

190 2735 272 2786 nuo.
287 2713 398 2784 Simul
415 2725 516 2800 atque
532 2714 623 2781 enirn
640 2713 742 2782 desiit
758 2713 880 2804 legere,
892 2735 981 2800 quae
995 2716 1120 2803 scripta
1134 2713 1284 2796 lucrant,
1303 2717 1366 2783 iter
1377 2710 1446 2786 iniit,

190 2816 222 2874 et
250 2824 370 2872 navem
396 2803 642 2884 conscendens,
666 2802 838 2892 navigavit
858 2801 1110 2871 Alexandriam.
1129 2806 1235 2889 Atque
1265 2805 1363 2872 navis
1388 2798 1446 2885 qui·

190 2892 268 2961 dem
293 2889 436 2980 appellit
461 2895 525 2961 llea
554 2891 636 2960 olim
660 2891 739 2982 (est
761 2903 875 2959 autem
906 2891 962 2960 hic
986 2891 1135 2981 insignis
1171 2904 1292 2980 portus
1325 2891 1446 2961 Alexan·

191 2979 314 3068 drlae);
335 2980 407 3068 ipse
424 3001 502 3049 vero
520 2913 561 3048 de
578 3001 663 3048 nave
679 2979 904 3061 descendens,
923 2985 1147 3049 execrandam
1168 2981 1368 3071 imaginem,
1383 2995 1447 3044 cum

191 3067 311 3140 multis
327 3067 476 3157 templis,
497 3069 658 3158 precibus
683 3069 837 3137 nondum
857 3070 1015 3158 peractis,
1034 3069 1164 3150 evertit,
1179 3081 1213 3138 et
1230 3070 1265 3138 in
1291 3069 1446 3159 pulverem

191 3157 409 3228 comminuit.
436 3161 506 3226 Hoc
532 3158 646 3226 Sancti
671 3157 869 3240 adventum,
892 3158 951 3243 qui
978 3157 1131 3228 nondum
1153 3170 1226 3226 erat
1247 3157 1446 3228 manifestus.

191 3251 302 3338 Papae
326 3246 511 3336 significat.
538 3248 621 3316 Cum
657 3247 750 3316 enim
785 3247 845 3334 qui
883 3246 967 3314 illud
1003 3246 1229 3316 simulacrum
1256 3269 1320 3316 sua
1345 3255 1448 3335 sponte

190 3336 356 3406 cecidisse
381 3334 548 3417 viderant,
575 3335 605 3403 ei
630 3335 903 3413 renunciassent,
932 3340 1021 3425 Papa
1042 3337 1268 3420 continuoztt
1295 3341 1322 3405 0
1346 3330 1445 3405 amici,

191 3426 317 3516 inquit,
335 3423 431 3494 adest
447 3424 605 3513 Spiridon
624 3445 663 3494 ex
677 3424 803 3493 Trimm
833 3425 964 3494 tbunte.
986 3424 1072 3493 »llli
1086 3438 1199 3494 autem
1221 3433 1447 3515 praeparantes

189 3514 264 3672 geos
279 3513 370 3584 enim
383 3514 534 3602 jusserat
550 3513 580 3581 ei
602 3512 650 3582 ire
673 3447 829 3602 obviamb
842 3513 1059 3582 offenderunt
1076 3519 1251 3603 Magnum,
1269 3514 1330 3601 qui
1350 3510 1466 3581 adhuc,

216 3603 430 3672 ascendebat.
451 3601 534 3685 Quis
555 3601 640 3672 adeo
658 3615 805 3671 remotos
832 3602 962 3671 habitat
984 3603 1079 3672 orbis
1102 3603 1202 3679 fines,
1218 3604 1279 3689 qui
1307 3623 1371 3671 non
1397 3599 1447 3694 boc

191 3691 400 3762 miraculum
418 3691 589 3780 acceperit
603 3691 801 3761 auditione?
816 3696 987 3761 Noverunt
1002 3691 1141 3778 quidem
1158 3691 1355 3781 Byzantium
1372 3693 1448 3756 novtl

190 3793 302 3850 autem
329 3783 404 3870 ipse
424 3786 623 3868 Imperator.
652 3785 840 3850 Senserunt
859 3801 980 3848 omnes
1004 3801 1143 3867 quoque
1166 3781 1281 3859 urbes,
1301 3799 1387 3865 quae
1405 3776 1448 3841 in-

192 3869 384 3938 tercrdunt:
401 3883 434 3938 et
447 3871 647 3938 universum
666 3868 734 3938 iere
750 3869 866 3939 orbem
887 3882 994 3938 terrae
1013 3867 1222 3959 persuadens
1241 3865 1445 3938 miraculum.

190 3957 260 4028 dici
285 3980 352 4028 non
372 3971 491 4047 potest,
510 3971 674 4048 quantam
703 3959 833 4047 paravit
851 3957 1030 4028 utilitatem
1058 3972 1126 4027 tam
1156 3957 1330 4037 fidelibus
1356 3969 1446 4047 quam

192 4047 405 4129 infidelibus,
433 4046 487 4116 bis
503 4047 642 4134 quidem
669 4047 843 4117 conversis
866 4047 908 4115 ad
932 4048 1103 4134 pietatem,
1130 4057 1162 4115 et
1186 4068 1322 4117 sacrum
1350 4045 1447 4130 baptt·

193 4159 306 4206 smum
332 4136 596 4224 accipientibus,
614 4135 683 4206 illis
708 4151 820 4205 autem
840 4136 999 4206 stabilius
1018 4134 1172 4205 lundatis
1189 4156 1293 4224 super
1306 4134 1379 4223 ejus
1400 4147 1447 4215 pe·

188 4237 294 4295 tram.
316 4229 406 4294 Haec
428 4247 496 4301 non
522 4226 690 4312 quaedam
719 4226 813 4295 nuda
837 4237 869 4295 et
899 4226 1042 4294 minime
1067 4227 1208 4314 probata
1231 4221 1371 4298 auditio,
1396 4212 1445 4309 sed

192 4315 294 4382 etiam
322 4315 434 4402 imago
459 4313 612 4399 loquitur
630 4328 662 4384 et
687 4327 840 4396 testatur,
867 4337 956 4402 quae
984 4326 1050 4383 stat
1073 4317 1162 4383 inter
1193 4313 1370 4403 porticum,
1395 4321 1446 4389 qm

193 4400 320 4469 dicitnr
339 4402 574 4484 Archonticus,
601 4416 635 4473 et
651 4403 818 4494 templum
840 4405 1140 4494 rrimtnythunrts,
1163 4403 1222 4474 ubi
1239 4410 1318 4471 sunt
1342 4409 1466 4510 sacrae}
