2934 4810
207 279 309 348 ttul*
559 297 822 362 uenrrnotoerurr
846 300 1061 350 muusrusruu
1281 277 1355 342 oet..
1372 276 1401 336 lt

162 379 193 442 S.
215 379 360 442 Paulinus
384 383 415 440 in
437 379 567 458 Epistola
589 380 627 442 ad
646 381 796 458 Alipium,
824 397 875 444 eor
915 383 956 442 ris
974 377 1403 454 exuviasGallia.Natusqntpp

163 460 240 536 apud
268 456 299 520 S.
329 459 558 536 Augustulum,
595 459 797 522 Dontnienem
827 464 857 522 in
905 460 995 524 aleris
1030 461 1062 496 ”²
1095 461 1271 528 Pannoniae,
1299 466 1403 532 allidet

158 544 316 618 parentem
330 545 470 602 uestrum
484 557 550 601 rere
568 541 798 602 sanctissimum
827 541 914 604 beate
934 539 1084 602 Severino
1103 541 1149 578 Μ
1168 541 1286 618 primurn
1299 536 1404 598 delate.

159 618 302 696 appellat.
826 619 965 684 deiudea
983 618 1157 684 Constantio
1168 621 1298 697 Episcopo
1310 615 1406 704 lauru·

826 703 920 774 censi,
936 707 1043 777 patrue
1065 718 1129 774 suo,
1151 701 1303 770 institutus,
1318 696 1406 783 tndem

233 786 263 848 S.
289 779 515 850 duuoootttts
543 785 724 852 Messenes.
827 777 1111 919 {Tiaptfflfflsetlsss
1132 788 1187 922 {git
1206 788 1289 918 lddssfl
1310 777 1406 836 111111

620 897 625 907 -
853 861 931 920 eina
1010 909 1018 932 ,
1052 863 1128 922 uad
1171 875 1200 920 ua
1231 857 1408 930 eriespriu·

306 895 434 958 smum
457 897 504 958 W
522 895 648 958 darm·
826 953 916 1015 quam
939 877 1063 1002 tartuffn
1086 941 1195 1013 subeat,
1213 937 1346 1004 decurrit,
1362 949 1403 994 em
1438 1003 1439 1018 χ

200 1019 376 1082 liuuruuec.
404 1053 441 1064 -
472 1018 506 1082 ln
537 1022 673 1098 Aegypte
702 1021 796 1081 sancti
828 1017 921 1080 llario
953 1020 1127 1097 presbytero
1152 1017 1319 1097 aliquamdiu
1342 1029 1410 1073 tersa·
1438 1019 1439 1100 ζ

160 1101 316 1162 Temnum
338 1100 497 1172 Menaeni,
524 1099 664 1180 discipuli
687 1097 718 1162 S.
741 1099 793 1162 Pe·
829 1106 885 1170 tus,
903 1099 973 1160 inde
989 1116 1096 1160 rursus
1109 1101 1260 1175 emigrans,
1271 1095 1306 1156 ad
1321 1093 1411 1153 larrirn.

160 1180 281 1240 cuemii.
827 1176 937 1253 laeum,
961 1178 1041 1240 haud
1065 1179 1167 1256 procul
1187 1195 1201 1240 u
1221 1175 1244 1238 S.
1265 1173 1361 1236 Felicis
1373 1171 1408 1232 [-

201 1259 243 1320 lle
263 1275 300 1321 ee
321 1258 407 1336 plura
429 1259 582 1322 habentur
598 1260 629 1320 in
644 1257 673 1321 S.
688 1258 798 1321 Paciae·
828 1259 939 1319 mensis
967 1257 1107 1333 llartyris
1131 1257 1256 1338 sepulcro
1280 1254 1369 1315 sedem
1391 1251 1412 1309 1·

161 1340 216 1401 mii
231 1338 311 1410 Vita,
326 1356 416 1418 quam
432 1341 463 1400 iu
479 1339 568 1402 surii
581 1339 641 1399 rol.
657 1356 675 1399 v
697 1339 795 1400 edidi·
826 1337 880 1409 xit,
902 1337 1161 1418 clarissimamque
1190 1335 1310 1399 nominis
1332 1333 1405 1394 lanae

162 1435 238 1479 mus.
263 1417 374 1496 Relege
398 1435 472 1496 ergo
504 1419 593 1492 liujus
626 1417 798 1480 voluminis
826 1415 949 1494 adeptus
970 1427 1025 1480 est.
1041 1419 1138 1492 Quam
1158 1423 1191 1480 nt
1209 1411 1402 1478 declinante

160 1513 248 1576 pagg.
270 1496 328 1560 ddi
348 1507 379 1559 et
400 1499 468 1560 dee.
493 1496 551 1560 Sed
568 1498 719 1560 Theodori
736 1514 797 1559 me·
827 1497 981 1558 cirtensem
1003 1498 1136 1577 denique
1150 1502 1235 1560 maris
1252 1495 1338 1556 uestri
1358 1493 1409 1552 iusi·

160 1579 359 1638 minitetiam
376 1577 407 1640 S.
425 1577 519 1656 Nyles
541 1580 572 1638 in
595 1577 798 1640 Tractatum
826 1574 884 1636 lum
910 1578 1018 1653 petiit,
1050 1579 1081 1639 in
1110 1593 1202 1654 eaque
1226 1575 1299 1636 ritae
1320 1587 1401 1634 cursus.

163 1653 316 1727 Oratione,
332 1657 396 1730 irbi,
413 1673 476 1734 cap.
494 1674 577 1730 cvtrr,
596 1659 667 1720 naec
688 1659 794 1719 relect:
828 1655 906 1717 inter
921 1657 1125 1719 sanctissimos
1137 1655 1199 1734 ejus
1211 1656 1270 1718 aeri
1286 1658 1406 1716 mentite

165 1735 308 1813 «Legisti
332 1739 457 1797 omniuo
476 1747 506 1797 et
536 1741 613 1798 vitas
633 1737 795 1798 lionaelre-
826 1733 950 1798 biennio
964 1741 1094 1814 peregit.
1117 1761 1129 1794 ι
1160 1737 1197 1798 lla
1219 1749 1299 1814 perro
1319 1733 1405 1793 ereren

160 1831 231 1878 runt
259 1815 563 1888 Tabennesiaterum,
593 1815 643 1878 triti
672 1817 795 1890 dicitur,
825 1831 910 1876 suam
940 1819 1149 1879 narrationem
1180 1813 1319 1877 concludit
1338 1813 1406 1872 Enne-

159 1895 251 1972 quod,
268 1895 383 1956 donate
399 1895 556 1959 Theodoro
571 1911 744 1958 sermenem
759 1899 795 1958 ad
825 1893 908 1956 dius:
938 1917 950 1950 a
966 1894 1098 1958 Blandus
1117 1897 1279 1978 lut'miruet,
1299 1892 1326 1955 S.
1346 1891 1407 1950 lue

159 1973 268 2036 fratres
292 1975 432 2046 habente,
455 1983 608 2036 venerunt
622 1977 699 2037 duae
714 1977 796 2053 ripe·
826 1973 909 2051 eius)
925 1975 1108 2052 juvenibus;
1131 1977 1227 2054 grauis
1244 1972 1363 2035 maturis.
1379 1967 1407 2024 q,

159 2069 210 2115 rne
232 2054 290 2116 sub
310 2056 374 2130 ejus
397 2053 503 2132 pedes;
521 2054 572 2116 ille
588 2071 659 2115 vero
682 2057 795 2134 imper·
826 2062 888 2114 ctus
901 2055 1017 2130 peritis,
1030 2055 1198 2118 submissus
1211 2050 1408 2115 existendosin·

159 2133 281 2196 turbate
302 2151 351 2196 eas
374 2135 416 2196 uti
438 2133 588 2196 fornicem
610 2134 735 2207 inciens,
749 2153 797 2198 su·
846 2131 964 2208 licinus,
982 2142 1071 2198 tetam
1095 2135 1175 2198 illam
1190 2131 1320 2196 deminici
1338 2143 1406 2204 grege

159 2214 252 2290 acepit
274 2214 415 2286 interius,
438 2213 534 2274 denec
555 2230 727 2275 sermenem
752 2216 795 2276 le·
827 2151 1125 2291 regionemlscilicet,
1140 2211 1295 2278 Menecles
1308 2209 1407 2272 deiicie-
1439 2219 1440 2228 ¹

159 2293 797 2372 quntusperfecittnmqueipsasiratriltus
824 2309 881 2364 aaa,
897 2311 1028 2373 quorum
1048 2295 1109 2372 apae
1130 2291 1228 2358 Allius
1247 2286 1407 2362 erectctle·
1439 2321 1440 2328 1

158 2373 302 2444 ostendit,
318 2389 383 2434 rem
396 2387 586 2448 exponens.»
606 2371 795 2448 Gennadius,
825 2377 900 2446 rell,
922 2374 1093 2436 distinctam
1114 2383 1193 2446 actu,
1215 2375 1345 2435 retiatum
1362 2380 1406 2442 gu·

158 2452 197 2512 tle
218 2451 297 2512 Viris
312 2450 483 2514 illusit-ilius
504 2469 606 2525 opens,
628 2468 699 2515 eum
716 2455 796 2516 inter
827 2452 915 2526 tibus,
930 2455 1012 2532 quasi
1037 2469 1129 2516 uuum
1152 2457 1280 2516 enimam
1297 2443 1408 2512 insuad-

159 2529 330 2609 Scriptores
344 2531 564 2594 Ecclesiastices
579 2540 723 2594 recenset.
740 2534 796 2596 lle·
826 2532 954 2594 tectione
978 2533 1111 2610 collegit.
1138 2533 1180 2596 lbi
1207 2531 1329 2602 hiennio,
1349 2527 1403 2600 sep.

159 2611 244 2686 gelas
266 2611 482 2674 Menaenorum
502 2627 517 2672 e
541 2611 702 2674 Tlteodere
722 2629 794 2676 cen·
826 2613 931 2688 potior,
956 2613 1061 2674 mundi
1090 2613 1178 2676 istius
1197 2613 1334 2674 sarcinum
1352 2607 1407 2679 dte·

158 2693 285 2768 scriptns
307 2693 338 2753 in
359 2691 486 2754 latinum
510 2690 665 2754 transtulit
682 2694 711 2754 S.
728 2691 795 2756 flre·
827 2707 913 2766 nens,
927 2692 1024 2754 victer
1040 2692 1231 2766 insidiarum,
1244 2706 1314 2768 quas
1329 2686 1405 2758 antiqu

160 2784 320 2850 rouymns.
824 2773 971 2846 serpentis
985 2781 1068 2849 paret
1090 2775 1210 2846 astutia,
1224 2773 1300 2832 diem
1315 2775 1406 2828 nusum

823 2855 854 2910 et
876 2853 975 2914 lucem
1001 2853 1167 2929 praesentis
1187 2849 1295 2914 saeculi
1316 2851 1400 2924 perpet
1440 2875 1441 2940 q

248 2965 268 3026 S
304 2963 496 3027 ANTONIUS
519 2966 688 3029 MOMOEUS
825 2930 951 2991 luminis
965 2929 1125 3008 adeptione
1139 2929 1335 2994 centenurii.
1349 2925 1407 3014 leto

273 3017 278 3027 “
693 3018 698 3028 ·
823 3007 951 3087 qualiter
966 3011 1060 3072 tilam
1078 3011 1172 3088 ipsius
1187 3012 1290 3072 mortis
1306 3007 1407 3069 clarite⁴

320 3087 440 3151 Floruit
461 3087 579 3150 soeculo
599 3090 631 3150 V.
823 3090 1002 3165 signaverit,
1019 3105 1058 3152 ne
1073 3090 1217 3152 universa
1232 3091 1407 3167 digererent

190 3197 192 3204 ·
823 3173 884 3230 tarn
906 3170 1067 3230 ueritatem
1089 3185 1244 3242 narrasse,
1266 3182 1341 3248 quun
1357 3173 1408 3248 put

199 3245 378 3336 linearum.
396 3281 434 3292 -
448 3247 481 3310 ln
504 3249 688 3312 monasterie
710 3249 795 3311 Leri·
823 3247 896 3310 dicti
913 3247 1052 3310 laudibus
1068 3249 1173 3310 ridear
1188 3239 1379 3312 immoratusl
1397 3235 1409 3294 l·

160 3341 246 3386 nenst
268 3327 364 3388 sancti
386 3326 513 3390 Aureum
529 3329 679 3404 Menaeni,
702 3331 793 3392 mira·
826 3328 869 3389 eti
891 3330 914 3388 si
932 3331 998 3406 quis
1012 3330 1165 3390 consitum
1181 3329 1286 3390 lucum
1302 3321 1405 3390 irondim

159 3403 236 3466 culis
257 3405 341 3468 clari,
823 3407 970 3469 densitate
986 3411 1144 3484 repererit,
1166 3425 1204 3469 ex
1229 3425 1290 3486 que
1311 3409 1406 3468 cereum

206 3507 218 3538 u
239 3483 366 3548 Beatum
384 3487 466 3549 hune
483 3489 599 3558 tirum,
616 3487 716 3566 inquit
730 3487 793 3550 Sir·
824 3485 905 3548 ierre
925 3487 1095 3563 stringente
1122 3487 1305 3566 subripiens,
1324 3487 1404 3562 gertrud

159 3567 289 3626 mondus
321 3567 351 3628 in
382 3565 584 3630 Aduoleliotte
619 3567 654 3629 ad
691 3565 791 3630 Vitam
822 3565 937 3644 sylvae,
951 3566 1027 3628 dum
1044 3569 1210 3643 praesumit
1225 3583 1321 3644 parra,
1333 3575 1374 3623 net
1389 3583 1405 3612 r

160 3643 252 3720 liujus
273 3644 412 3708 Menaeni
441 3646 478 3707 ab
500 3647 669 3709 ennodio·
690 3663 793 3710 exara·
823 3652 941 3720 meret;
958 3645 1136 3708 melioribus
1156 3647 1300 3724 equidem
1312 3645 1340 3706 de
1350 3641 1407 3700 ‚luu-

160 3733 231 3799 tem,
247 3741 337 3804 quem
361 3728 462 3802 paucis
484 3733 550 3806 post
570 3727 686 3788 ebittrm
703 3729 794 3788 annis
824 3725 867 3785 nii
880 3727 974 3786 nostri
992 3725 1085 3797 lactis,
1098 3743 1176 3816 qnae
1190 3726 1267 3804 stylo
1283 3741 1333 3788 non
1346 3729 1404 3786 atli-

159 3807 274 3894 primus
288 3807 427 3866 emnium
443 3807 608 3868 celebravit
626 3805 793 3880 Ennedius,
824 3805 970 3866 narranda
998 3820 1131 3868 servavt.
1155 3803 1268 3868 Vincat
1291 3807 1353 3868 terte
1369 3795 1403 3855 eli·

156 3899 225 3960 pure
246 3885 377 3964 quedam
398 3885 453 3946 sibi
478 3886 633 3948 vindicant
648 3895 708 3948 tres
723 3885 792 3947 Pro·
822 3885 964 3962 quentiae
978 3883 1124 3946 dnnrine:
1148 3901 1240 3946 nemu
1260 3883 1371 3947 metire
1385 3888 1400 3928 1·

160 3965 295 4026 vinciae:
323 3973 423 4026 ertum
446 3963 621 4040 Pannonia,
645 3967 792 4044 potiorem
823 3963 886 4026 lum
901 3963 1195 4041 superabitallectu.
1212 3957 1400 4038 deceatque·

159 4045 240 4106 vitae
263 4051 377 4122 partem
392 4043 491 4120 ltalia,
503 4046 621 4108 ebitum
643 4053 674 4108 et
696 4061 794 4108 sacras
822 4050 909 4106 tutus
923 4043 1029 4116 luerit,
1044 4043 1081 4106 de
1097 4044 1223 4120 peritiae
1238 4042 1404 4122 messeiudl'

824 4123 918 4185 tiam:
946 4123 1021 4184 milri
1046 4123 1177 4202 gratiana
1211 4122 1293 4188 beati
1325 4122 1403 4184 tonius

185 4199 197 4222 ·
212 4200 233 4240 s.
250 4201 355 4250 Enuedit,
369 4202 478 4256 episcopt
492 4205 630 4252 wietnenute.
647 4205 741 4253 testum,
756 4203 794 4247 dia

160 4257 185 4296 11
192 4259 247 4306 julil
257 4263 341 4312 egitur.
849 4265 1122 4309 “tenteeertrdnetdic
1131 4264 1182 4308 dies
1191 4253 1394 4311 celebaturtittffl

186 4319 212 4346 *⁸
227 4323 290 4368 Ques
309 4331 359 4369 erut
386 4328 507 4380 neomenia
530 4332 594 4374 luter
619 4332 753 4374 Danubium
772 4335 796 4374 et
824 4329 1274 4382 vteesurtnm.tnvotcongnoscas.

158 4377 268 4424 Drusum.
851 4395 908 4426 ⁸⁸¹⁸*
921 4395 1142 4440 [indemnitatem.
