<?xml version="1.0" encoding="UTF-8"?>
<!DOCTYPE html PUBLIC "-//W3C//DTD XHTML 1.0 Transitional//EN"
    "http://www.w3.org/TR/xhtml1/DTD/xhtml1-transitional.dtd">
<html xmlns="http://www.w3.org/1999/xhtml" xml:lang="en" lang="en">
 <head>
  <title>
</title>
<meta http-equiv="Content-Type" content="text/html;charset=utf-8" />
  <meta name='ocr-system' content='tesseract 3.04.00' />
  <meta name='ocr-capabilities' content='ocr_page ocr_carea ocr_par ocr_line ocrx_word'/>
</head>
<body>
  <div class='ocr_page' id='page_1' title='image "./historiaeseuvit00lippgoog_0238.png"; bbox 0 0 2972 4826; ppageno 0'>
   <div class='ocr_carea' id='block_1_1' title="bbox 57 297 1238 362">
    <p class='ocr_par' dir='ltr' id='par_1_1' title="bbox 57 297 1238 362">
     <span class='ocr_line' id='line_1_1' title="bbox 57 297 1238 362; baseline 0 -2"><span class='ocrx_word' id='word_1_1' title='bbox 57 297 156 360; x_wconf 76' lang='lat' dir='ltr'><strong>ItEE&#39;I</strong></span> <span class='ocrx_word' id='word_1_2' title='bbox 307 315 347 362; x_wconf 85' lang='lat' dir='ltr'><strong>nn</strong></span> <span class='ocrx_word' id='word_1_3' title='bbox 371 315 399 362; x_wconf 87' lang='lat' dir='ltr'><strong>s.</strong></span> <span class='ocrx_word' id='word_1_4' title='bbox 424 313 579 362; x_wconf 79' lang='lat' dir='ltr'><strong>asaaosio</strong></span> <span class='ocrx_word' id='word_1_5' title='bbox 604 313 653 360; x_wconf 86' lang='lat' dir='ltr'><strong>nr.</strong></span> <span class='ocrx_word' id='word_1_6' title='bbox 680 311 810 361; x_wconf 85' lang='lat' dir='ltr'><strong>usnxnt.</strong></span> <span class='ocrx_word' id='word_1_7' title='bbox 837 313 874 360; x_wconf 85' lang='lat' dir='ltr'><strong>nr</strong></span> <span class='ocrx_word' id='word_1_8' title='bbox 899 311 988 361; x_wconf 83' lang='lat' dir='ltr'><strong>noer.</strong></span> <span class='ocrx_word' id='word_1_9' title='bbox 1173 297 1238 360; x_wconf 76' lang='lat'><strong>205</strong></span> 
     </span>
    </p>
   </div>
   <div class='ocr_carea' id='block_1_2' title="bbox 39 395 1291 4222">
    <p class='ocr_par' dir='ltr' id='par_1_2' title="bbox 42 395 1285 1355">
     <span class='ocr_line' id='line_1_2' title="bbox 55 395 1282 478; baseline 0 -12"><span class='ocrx_word' id='word_1_10' title='bbox 55 397 123 468; x_wconf 91' lang='lat' dir='ltr'><strong>illurn</strong></span> <span class='ocrx_word' id='word_1_11' title='bbox 145 410 319 478; x_wconf 75' lang='lat' dir='ltr'>necarent,</span> <span class='ocrx_word' id='word_1_12' title='bbox 351 396 537 478; x_wconf 65' lang='lat' dir='ltr'><strong>latebatun</strong></span> <span class='ocrx_word' id='word_1_13' title='bbox 564 395 624 467; x_wconf 91' lang='lat' dir='ltr'><strong>sed</strong></span> <span class='ocrx_word' id='word_1_14' title='bbox 655 397 841 468; x_wconf 89' lang='lat' dir='ltr'><strong>daemones</strong></span> <span class='ocrx_word' id='word_1_15' title='bbox 866 397 1111 478; x_wconf 81' lang='lat' dir='ltr'>renunciasse,</span> <span class='ocrx_word' id='word_1_16' title='bbox 1145 419 1181 466; x_wconf 92' lang='lat' dir='ltr'><strong>se</strong></span> <span class='ocrx_word' id='word_1_17' title='bbox 1214 419 1282 468; x_wconf 92' lang='lat' dir='ltr'><strong>non</strong></span> 
     </span>
     <span class='ocr_line' id='line_1_3' title="bbox 53 485 1281 577; baseline 0.002 -23"><span class='ocrx_word' id='word_1_18' title='bbox 53 485 133 556; x_wconf 75' lang='lat' dir='ltr'><strong>mlum</strong></span> <span class='ocrx_word' id='word_1_19' title='bbox 154 485 193 556; x_wconf 92' lang='lat' dir='ltr'><strong>ad</strong></span> <span class='ocrx_word' id='word_1_20' title='bbox 219 487 330 576; x_wconf 90' lang='lat' dir='ltr'><strong>ipsum</strong></span> <span class='ocrx_word' id='word_1_21' title='bbox 356 487 635 577; x_wconf 88' lang='lat' dir='ltr'><strong>appropinquare</strong></span> <span class='ocrx_word' id='word_1_22' title='bbox 660 487 803 556; x_wconf 90' lang='lat' dir='ltr'><strong>minime</strong></span> <span class='ocrx_word' id='word_1_23' title='bbox 833 507 942 576; x_wconf 89' lang='lat' dir='ltr'><strong>posse,</strong></span> <span class='ocrx_word' id='word_1_24' title='bbox 970 486 1192 556; x_wconf 83' lang='lat' dir='ltr'><strong>verumetiam</strong></span> <span class='ocrx_word' id='word_1_25' title='bbox 1221 508 1281 556; x_wconf 87' lang='lat' dir='ltr'><strong>nee</strong></span> 
     </span>
     <span class='ocr_line' id='line_1_4' title="bbox 50 574 1283 666; baseline 0.002 -24"><span class='ocrx_word' id='word_1_26' title='bbox 50 575 79 643; x_wconf 86' lang='lat' dir='ltr'><strong>ad</strong></span> <span class='ocrx_word' id='word_1_27' title='bbox 98 574 171 646; x_wconf 84' lang='lat' dir='ltr'><strong>sores</strong></span> <span class='ocrx_word' id='word_1_28' title='bbox 186 574 319 655; x_wconf 91' lang='lat' dir='ltr'><strong>domus,</strong></span> <span class='ocrx_word' id='word_1_29' title='bbox 343 576 377 644; x_wconf 91' lang='lat' dir='ltr'><strong>in</strong></span> <span class='ocrx_word' id='word_1_30' title='bbox 400 597 467 662; x_wconf 84' lang='lat' dir='ltr'><strong>qna</strong></span> <span class='ocrx_word' id='word_1_31' title='bbox 490 574 649 646; x_wconf 85' lang='lat' dir='ltr'><strong>manebat</strong></span> <span class='ocrx_word' id='word_1_32' title='bbox 668 575 871 664; x_wconf 81' lang='lat' dir='ltr'>Episcopus,</span> <span class='ocrx_word' id='word_1_33' title='bbox 890 574 972 662; x_wconf 87' lang='lat' dir='ltr'><strong>qnia</strong></span> <span class='ocrx_word' id='word_1_34' title='bbox 992 575 1084 666; x_wconf 81' lang='lat' dir='ltr'><strong>ignis</strong></span> <span class='ocrx_word' id='word_1_35' title='bbox 1105 575 1283 665; x_wconf 89' lang='lat' dir='ltr'><strong>insupera-</strong></span> 
     </span>
     <span class='ocr_line' id='line_1_5' title="bbox 49 663 1282 754; baseline 0.002 -22"><span class='ocrx_word' id='word_1_36' title='bbox 49 664 104 732; x_wconf 90' lang='lat' dir='ltr'><strong>bilis</strong></span> <span class='ocrx_word' id='word_1_37' title='bbox 122 685 215 734; x_wconf 90' lang='lat' dir='ltr'><strong>omne</strong></span> <span class='ocrx_word' id='word_1_38' title='bbox 240 663 322 734; x_wconf 93' lang='lat' dir='ltr'><strong>illud</strong></span> <span class='ocrx_word' id='word_1_39' title='bbox 349 663 543 735; x_wconf 88' lang='lat' dir='ltr'><strong>aedilicium</strong></span> <span class='ocrx_word' id='word_1_40' title='bbox 577 666 829 744; x_wconf 88' lang='lat' dir='ltr'><strong>communiret,</strong></span> <span class='ocrx_word' id='word_1_41' title='bbox 856 677 895 733; x_wconf 92' lang='lat' dir='ltr'><strong>ut</strong></span> <span class='ocrx_word' id='word_1_42' title='bbox 924 664 1026 734; x_wconf 90' lang='lat' dir='ltr'><strong>etiam</strong></span> <span class='ocrx_word' id='word_1_43' title='bbox 1053 663 1154 754; x_wconf 85' lang='lat' dir='ltr'><strong>longe</strong></span> <span class='ocrx_word' id='word_1_44' title='bbox 1178 664 1282 754; x_wconf 92' lang='lat' dir='ltr'><strong>positi</strong></span> 
     </span>
     <span class='ocr_line' id='line_1_6' title="bbox 49 752 1282 842; baseline 0 -20"><span class='ocrx_word' id='word_1_45' title='bbox 49 765 208 833; x_wconf 67' lang='lat' dir='ltr'><strong>urercmum</strong></span> <span class='ocrx_word' id='word_1_46' title='bbox 235 766 336 842; x_wconf 89' lang='lat' dir='ltr'><strong>atquc</strong></span> <span class='ocrx_word' id='word_1_47' title='bbox 360 755 406 823; x_wconf 88' lang='lat' dir='ltr'><strong>ita</strong></span> <span class='ocrx_word' id='word_1_48' title='bbox 422 775 573 824; x_wconf 78' lang='lat' dir='ltr'>cessasse</span> <span class='ocrx_word' id='word_1_49' title='bbox 593 765 682 822; x_wconf 84' lang='lat' dir='ltr'><strong>artes</strong></span> <span class='ocrx_word' id='word_1_50' title='bbox 699 775 793 831; x_wconf 90' lang='lat' dir='ltr'><strong>suas,</strong></span> <span class='ocrx_word' id='word_1_51' title='bbox 812 752 941 839; x_wconf 87' lang='lat' dir='ltr'><strong>quibus</strong></span> <span class='ocrx_word' id='word_1_52' title='bbox 956 752 1121 822; x_wconf 87' lang='lat' dir='ltr'><strong>adversus</strong></span> <span class='ocrx_word' id='word_1_53' title='bbox 1148 753 1282 822; x_wconf 86' lang='lat' dir='ltr'>Domini</span> 
     </span>
     <span class='ocr_line' id='line_1_7' title="bbox 48 840 1283 932; baseline 0.003 -24"><span class='ocrx_word' id='word_1_54' title='bbox 48 841 217 912; x_wconf 74' lang='lat' dir='ltr'>sacerdotem</span> <span class='ocrx_word' id='word_1_55' title='bbox 248 865 283 912; x_wconf 90' lang='lat' dir='ltr'><strong>se</strong></span> <span class='ocrx_word' id='word_1_56' title='bbox 313 841 444 932; x_wconf 84' lang='lat' dir='ltr'><strong>aliquid</strong></span> <span class='ocrx_word' id='word_1_57' title='bbox 475 863 574 932; x_wconf 90' lang='lat' dir='ltr'><strong>posse</strong></span> <span class='ocrx_word' id='word_1_58' title='bbox 603 841 846 912; x_wconf 79' lang='lat' dir='ltr'><strong>arbitrabatur.</strong></span> <span class='ocrx_word' id='word_1_59' title='bbox 874 840 970 913; x_wconf 80' lang='lat' dir='ltr'><strong>Illius</strong></span> <span class='ocrx_word' id='word_1_60' title='bbox 998 841 1100 910; x_wconf 88' lang='lat' dir='ltr'><strong>etiam</strong></span> <span class='ocrx_word' id='word_1_61' title='bbox 1126 840 1283 932; x_wconf 81' lang='lat' dir='ltr'><strong>gladium</strong></span> 
     </span>
     <span class='ocr_line' id='line_1_8' title="bbox 47 929 1279 1020; baseline 0.002 -24"><span class='ocrx_word' id='word_1_62' title='bbox 47 929 128 1000; x_wconf 78' lang='lat' dir='ltr'><strong>lenos</strong></span> <span class='ocrx_word' id='word_1_63' title='bbox 145 931 184 1000; x_wconf 93' lang='lat' dir='ltr'><strong>ad</strong></span> <span class='ocrx_word' id='word_1_64' title='bbox 209 931 410 1002; x_wconf 77' lang='lat' dir='ltr'><strong>cubiculum</strong></span> <span class='ocrx_word' id='word_1_65' title='bbox 433 953 554 1018; x_wconf 86' lang='lat' dir='ltr'><strong>usque,</strong></span> <span class='ocrx_word' id='word_1_66' title='bbox 575 943 613 1000; x_wconf 90' lang='lat' dir='ltr'><strong>ut</strong></span> <span class='ocrx_word' id='word_1_67' title='bbox 630 931 835 1000; x_wconf 81' lang='lat' dir='ltr'><strong>Interrieerer</strong></span> <span class='ocrx_word' id='word_1_68' title='bbox 860 930 1083 1011; x_wconf 82' lang='lat' dir='ltr'><strong>sacerdotem,</strong></span> <span class='ocrx_word' id='word_1_69' title='bbox 1108 933 1279 1020; x_wconf 89' lang='lat' dir='ltr'><strong>pervenit:</strong></span> 
     </span>
     <span class='ocr_line' id='line_1_9' title="bbox 44 1017 1284 1110; baseline 0.002 -22"><span class='ocrx_word' id='word_1_70' title='bbox 44 1019 164 1088; x_wconf 90' lang='lat' dir='ltr'><strong>sedcnm</strong></span> <span class='ocrx_word' id='word_1_71' title='bbox 184 1019 348 1090; x_wconf 84' lang='lat' dir='ltr'>elevasset</span> <span class='ocrx_word' id='word_1_72' title='bbox 364 1039 519 1101; x_wconf 88' lang='lat' dir='ltr'><strong>manum,</strong></span> <span class='ocrx_word' id='word_1_73' title='bbox 542 1019 697 1090; x_wconf 91' lang='lat' dir='ltr'><strong>districto</strong></span> <span class='ocrx_word' id='word_1_74' title='bbox 714 1018 841 1110; x_wconf 83' lang='lat' dir='ltr'><strong>gladio,</strong></span> <span class='ocrx_word' id='word_1_75' title='bbox 868 1017 1004 1090; x_wconf 90' lang='lat' dir='ltr'><strong>dextera</strong></span> <span class='ocrx_word' id='word_1_76' title='bbox 1028 1019 1207 1109; x_wconf 86' lang='lat' dir='ltr'><strong>obrigente</strong></span> <span class='ocrx_word' id='word_1_77' title='bbox 1231 1041 1284 1090; x_wconf 91' lang='lat' dir='ltr'><strong>re·</strong></span> 
     </span>
     <span class='ocr_line' id='line_1_10' title="bbox 43 1107 1284 1198; baseline 0.003 -24"><span class='ocrx_word' id='word_1_78' title='bbox 43 1109 150 1176; x_wconf 87' lang='lat' dir='ltr'><strong>mansit.</strong></span> <span class='ocrx_word' id='word_1_79' title='bbox 174 1114 268 1178; x_wconf 85' lang='lat' dir='ltr'><strong>Tunc</strong></span> <span class='ocrx_word' id='word_1_80' title='bbox 293 1131 329 1178; x_wconf 89' lang='lat' dir='ltr'><strong>se</strong></span> <span class='ocrx_word' id='word_1_81' title='bbox 354 1109 499 1180; x_wconf 90' lang='lat' dir='ltr'><strong>missum</strong></span> <span class='ocrx_word' id='word_1_82' title='bbox 525 1130 545 1177; x_wconf 91' lang='lat' dir='ltr'><strong>a</strong></span> <span class='ocrx_word' id='word_1_83' title='bbox 568 1107 701 1178; x_wconf 88' lang='lat' dir='ltr'><strong>lustina</strong></span> <span class='ocrx_word' id='word_1_84' title='bbox 727 1121 907 1198; x_wconf 87' lang='lat' dir='ltr'><strong>postquam</strong></span> <span class='ocrx_word' id='word_1_85' title='bbox 928 1107 1106 1180; x_wconf 79' lang='lat' dir='ltr'><strong>consessus</strong></span> <span class='ocrx_word' id='word_1_86' title='bbox 1122 1122 1185 1188; x_wconf 90' lang='lat' dir='ltr'><strong>est,</strong></span> <span class='ocrx_word' id='word_1_87' title='bbox 1204 1109 1284 1178; x_wconf 90' lang='lat' dir='ltr'><strong>bra-</strong></span> 
     </span>
     <span class='ocr_line' id='line_1_11' title="bbox 44 1195 1285 1352; baseline 0.005 -90"><span class='ocrx_word' id='word_1_88' title='bbox 44 1196 156 1352; x_wconf 43' lang='lat' dir='ltr'><strong>chum,</strong></span> <span class='ocrx_word' id='word_1_89' title='bbox 182 1197 272 1286; x_wconf 86' lang='lat' dir='ltr'><strong>qnod</strong></span> <span class='ocrx_word' id='word_1_90' title='bbox 301 1198 419 1285; x_wconf 88' lang='lat' dir='ltr'><strong>inique</strong></span> <span class='ocrx_word' id='word_1_91' title='bbox 442 1218 522 1268; x_wconf 90' lang='lat' dir='ltr'><strong>cum</strong></span> <span class='ocrx_word' id='word_1_92' title='bbox 551 1195 811 1281; x_wconf 81' lang='lat' dir='ltr'><strong>extenderetur,</strong></span> <span class='ocrx_word' id='word_1_93' title='bbox 840 1200 1010 1288; x_wconf 84' lang='lat' dir='ltr'><strong>riguerat,</strong></span> <span class='ocrx_word' id='word_1_94' title='bbox 1044 1211 1201 1269; x_wconf 89' lang='lat' dir='ltr'><strong>sanatum</strong></span> <span class='ocrx_word' id='word_1_95' title='bbox 1234 1209 1285 1270; x_wconf 86' lang='lat' dir='ltr'><strong>est</strong></span> 
     </span>
     <span class='ocr_line' id='line_1_12' title="bbox 42 1305 232 1355; baseline 0.026 -5"><span class='ocrx_word' id='word_1_96' title='bbox 42 1305 232 1355; x_wconf 70' lang='lat' dir='ltr'><strong>concauus.</strong></span> 
     </span>
    </p>

    <p class='ocr_par' dir='ltr' id='par_1_3' title="bbox 39 1373 1285 2353">
     <span class='ocr_line' id='line_1_13' title="bbox 74 1373 1281 1465; baseline -0.002 -18"><span class='ocrx_word' id='word_1_97' title='bbox 74 1375 171 1459; x_wconf 77' lang='lat' dir='ltr'><strong>tto.</strong></span> <span class='ocrx_word' id='word_1_98' title='bbox 196 1380 260 1444; x_wconf 89' lang='lat' dir='ltr'><strong>Per</strong></span> <span class='ocrx_word' id='word_1_99' title='bbox 281 1373 371 1444; x_wconf 88' lang='lat' dir='ltr'><strong>idem</strong></span> <span class='ocrx_word' id='word_1_100' title='bbox 391 1387 527 1465; x_wconf 88' lang='lat' dir='ltr'><strong>tempus</strong></span> <span class='ocrx_word' id='word_1_101' title='bbox 547 1395 626 1446; x_wconf 86' lang='lat' dir='ltr'><strong>cum</strong></span> <span class='ocrx_word' id='word_1_102' title='bbox 647 1375 697 1443; x_wconf 93' lang='lat' dir='ltr'><strong>vir</strong></span> <span class='ocrx_word' id='word_1_103' title='bbox 713 1374 858 1444; x_wconf 91' lang='lat' dir='ltr'><strong>illustris</strong></span> <span class='ocrx_word' id='word_1_104' title='bbox 875 1375 1003 1446; x_wconf 87' lang='lat' dir='ltr'><strong>Probus</strong></span> <span class='ocrx_word' id='word_1_105' title='bbox 1018 1396 1161 1463; x_wconf 87' lang='lat' dir='ltr'><strong>puerum</strong></span> <span class='ocrx_word' id='word_1_106' title='bbox 1179 1395 1281 1444; x_wconf 88' lang='lat' dir='ltr'><strong>suum</strong></span> 
     </span>
     <span class='ocr_line' id='line_1_14' title="bbox 42 1461 1284 1554; baseline 0.004 -27"><span class='ocrx_word' id='word_1_107' title='bbox 42 1464 192 1543; x_wconf 84' lang='lat' dir='ltr'><strong>notarium,</strong></span> <span class='ocrx_word' id='word_1_108' title='bbox 210 1464 271 1552; x_wconf 83' lang='lat' dir='ltr'><strong>qui</strong></span> <span class='ocrx_word' id='word_1_109' title='bbox 300 1463 424 1552; x_wconf 89' lang='lat' dir='ltr'><strong>spiritu</strong></span> <span class='ocrx_word' id='word_1_110' title='bbox 447 1463 630 1534; x_wconf 89' lang='lat' dir='ltr'><strong>immundo</strong></span> <span class='ocrx_word' id='word_1_111' title='bbox 654 1463 802 1554; x_wconf 82' lang='lat' dir='ltr'><strong>graviter</strong></span> <span class='ocrx_word' id='word_1_112' title='bbox 822 1462 1016 1545; x_wconf 84' lang='lat' dir='ltr'><strong>vexabatur,</strong></span> <span class='ocrx_word' id='word_1_113' title='bbox 1039 1463 1217 1534; x_wconf 85' lang='lat' dir='ltr'><strong>direxisset</strong></span> <span class='ocrx_word' id='word_1_114' title='bbox 1241 1461 1284 1532; x_wconf 91' lang='lat' dir='ltr'><strong>ad</strong></span> 
     </span>
     <span class='ocr_line' id='line_1_15' title="bbox 40 1550 1284 1643; baseline 0.004 -26"><span class='ocrx_word' id='word_1_115' title='bbox 40 1551 235 1642; x_wconf 79' lang='lat' dir='ltr'><strong>Episcopum,</strong></span> <span class='ocrx_word' id='word_1_116' title='bbox 262 1573 444 1643; x_wconf 81' lang='lat' dir='ltr'><strong>egressum</strong></span> <span class='ocrx_word' id='word_1_117' title='bbox 469 1552 557 1625; x_wconf 92' lang='lat' dir='ltr'><strong>urbe</strong></span> <span class='ocrx_word' id='word_1_118' title='bbox 580 1551 713 1624; x_wconf 90' lang='lat' dir='ltr'><strong>dimisit</strong></span> <span class='ocrx_word' id='word_1_119' title='bbox 735 1550 921 1631; x_wconf 92' lang='lat' dir='ltr'><strong>diabolus,</strong></span> <span class='ocrx_word' id='word_1_120' title='bbox 948 1551 1072 1624; x_wconf 88' lang='lat' dir='ltr'><strong>timens</strong></span> <span class='ocrx_word' id='word_1_121' title='bbox 1095 1553 1136 1622; x_wconf 93' lang='lat' dir='ltr'><strong>ad</strong></span> <span class='ocrx_word' id='word_1_122' title='bbox 1172 1552 1284 1622; x_wconf 86' lang='lat' dir='ltr'><strong>virnrb</strong></span> 
     </span>
     <span class='ocr_line' id='line_1_16' title="bbox 40 1639 1284 1731; baseline 0.004 -26"><span class='ocrx_word' id='word_1_123' title='bbox 40 1654 165 1710; x_wconf 77' lang='lat' dir='ltr'><strong>sanctum</strong></span> <span class='ocrx_word' id='word_1_124' title='bbox 190 1641 350 1731; x_wconf 83' lang='lat' dir='ltr'><strong>perduci.</strong></span> <span class='ocrx_word' id='word_1_125' title='bbox 376 1645 482 1728; x_wconf 85' lang='lat' dir='ltr'><strong>tltque</strong></span> <span class='ocrx_word' id='word_1_126' title='bbox 510 1642 554 1712; x_wconf 91' lang='lat' dir='ltr'><strong>ita</strong></span> <span class='ocrx_word' id='word_1_127' title='bbox 580 1662 667 1731; x_wconf 91' lang='lat' dir='ltr'><strong>puer</strong></span> <span class='ocrx_word' id='word_1_128' title='bbox 692 1641 861 1729; x_wconf 89' lang='lat' dir='ltr'><strong>quamdiu</strong></span> <span class='ocrx_word' id='word_1_129' title='bbox 886 1639 1067 1710; x_wconf 86' lang='lat' dir='ltr'><strong>Mediolani</strong></span> <span class='ocrx_word' id='word_1_130' title='bbox 1087 1641 1180 1731; x_wconf 90' lang='lat' dir='ltr'><strong>apud</strong></span> <span class='ocrx_word' id='word_1_131' title='bbox 1205 1641 1284 1730; x_wconf 87' lang='lat' dir='ltr'><strong>Epi-</strong></span> 
     </span>
     <span class='ocr_line' id='line_1_17' title="bbox 39 1728 1284 1821; baseline 0.003 -27"><span class='ocrx_word' id='word_1_132' title='bbox 39 1749 151 1816; x_wconf 77' lang='lat' dir='ltr'><strong>scopum</strong></span> <span class='ocrx_word' id='word_1_133' title='bbox 168 1729 242 1812; x_wconf 89' lang='lat' dir='ltr'><strong>luit,</strong></span> <span class='ocrx_word' id='word_1_134' title='bbox 264 1729 362 1800; x_wconf 88' lang='lat' dir='ltr'><strong>nulla</strong></span> <span class='ocrx_word' id='word_1_135' title='bbox 381 1731 603 1800; x_wconf 89' lang='lat' dir='ltr'><strong>comminatio</strong></span> <span class='ocrx_word' id='word_1_136' title='bbox 623 1729 749 1800; x_wconf 90' lang='lat' dir='ltr'><strong>diaboli</strong></span> <span class='ocrx_word' id='word_1_137' title='bbox 766 1728 937 1821; x_wconf 92' lang='lat' dir='ltr'><strong>apparuit.</strong></span> <span class='ocrx_word' id='word_1_138' title='bbox 966 1729 1026 1796; x_wconf 88' lang='lat' dir='ltr'><strong>Sed</strong></span> <span class='ocrx_word' id='word_1_139' title='bbox 1048 1730 1107 1800; x_wconf 92' lang='lat' dir='ltr'><strong>ubi</strong></span> <span class='ocrx_word' id='word_1_140' title='bbox 1124 1749 1284 1818; x_wconf 78' lang='lat' dir='ltr'><strong>egressus</strong></span> 
     </span>
     <span class='ocr_line' id='line_1_18' title="bbox 41 1817 1283 1909; baseline 0.002 -26"><span class='ocrx_word' id='word_1_141' title='bbox 41 1817 197 1888; x_wconf 82' lang='lat' dir='ltr'><strong>¹Mediolano</strong></span> <span class='ocrx_word' id='word_1_142' title='bbox 217 1833 283 1901; x_wconf 90' lang='lat' dir='ltr'><strong>est,</strong></span> <span class='ocrx_word' id='word_1_143' title='bbox 300 1830 336 1889; x_wconf 91' lang='lat' dir='ltr'><strong>et</strong></span> <span class='ocrx_word' id='word_1_144' title='bbox 353 1841 457 1908; x_wconf 90' lang='lat' dir='ltr'><strong>prope</strong></span> <span class='ocrx_word' id='word_1_145' title='bbox 483 1821 605 1890; x_wconf 91' lang='lat' dir='ltr'><strong>Urbem</strong></span> <span class='ocrx_word' id='word_1_146' title='bbox 633 1819 798 1909; x_wconf 89' lang='lat' dir='ltr'><strong>pervenit,</strong></span> <span class='ocrx_word' id='word_1_147' title='bbox 824 1817 913 1887; x_wconf 91' lang='lat' dir='ltr'><strong>idem</strong></span> <span class='ocrx_word' id='word_1_148' title='bbox 932 1818 1086 1906; x_wconf 88' lang='lat' dir='ltr'><strong>spiritus,</strong></span> <span class='ocrx_word' id='word_1_149' title='bbox 1106 1819 1166 1906; x_wconf 88' lang='lat' dir='ltr'><strong>qui</strong></span> <span class='ocrx_word' id='word_1_150' title='bbox 1185 1818 1283 1888; x_wconf 85' lang='lat' dir='ltr'><strong>Illum</strong></span> 
     </span>
     <span class='ocr_line' id='line_1_19' title="bbox 42 1907 1285 1997; baseline 0.003 -27"><span class='ocrx_word' id='word_1_151' title='bbox 42 1919 114 1975; x_wconf 84' lang='lat' dir='ltr'><strong>actea</strong></span> <span class='ocrx_word' id='word_1_152' title='bbox 135 1907 310 1988; x_wconf 89' lang='lat' dir='ltr'><strong>babuerat,</strong></span> <span class='ocrx_word' id='word_1_153' title='bbox 334 1929 454 1976; x_wconf 90' lang='lat' dir='ltr'><strong>vexare</strong></span> <span class='ocrx_word' id='word_1_154' title='bbox 477 1909 599 1997; x_wconf 89' lang='lat' dir='ltr'><strong>coepit.</strong></span> <span class='ocrx_word' id='word_1_155' title='bbox 627 1908 692 1990; x_wconf 73' lang='lat' dir='ltr'><strong>Oui</strong></span> <span class='ocrx_word' id='word_1_156' title='bbox 715 1929 795 1978; x_wconf 88' lang='lat' dir='ltr'><strong>cunr</strong></span> <span class='ocrx_word' id='word_1_157' title='bbox 816 1908 1083 1994; x_wconf 83' lang='lat' dir='ltr'><strong>interrogaretur</strong></span> <span class='ocrx_word' id='word_1_158' title='bbox 1098 1907 1140 1977; x_wconf 90' lang='lat' dir='ltr'><strong>ab</strong></span> <span class='ocrx_word' id='word_1_159' title='bbox 1156 1907 1285 1978; x_wconf 86' lang='lat' dir='ltr'><strong>exorci-</strong></span> 
     </span>
     <span class='ocr_line' id='line_1_20' title="bbox 46 1994 1284 2084; baseline 0.006 -27"><span class='ocrx_word' id='word_1_160' title='bbox 46 1995 106 2072; x_wconf 74' lang='lat' dir='ltr'><strong>stis,</strong></span> <span class='ocrx_word' id='word_1_161' title='bbox 128 2019 185 2066; x_wconf 92' lang='lat' dir='ltr'><strong>cur</strong></span> <span class='ocrx_word' id='word_1_162' title='bbox 211 1995 396 2084; x_wconf 68' lang='lat' dir='ltr'><strong>quamdiu,</strong></span> <span class='ocrx_word' id='word_1_163' title='bbox 412 1997 593 2066; x_wconf 83' lang='lat' dir='ltr'><strong>Mediolani</strong></span> <span class='ocrx_word' id='word_1_164' title='bbox 611 1995 685 2070; x_wconf 85' lang='lat' dir='ltr'><strong>luit.</strong></span> <span class='ocrx_word' id='word_1_165' title='bbox 717 2017 784 2066; x_wconf 91' lang='lat' dir='ltr'><strong>non</strong></span> <span class='ocrx_word' id='word_1_166' title='bbox 811 1997 845 2064; x_wconf 92' lang='lat' dir='ltr'><strong>io</strong></span> <span class='ocrx_word' id='word_1_167' title='bbox 865 1994 965 2064; x_wconf 91' lang='lat' dir='ltr'><strong>illoa</strong></span> <span class='ocrx_word' id='word_1_168' title='bbox 996 1995 1175 2084; x_wconf 84' lang='lat' dir='ltr'><strong>paruisset,</strong></span> <span class='ocrx_word' id='word_1_169' title='bbox 1202 2017 1284 2064; x_wconf 90' lang='lat' dir='ltr'><strong>oon·</strong></span> 
     </span>
     <span class='ocr_line' id='line_1_21' title="bbox 47 2017 1284 2163; baseline 0.002 -13"><span class='ocrx_word' id='word_1_170' title='bbox 47 2081 124 2154; x_wconf 77' lang='lat' dir='ltr'><strong>lusus</strong></span> <span class='ocrx_word' id='word_1_171' title='bbox 143 2097 190 2156; x_wconf 92' lang='lat' dir='ltr'><strong>est</strong></span> <span class='ocrx_word' id='word_1_172' title='bbox 211 2085 380 2156; x_wconf 89' lang='lat' dir='ltr'><strong>diabolus</strong></span> <span class='ocrx_word' id='word_1_173' title='bbox 395 2086 551 2156; x_wconf 88' lang='lat' dir='ltr'><strong>timuisse</strong></span> <span class='ocrx_word' id='word_1_174' title='bbox 575 2107 610 2154; x_wconf 89' lang='lat' dir='ltr'><strong>sc</strong></span> <span class='ocrx_word' id='word_1_175' title='bbox 633 2086 865 2163; x_wconf 74' lang='lat' dir='ltr'><strong>ambrosium,</strong></span> <span class='ocrx_word' id='word_1_176' title='bbox 892 2098 925 2152; x_wconf 91' lang='lat' dir='ltr'><strong>et</strong></span> <span class='ocrx_word' id='word_1_177' title='bbox 944 2017 1020 2152; x_wconf 66' lang='lat' dir='ltr'><strong>tullo</strong></span> <span class='ocrx_word' id='word_1_178' title='bbox 1036 2083 1216 2154; x_wconf 87' lang='lat' dir='ltr'><strong>recessisse</strong></span> <span class='ocrx_word' id='word_1_179' title='bbox 1240 2083 1284 2153; x_wconf 92' lang='lat' dir='ltr'><strong>ad</strong></span> 
     </span>
     <span class='ocr_line' id='line_1_22' title="bbox 49 2171 1284 2263; baseline -0.002 -19"><span class='ocrx_word' id='word_1_180' title='bbox 49 2188 153 2258; x_wconf 77' lang='lat' dir='ltr'><strong>‘tmpus</strong></span> <span class='ocrx_word' id='word_1_181' title='bbox 165 2187 267 2262; x_wconf 90' lang='lat' dir='ltr'><strong>atque</strong></span> <span class='ocrx_word' id='word_1_182' title='bbox 284 2185 504 2263; x_wconf 88' lang='lat' dir='ltr'><strong>exspectasse</strong></span> <span class='ocrx_word' id='word_1_183' title='bbox 518 2175 551 2242; x_wconf 93' lang='lat' dir='ltr'><strong>in</strong></span> <span class='ocrx_word' id='word_1_184' title='bbox 567 2173 626 2244; x_wconf 93' lang='lat' dir='ltr'><strong>illo</strong></span> <span class='ocrx_word' id='word_1_185' title='bbox 643 2173 727 2254; x_wconf 92' lang='lat' dir='ltr'><strong>loco,</strong></span> <span class='ocrx_word' id='word_1_186' title='bbox 747 2174 807 2246; x_wconf 91' lang='lat' dir='ltr'><strong>ubi</strong></span> <span class='ocrx_word' id='word_1_187' title='bbox 821 2173 864 2242; x_wconf 90' lang='lat' dir='ltr'><strong>ab</strong></span> <span class='ocrx_word' id='word_1_188' title='bbox 885 2171 944 2242; x_wconf 94' lang='lat' dir='ltr'><strong>illo</strong></span> <span class='ocrx_word' id='word_1_189' title='bbox 965 2187 1160 2254; x_wconf 88' lang='lat' dir='ltr'><strong>recesserat,</strong></span> <span class='ocrx_word' id='word_1_190' title='bbox 1176 2171 1284 2242; x_wconf 92' lang='lat' dir='ltr'><strong>donec</strong></span> 
     </span>
     <span class='ocr_line' id='line_1_23' title="bbox 51 2262 1250 2353; baseline 0.006 -31"><span class='ocrx_word' id='word_1_191' title='bbox 51 2275 250 2334; x_wconf 76' lang='lat' dir='ltr'><strong>reverteretur:</strong></span> <span class='ocrx_word' id='word_1_192' title='bbox 278 2284 353 2350; x_wconf 89' lang='lat' dir='ltr'><strong>quo</strong></span> <span class='ocrx_word' id='word_1_193' title='bbox 384 2275 581 2344; x_wconf 85' lang='lat' dir='ltr'><strong>revertente,</strong></span> <span class='ocrx_word' id='word_1_194' title='bbox 610 2285 678 2344; x_wconf 89' lang='lat' dir='ltr'><strong>vas,</strong></span> <span class='ocrx_word' id='word_1_195' title='bbox 704 2262 796 2350; x_wconf 85' lang='lat' dir='ltr'><strong>quod</strong></span> <span class='ocrx_word' id='word_1_196' title='bbox 829 2262 1037 2343; x_wconf 88' lang='lat' dir='ltr'><strong>deseruerat,</strong></span> <span class='ocrx_word' id='word_1_197' title='bbox 1066 2263 1250 2353; x_wconf 90' lang='lat' dir='ltr'><strong>repetisset.</strong></span> 
     </span>
    </p>

    <p class='ocr_par' dir='ltr' id='par_1_4' title="bbox 39 2349 1291 4222">
     <span class='ocr_line' id='line_1_24' title="bbox 80 2349 1284 2448; baseline -0.002 -24"><span class='ocrx_word' id='word_1_198' title='bbox 80 2349 156 2448; x_wconf 70' lang='lat' dir='ltr'><strong>ill.</strong></span> <span class='ocrx_word' id='word_1_199' title='bbox 180 2354 342 2424; x_wconf 85' lang='lat' dir='ltr'><strong>Extincto</strong></span> <span class='ocrx_word' id='word_1_200' title='bbox 367 2352 480 2442; x_wconf 87' lang='lat' dir='ltr'><strong>itaque</strong></span> <span class='ocrx_word' id='word_1_201' title='bbox 505 2353 650 2422; x_wconf 90' lang='lat' dir='ltr'><strong>Maximo</strong></span> <span class='ocrx_word' id='word_1_202' title='bbox 673 2353 701 2432; x_wconf 75' lang='lat'><strong>*,</strong></span> <span class='ocrx_word' id='word_1_203' title='bbox 732 2353 841 2441; x_wconf 92' lang='lat' dir='ltr'><strong>posito</strong></span> <span class='ocrx_word' id='word_1_204' title='bbox 862 2352 1051 2424; x_wconf 86' lang='lat' dir='ltr'><strong>Theodosio</strong></span> <span class='ocrx_word' id='word_1_205' title='bbox 1075 2357 1284 2442; x_wconf 87' lang='lat' dir='ltr'><strong>Imperatore</strong></span> 
     </span>
     <span class='ocr_line' id='line_1_25' title="bbox 52 2437 1285 2533; baseline 0.006 -32"><span class='ocrx_word' id='word_1_206' title='bbox 52 2437 195 2532; x_wconf 79' lang='lat' dir='ltr'><strong>Mediolani,</strong></span> <span class='ocrx_word' id='word_1_207' title='bbox 223 2440 410 2512; x_wconf 75' lang='lat' dir='ltr'><strong>Ambrosio</strong></span> <span class='ocrx_word' id='word_1_208' title='bbox 431 2463 508 2510; x_wconf 93' lang='lat' dir='ltr'><strong>vero</strong></span> <span class='ocrx_word' id='word_1_209' title='bbox 529 2442 697 2531; x_wconf 83' lang='lat' dir='ltr'><strong>Episcopo</strong></span> <span class='ocrx_word' id='word_1_210' title='bbox 720 2441 918 2522; x_wconf 89' lang='lat' dir='ltr'><strong>constituto,</strong></span> <span class='ocrx_word' id='word_1_211' title='bbox 946 2441 1131 2533; x_wconf 73' lang='lat' dir='ltr'><strong>Aquilejae,</strong></span> <span class='ocrx_word' id='word_1_212' title='bbox 1152 2442 1184 2510; x_wconf 89' lang='lat' dir='ltr'><strong>in</strong></span> <span class='ocrx_word' id='word_1_213' title='bbox 1210 2462 1285 2531; x_wconf 90' lang='lat' dir='ltr'><strong>par·</strong></span> 
     </span>
     <span class='ocr_line' id='line_1_26' title="bbox 50 2523 1286 2621; baseline 0.009 -34"><span class='ocrx_word' id='word_1_214' title='bbox 50 2523 262 2602; x_wconf 85' lang='lat' dir='ltr'><strong>trbnsttrientis</strong></span> <span class='ocrx_word' id='word_1_215' title='bbox 289 2533 327 2600; x_wconf 92' lang='lat' dir='ltr'><strong>iu</strong></span> <span class='ocrx_word' id='word_1_216' title='bbox 345 2529 494 2616; x_wconf 88' lang='lat' dir='ltr'><strong>quodam</strong></span> <span class='ocrx_word' id='word_1_217' title='bbox 516 2529 655 2600; x_wconf 88' lang='lat' dir='ltr'><strong>castello</strong></span> <span class='ocrx_word' id='word_1_218' title='bbox 674 2553 694 2599; x_wconf 92' lang='lat' dir='ltr'><strong>a</strong></span> <span class='ocrx_word' id='word_1_219' title='bbox 711 2531 914 2602; x_wconf 85' lang='lat' dir='ltr'><strong>Christianis</strong></span> <span class='ocrx_word' id='word_1_220' title='bbox 930 2531 1012 2601; x_wconf 91' lang='lat' dir='ltr'><strong>viris</strong></span> <span class='ocrx_word' id='word_1_221' title='bbox 1031 2553 1206 2621; x_wconf 83' lang='lat' dir='ltr'><strong>synagoga</strong></span> <span class='ocrx_word' id='word_1_222' title='bbox 1225 2535 1286 2599; x_wconf 90' lang='lat' dir='ltr'><strong>Iu·</strong></span> 
     </span>
     <span class='ocr_line' id='line_1_27' title="bbox 45 2611 1283 2699; baseline 0.001 -15"><span class='ocrx_word' id='word_1_223' title='bbox 45 2611 165 2688; x_wconf 58' lang='lat' dir='ltr'><strong>&#39;lacerum</strong></span> <span class='ocrx_word' id='word_1_224' title='bbox 195 2633 228 2689; x_wconf 91' lang='lat' dir='ltr'><strong>et</strong></span> <span class='ocrx_word' id='word_1_225' title='bbox 261 2621 368 2690; x_wconf 90' lang='lat' dir='ltr'><strong>lucus</strong></span> <span class='ocrx_word' id='word_1_226' title='bbox 398 2617 714 2690; x_wconf 71' lang='lat' dir='ltr'><strong>&#39;Valentinianorum</strong></span> <span class='ocrx_word' id='word_1_227' title='bbox 747 2619 907 2690; x_wconf 90' lang='lat' dir='ltr'><strong>incendio</strong></span> <span class='ocrx_word' id='word_1_228' title='bbox 933 2633 1148 2690; x_wconf 89' lang='lat' dir='ltr'><strong>concremata</strong></span> <span class='ocrx_word' id='word_1_229' title='bbox 1179 2633 1283 2699; x_wconf 90' lang='lat' dir='ltr'><strong>suot,</strong></span> 
     </span>
     <span class='ocr_line' id='line_1_28' title="bbox 45 2705 1285 2795; baseline 0.001 -18"><span class='ocrx_word' id='word_1_230' title='bbox 45 2719 211 2790; x_wconf 73' lang='lat' dir='ltr'><strong>narrares</strong></span> <span class='ocrx_word' id='word_1_231' title='bbox 242 2707 341 2795; x_wconf 84' lang='lat' dir='ltr'><strong>quod</strong></span> <span class='ocrx_word' id='word_1_232' title='bbox 373 2705 497 2778; x_wconf 86' lang='lat' dir='ltr'><strong>Judaei</strong></span> <span class='ocrx_word' id='word_1_233' title='bbox 528 2708 577 2778; x_wconf 92' lang='lat' dir='ltr'><strong>vel</strong></span> <span class='ocrx_word' id='word_1_234' title='bbox 608 2707 836 2778; x_wconf 82' lang='lat' dir='ltr'><strong>Valentiniani</strong></span> <span class='ocrx_word' id='word_1_235' title='bbox 871 2708 1076 2778; x_wconf 88' lang='lat' dir='ltr'><strong>insultarent</strong></span> <span class='ocrx_word' id='word_1_236' title='bbox 1107 2705 1285 2778; x_wconf 88' lang='lat' dir='ltr'><strong>monacbis</strong></span> 
     </span>
     <span class='ocr_line' id='line_1_29' title="bbox 42 2791 1284 2886; baseline 0.006 -30"><span class='ocrx_word' id='word_1_237' title='bbox 42 2791 218 2868; x_wconf 89' lang='lat' dir='ltr'><strong>t&#39;lristiauis.</strong></span> <span class='ocrx_word' id='word_1_238' title='bbox 252 2797 574 2868; x_wconf 78' lang='lat' dir='ltr'><strong>Valentinianorum</strong></span> <span class='ocrx_word' id='word_1_239' title='bbox 607 2797 699 2868; x_wconf 91' lang='lat' dir='ltr'><strong>eoim</strong></span> <span class='ocrx_word' id='word_1_240' title='bbox 733 2797 883 2868; x_wconf 89' lang='lat' dir='ltr'><strong>haeresis</strong></span> <span class='ocrx_word' id='word_1_241' title='bbox 914 2797 1052 2886; x_wconf 82' lang='lat' dir='ltr'><strong>triginta</strong></span> <span class='ocrx_word' id='word_1_242' title='bbox 1082 2795 1164 2866; x_wconf 89' lang='lat' dir='ltr'><strong>deos</strong></span> <span class='ocrx_word' id='word_1_243' title='bbox 1192 2795 1284 2866; x_wconf 92' lang='lat' dir='ltr'><strong>colit.</strong></span> 
     </span>
     <span class='ocr_line' id='line_1_30' title="bbox 41 2881 1286 2978; baseline 0.002 -25"><span class='ocrx_word' id='word_1_244' title='bbox 41 2881 136 2978; x_wconf 78' lang='lat' dir='ltr'><strong>ledda</strong></span> <span class='ocrx_word' id='word_1_245' title='bbox 150 2886 354 2976; x_wconf 85' lang='lat' dir='ltr'><strong>hujusmodi</strong></span> <span class='ocrx_word' id='word_1_246' title='bbox 370 2885 458 2956; x_wconf 89' lang='lat' dir='ltr'><strong>sacto</strong></span> <span class='ocrx_word' id='word_1_247' title='bbox 473 2891 592 2957; x_wconf 81' lang='lat' dir='ltr'><strong>Comes</strong></span> <span class='ocrx_word' id='word_1_248' title='bbox 608 2886 756 2958; x_wconf 88' lang='lat' dir='ltr'><strong>Orientis</strong></span> <span class='ocrx_word' id='word_1_249' title='bbox 770 2885 811 2956; x_wconf 85' lang='lat' dir='ltr'><strong>ad</strong></span> <span class='ocrx_word' id='word_1_250' title='bbox 829 2891 1070 2974; x_wconf 82' lang='lat' dir='ltr'><strong>Imperatorem</strong></span> <span class='ocrx_word' id='word_1_251' title='bbox 1087 2885 1286 2956; x_wconf 86' lang='lat' dir='ltr'><strong>relationem</strong></span> 
     </span>
     <span class='ocr_line' id='line_1_31' title="bbox 40 2967 1287 3066; baseline 0.007 -31"><span class='ocrx_word' id='word_1_252' title='bbox 40 2967 145 3044; x_wconf 84' lang='lat' dir='ltr'><strong>direxit.</strong></span> <span class='ocrx_word' id='word_1_253' title='bbox 162 2981 231 3058; x_wconf 76' lang='lat' dir='ltr'><strong>Qua</strong></span> <span class='ocrx_word' id='word_1_254' title='bbox 249 2987 409 3062; x_wconf 87' lang='lat' dir='ltr'><strong>accepta,</strong></span> <span class='ocrx_word' id='word_1_255' title='bbox 437 2981 626 3065; x_wconf 84' lang='lat' dir='ltr'><strong>Imperator</strong></span> <span class='ocrx_word' id='word_1_256' title='bbox 647 2987 876 3065; x_wconf 85' lang='lat' dir='ltr'><strong>praeceperat,</strong></span> <span class='ocrx_word' id='word_1_257' title='bbox 896 2987 935 3045; x_wconf 90' lang='lat' dir='ltr'><strong>ut</strong></span> <span class='ocrx_word' id='word_1_258' title='bbox 951 2996 1127 3066; x_wconf 72' lang='lat' dir='ltr'><strong>synagoga</strong></span> <span class='ocrx_word' id='word_1_259' title='bbox 1147 2975 1190 3045; x_wconf 90' lang='lat' dir='ltr'><strong>ab</strong></span> <span class='ocrx_word' id='word_1_260' title='bbox 1208 2974 1287 3064; x_wconf 90' lang='lat' dir='ltr'><strong>Epi·</strong></span> 
     </span>
     <span class='ocr_line' id='line_1_32' title="bbox 40 3061 1288 3153; baseline 0.002 -24"><span class='ocrx_word' id='word_1_261' title='bbox 40 3078 117 3148; x_wconf 72' lang='lat' dir='ltr'><strong>tropo</strong></span> <span class='ocrx_word' id='word_1_262' title='bbox 131 3063 189 3136; x_wconf 92' lang='lat' dir='ltr'><strong>loci</strong></span> <span class='ocrx_word' id='word_1_263' title='bbox 210 3065 507 3136; x_wconf 72' lang='lat' dir='ltr'><strong>reaedificaretur·</strong></span> <span class='ocrx_word' id='word_1_264' title='bbox 525 3061 587 3134; x_wconf 92' lang='lat' dir='ltr'><strong>Sed</strong></span> <span class='ocrx_word' id='word_1_265' title='bbox 602 3065 709 3152; x_wconf 88' lang='lat' dir='ltr'><strong>hujus</strong></span> <span class='ocrx_word' id='word_1_266' title='bbox 728 3064 898 3153; x_wconf 89' lang='lat' dir='ltr'><strong>praecepti</strong></span> <span class='ocrx_word' id='word_1_267' title='bbox 920 3077 1016 3134; x_wconf 91' lang='lat' dir='ltr'><strong>tenor</strong></span> <span class='ocrx_word' id='word_1_268' title='bbox 1034 3085 1112 3134; x_wconf 89' lang='lat' dir='ltr'><strong>cum</strong></span> <span class='ocrx_word' id='word_1_269' title='bbox 1129 3065 1170 3132; x_wconf 89' lang='lat' dir='ltr'><strong>ad</strong></span> <span class='ocrx_word' id='word_1_270' title='bbox 1185 3085 1288 3134; x_wconf 89' lang='lat' dir='ltr'><strong>aures</strong></span> 
     </span>
     <span class='ocr_line' id='line_1_33' title="bbox 40 3152 1289 3244; baseline 0.009 -33"><span class='ocrx_word' id='word_1_271' title='bbox 40 3155 214 3230; x_wconf 78' lang='lat' dir='ltr'><strong>pervenisset</strong></span> <span class='ocrx_word' id='word_1_272' title='bbox 231 3153 444 3224; x_wconf 90' lang='lat' dir='ltr'><strong>venerabilis</strong></span> <span class='ocrx_word' id='word_1_273' title='bbox 462 3153 524 3222; x_wconf 90' lang='lat' dir='ltr'><strong>viri</strong></span> <span class='ocrx_word' id='word_1_274' title='bbox 552 3153 720 3224; x_wconf 76' lang='lat' dir='ltr'><strong>ambrosii</strong></span> <span class='ocrx_word' id='word_1_275' title='bbox 739 3155 906 3244; x_wconf 90' lang='lat' dir='ltr'><strong>episcopi,</strong></span> <span class='ocrx_word' id='word_1_276' title='bbox 924 3153 1046 3224; x_wconf 92' lang='lat' dir='ltr'><strong>direxit</strong></span> <span class='ocrx_word' id='word_1_277' title='bbox 1070 3152 1113 3223; x_wconf 93' lang='lat' dir='ltr'><strong>ad</strong></span> <span class='ocrx_word' id='word_1_278' title='bbox 1137 3157 1186 3223; x_wconf 93' lang='lat' dir='ltr'><strong>Im</strong></span> <span class='ocrx_word' id='word_1_279' title='bbox 1193 3174 1289 3241; x_wconf 88' lang='lat' dir='ltr'><strong>pera-</strong></span> 
     </span>
     <span class='ocr_line' id='line_1_34' title="bbox 40 3241 1287 3333; baseline 0.005 -30"><span class='ocrx_word' id='word_1_280' title='bbox 40 3249 118 3330; x_wconf 78' lang='lat' dir='ltr'><strong>torem</strong></span> <span class='ocrx_word' id='word_1_281' title='bbox 133 3243 330 3333; x_wconf 88' lang='lat' dir='ltr'><strong>epistolam,</strong></span> <span class='ocrx_word' id='word_1_282' title='bbox 355 3243 436 3329; x_wconf 88' lang='lat' dir='ltr'><strong>quia</strong></span> <span class='ocrx_word' id='word_1_283' title='bbox 456 3241 578 3332; x_wconf 89' lang='lat' dir='ltr'><strong>ipsein</strong></span> <span class='ocrx_word' id='word_1_284' title='bbox 599 3253 750 3332; x_wconf 88' lang='lat' dir='ltr'><strong>tempore</strong></span> <span class='ocrx_word' id='word_1_285' title='bbox 774 3264 953 3314; x_wconf 89' lang='lat' dir='ltr'><strong>excurrere</strong></span> <span class='ocrx_word' id='word_1_286' title='bbox 971 3265 1037 3312; x_wconf 91' lang='lat' dir='ltr'><strong>non</strong></span> <span class='ocrx_word' id='word_1_287' title='bbox 1059 3253 1199 3330; x_wconf 87' lang='lat' dir='ltr'><strong>poterat,</strong></span> <span class='ocrx_word' id='word_1_288' title='bbox 1218 3261 1287 3328; x_wconf 85' lang='lat' dir='ltr'><strong>qua</strong></span> 
     </span>
     <span class='ocr_line' id='line_1_35' title="bbox 40 3323 1285 3417; baseline 0.008 -29"><span class='ocrx_word' id='word_1_289' title='bbox 40 3323 112 3396; x_wconf 79' lang='lat' dir='ltr'><strong>illurn</strong></span> <span class='ocrx_word' id='word_1_290' title='bbox 125 3334 292 3412; x_wconf 89' lang='lat' dir='ltr'><strong>convenit,</strong></span> <span class='ocrx_word' id='word_1_291' title='bbox 310 3343 351 3400; x_wconf 93' lang='lat' dir='ltr'><strong>ut</strong></span> <span class='ocrx_word' id='word_1_292' title='bbox 368 3330 413 3411; x_wconf 91' lang='lat' dir='ltr'><strong>id,</strong></span> <span class='ocrx_word' id='word_1_293' title='bbox 429 3330 523 3417; x_wconf 89' lang='lat' dir='ltr'><strong>quod</strong></span> <span class='ocrx_word' id='word_1_294' title='bbox 540 3330 713 3401; x_wconf 92' lang='lat' dir='ltr'><strong>abeodem</strong></span> <span class='ocrx_word' id='word_1_295' title='bbox 734 3343 898 3402; x_wconf 91' lang='lat' dir='ltr'><strong>statutum</strong></span> <span class='ocrx_word' id='word_1_296' title='bbox 919 3331 1038 3411; x_wconf 88' lang='lat' dir='ltr'><strong>suerat,</strong></span> <span class='ocrx_word' id='word_1_297' title='bbox 1058 3343 1285 3410; x_wconf 91' lang='lat' dir='ltr'><strong>revocaretur,</strong></span> 
     </span>
     <span class='ocr_line' id='line_1_36' title="bbox 39 3419 1286 3508; baseline 0.005 -30"><span class='ocrx_word' id='word_1_298' title='bbox 39 3419 202 3508; x_wconf 85' lang='lat' dir='ltr'><strong>servarique</strong></span> <span class='ocrx_word' id='word_1_299' title='bbox 220 3422 288 3492; x_wconf 89' lang='lat' dir='ltr'><strong>sibi</strong></span> <span class='ocrx_word' id='word_1_300' title='bbox 309 3419 428 3488; x_wconf 90' lang='lat' dir='ltr'><strong>deberi</strong></span> <span class='ocrx_word' id='word_1_301' title='bbox 452 3420 496 3490; x_wconf 91' lang='lat' dir='ltr'><strong>ab</strong></span> <span class='ocrx_word' id='word_1_302' title='bbox 520 3441 559 3490; x_wconf 91' lang='lat' dir='ltr'><strong>eo</strong></span> <span class='ocrx_word' id='word_1_303' title='bbox 579 3419 791 3490; x_wconf 89' lang='lat' dir='ltr'><strong>audientiam</strong></span> <span class='ocrx_word' id='word_1_304' title='bbox 810 3445 816 3504; x_wconf 89' lang='lat'><strong>;</strong></span> <span class='ocrx_word' id='word_1_305' title='bbox 842 3422 1007 3507; x_wconf 89' lang='lat' dir='ltr'><strong>quoniam</strong></span> <span class='ocrx_word' id='word_1_306' title='bbox 1026 3419 1054 3490; x_wconf 93' lang='lat' dir='ltr'><strong>si</strong></span> <span class='ocrx_word' id='word_1_307' title='bbox 1070 3419 1199 3507; x_wconf 78' lang='lat' dir='ltr'><strong>dignus</strong></span> <span class='ocrx_word' id='word_1_308' title='bbox 1220 3439 1286 3486; x_wconf 90' lang='lat' dir='ltr'><strong>non</strong></span> 
     </span>
     <span class='ocr_line' id='line_1_37' title="bbox 39 3505 1286 3597; baseline 0.009 -32"><span class='ocrx_word' id='word_1_309' title='bbox 39 3521 111 3577; x_wconf 82' lang='lat' dir='ltr'><strong>esset.</strong></span> <span class='ocrx_word' id='word_1_310' title='bbox 135 3511 192 3594; x_wconf 83' lang='lat' dir='ltr'><strong>qui</strong></span> <span class='ocrx_word' id='word_1_311' title='bbox 208 3511 251 3579; x_wconf 94' lang='lat' dir='ltr'><strong>ab</strong></span> <span class='ocrx_word' id='word_1_312' title='bbox 268 3530 311 3580; x_wconf 93' lang='lat' dir='ltr'><strong>eo</strong></span> <span class='ocrx_word' id='word_1_313' title='bbox 335 3507 526 3588; x_wconf 88' lang='lat' dir='ltr'><strong>audiretur,</strong></span> <span class='ocrx_word' id='word_1_314' title='bbox 553 3507 681 3596; x_wconf 79' lang='lat' dir='ltr'><strong>dignus</strong></span> <span class='ocrx_word' id='word_1_315' title='bbox 703 3509 805 3580; x_wconf 90' lang='lat' dir='ltr'><strong>etiam</strong></span> <span class='ocrx_word' id='word_1_316' title='bbox 833 3530 899 3579; x_wconf 89' lang='lat' dir='ltr'><strong>uon</strong></span> <span class='ocrx_word' id='word_1_317' title='bbox 925 3520 1014 3580; x_wconf 89' lang='lat' dir='ltr'><strong>essct</strong></span> <span class='ocrx_word' id='word_1_318' title='bbox 1036 3509 1095 3596; x_wconf 88' lang='lat' dir='ltr'><strong>qui</strong></span> <span class='ocrx_word' id='word_1_319' title='bbox 1114 3529 1174 3597; x_wconf 91' lang='lat' dir='ltr'><strong>pro</strong></span> <span class='ocrx_word' id='word_1_320' title='bbox 1193 3505 1286 3576; x_wconf 84' lang='lat' dir='ltr'><strong>illoc</strong></span> 
     </span>
     <span class='ocr_line' id='line_1_38' title="bbox 41 3591 1285 3688; baseline 0.001 -28"><span class='ocrx_word' id='word_1_321' title='bbox 41 3591 151 3666; x_wconf 81' lang='lat' dir='ltr'><strong>turnino</strong></span> <span class='ocrx_word' id='word_1_322' title='bbox 160 3599 356 3680; x_wconf 87' lang='lat' dir='ltr'><strong>audiretur,</strong></span> <span class='ocrx_word' id='word_1_323' title='bbox 369 3597 420 3668; x_wconf 92' lang='lat' dir='ltr'><strong>vel</strong></span> <span class='ocrx_word' id='word_1_324' title='bbox 434 3597 490 3668; x_wconf 92' lang='lat' dir='ltr'><strong>cui</strong></span> <span class='ocrx_word' id='word_1_325' title='bbox 503 3618 620 3688; x_wconf 89' lang='lat' dir='ltr'><strong>preces</strong></span> <span class='ocrx_word' id='word_1_326' title='bbox 632 3619 724 3680; x_wconf 89' lang='lat' dir='ltr'><strong>suas,</strong></span> <span class='ocrx_word' id='word_1_327' title='bbox 738 3611 798 3669; x_wconf 88' lang='lat' dir='ltr'><strong>aut</strong></span> <span class='ocrx_word' id='word_1_328' title='bbox 813 3598 868 3668; x_wconf 92' lang='lat' dir='ltr'><strong>cui</strong></span> <span class='ocrx_word' id='word_1_329' title='bbox 881 3621 943 3670; x_wconf 89' lang='lat' dir='ltr'><strong>sua</strong></span> <span class='ocrx_word' id='word_1_330' title='bbox 961 3610 1035 3670; x_wconf 90' lang='lat' dir='ltr'><strong>vota</strong></span> <span class='ocrx_word' id='word_1_331' title='bbox 1048 3596 1285 3667; x_wconf 87' lang='lat' dir='ltr'><strong>committeret.</strong></span> 
     </span>
     <span class='ocr_line' id='line_1_39' title="bbox 41 3679 1289 3778; baseline 0.002 -26"><span class='ocrx_word' id='word_1_332' title='bbox 41 3679 166 3778; x_wconf 70' lang='lat' dir='ltr'><strong>Pratum</strong></span> <span class='ocrx_word' id='word_1_333' title='bbox 186 3688 291 3758; x_wconf 90' lang='lat' dir='ltr'><strong>etiam</strong></span> <span class='ocrx_word' id='word_1_334' title='bbox 309 3708 347 3758; x_wconf 89' lang='lat' dir='ltr'><strong>se</strong></span> <span class='ocrx_word' id='word_1_335' title='bbox 361 3707 436 3756; x_wconf 89' lang='lat' dir='ltr'><strong>esse</strong></span> <span class='ocrx_word' id='word_1_336' title='bbox 451 3707 513 3776; x_wconf 89' lang='lat' dir='ltr'><strong>pro</strong></span> <span class='ocrx_word' id='word_1_337' title='bbox 529 3685 587 3756; x_wconf 88' lang='lat' dir='ltr'><strong>tali</strong></span> <span class='ocrx_word' id='word_1_338' title='bbox 604 3688 739 3776; x_wconf 81' lang='lat' dir='ltr'><strong>negotio</strong></span> <span class='ocrx_word' id='word_1_339' title='bbox 757 3699 899 3758; x_wconf 91' lang='lat' dir='ltr'><strong>mortem</strong></span> <span class='ocrx_word' id='word_1_340' title='bbox 916 3687 1045 3767; x_wconf 87' lang='lat' dir='ltr'><strong>subire,</strong></span> <span class='ocrx_word' id='word_1_341' title='bbox 1066 3707 1108 3754; x_wconf 91' lang='lat' dir='ltr'><strong>ne</strong></span> <span class='ocrx_word' id='word_1_342' title='bbox 1125 3683 1289 3756; x_wconf 88' lang='lat' dir='ltr'><strong>dissimu-</strong></span> 
     </span>
     <span class='ocr_line' id='line_1_40' title="bbox 42 3763 1291 3867; baseline 0.008 -33"><span class='ocrx_word' id='word_1_343' title='bbox 42 3763 138 3842; x_wconf 83' lang='lat' dir='ltr'><strong>latione</strong></span> <span class='ocrx_word' id='word_1_344' title='bbox 161 3777 215 3848; x_wconf 91' lang='lat' dir='ltr'><strong>sui</strong></span> <span class='ocrx_word' id='word_1_345' title='bbox 230 3775 541 3867; x_wconf 85' lang='lat' dir='ltr'><strong>praevaricatorem</strong></span> <span class='ocrx_word' id='word_1_346' title='bbox 560 3775 686 3846; x_wconf 88' lang='lat' dir='ltr'><strong>Iaceret</strong></span> <span class='ocrx_word' id='word_1_347' title='bbox 706 3780 964 3865; x_wconf 88' lang='lat' dir='ltr'><strong>Imperatorem,</strong></span> <span class='ocrx_word' id='word_1_348' title='bbox 991 3775 1052 3863; x_wconf 91' lang='lat' dir='ltr'><strong>qui</strong></span> <span class='ocrx_word' id='word_1_349' title='bbox 1073 3787 1139 3844; x_wconf 88' lang='lat' dir='ltr'><strong>tarn</strong></span> <span class='ocrx_word' id='word_1_350' title='bbox 1162 3773 1291 3864; x_wconf 88' lang='lat' dir='ltr'><strong>injusta</strong></span> 
     </span>
     <span class='ocr_line' id='line_1_41' title="bbox 43 3863 1290 3953; baseline 0.01 -31"><span class='ocrx_word' id='word_1_351' title='bbox 43 3873 130 3930; x_wconf 87' lang='lat' dir='ltr'><strong>contra</strong></span> <span class='ocrx_word' id='word_1_352' title='bbox 140 3865 327 3936; x_wconf 81' lang='lat' dir='ltr'><strong>Ecclesiam</strong></span> <span class='ocrx_word' id='word_1_353' title='bbox 344 3864 710 3953; x_wconf 85' lang='lat' dir='ltr'><strong>praecepisset.Postaa</strong></span> <span class='ocrx_word' id='word_1_354' title='bbox 724 3885 894 3936; x_wconf 84' lang='lat' dir='ltr'><strong>varocum</strong></span> <span class='ocrx_word' id='word_1_355' title='bbox 910 3863 1139 3934; x_wconf 81' lang='lat' dir='ltr'><strong>Mediolanum</strong></span> <span class='ocrx_word' id='word_1_356' title='bbox 1154 3863 1290 3934; x_wconf 89' lang='lat' dir='ltr'><strong>reverti·</strong></span> 
     </span>
     <span class='ocr_line' id='line_1_42' title="bbox 45 3952 1290 4043; baseline 0.014 -38"><span class='ocrx_word' id='word_1_357' title='bbox 45 3953 89 4017; x_wconf 85' lang='lat' dir='ltr'><strong>tur.</strong></span> <span class='ocrx_word' id='word_1_358' title='bbox 103 3953 429 4043; x_wconf 90' lang='lat' dir='ltr'><strong>positolmperatore</strong></span> <span class='ocrx_word' id='word_1_359' title='bbox 452 3953 484 4022; x_wconf 91' lang='lat' dir='ltr'><strong>in</strong></span> <span class='ocrx_word' id='word_1_360' title='bbox 504 3953 659 4034; x_wconf 90' lang='lat' dir='ltr'><strong>ecclesia,</strong></span> <span class='ocrx_word' id='word_1_361' title='bbox 683 3953 725 4024; x_wconf 90' lang='lat' dir='ltr'><strong>de</strong></span> <span class='ocrx_word' id='word_1_362' title='bbox 741 3954 859 4024; x_wconf 90' lang='lat' dir='ltr'><strong>eadem</strong></span> <span class='ocrx_word' id='word_1_363' title='bbox 877 3976 982 4024; x_wconf 90' lang='lat' dir='ltr'><strong>causa</strong></span> <span class='ocrx_word' id='word_1_364' title='bbox 1004 3953 1158 4023; x_wconf 83' lang='lat' dir='ltr'><strong>tractavit</strong></span> <span class='ocrx_word' id='word_1_365' title='bbox 1176 3952 1209 4020; x_wconf 92' lang='lat' dir='ltr'><strong>in</strong></span> <span class='ocrx_word' id='word_1_366' title='bbox 1230 3973 1290 4042; x_wconf 95' lang='lat' dir='ltr'><strong>po-</strong></span> 
     </span>
     <span class='ocr_line' id='line_1_43' title="bbox 47 4032 1289 4132; baseline -0.002 -20"><span class='ocrx_word' id='word_1_367' title='bbox 47 4032 113 4112; x_wconf 79' lang='lat' dir='ltr'><strong>ltlo.</strong></span> <span class='ocrx_word' id='word_1_368' title='bbox 129 4044 163 4109; x_wconf 95' lang='lat' dir='ltr'><strong>In</strong></span> <span class='ocrx_word' id='word_1_369' title='bbox 180 4063 248 4129; x_wconf 91' lang='lat' dir='ltr'><strong>qno</strong></span> <span class='ocrx_word' id='word_1_370' title='bbox 274 4053 425 4112; x_wconf 90' lang='lat' dir='ltr'><strong>tractatu</strong></span> <span class='ocrx_word' id='word_1_371' title='bbox 449 4041 636 4112; x_wconf 89' lang='lat' dir='ltr'><strong>introduxit</strong></span> <span class='ocrx_word' id='word_1_372' title='bbox 664 4043 796 4114; x_wconf 85' lang='lat' dir='ltr'><strong>Domini</strong></span> <span class='ocrx_word' id='word_1_373' title='bbox 816 4064 1009 4132; x_wconf 88' lang='lat' dir='ltr'><strong>personum,</strong></span> <span class='ocrx_word' id='word_1_374' title='bbox 1028 4041 1198 4128; x_wconf 90' lang='lat' dir='ltr'><strong>loquentis</strong></span> <span class='ocrx_word' id='word_1_375' title='bbox 1223 4045 1289 4110; x_wconf 93' lang='lat' dir='ltr'><strong>Im-</strong></span> 
     </span>
     <span class='ocr_line' id='line_1_44' title="bbox 49 4129 1289 4222; baseline 0.007 -31"><span class='ocrx_word' id='word_1_376' title='bbox 49 4129 177 4200; x_wconf 75' lang='lat' dir='ltr'><strong>taratori:</strong></span> <span class='ocrx_word' id='word_1_377' title='bbox 191 4153 207 4196; x_wconf 84' lang='lat' dir='ltr'><strong>r</strong></span> <span class='ocrx_word' id='word_1_378' title='bbox 221 4135 293 4222; x_wconf 83' lang='lat' dir='ltr'><strong>Ego</strong></span> <span class='ocrx_word' id='word_1_379' title='bbox 312 4145 344 4200; x_wconf 93' lang='lat' dir='ltr'><strong>te</strong></span> <span class='ocrx_word' id='word_1_380' title='bbox 368 4133 408 4200; x_wconf 90' lang='lat' dir='ltr'><strong>ex</strong></span> <span class='ocrx_word' id='word_1_381' title='bbox 433 4130 554 4200; x_wconf 91' lang='lat' dir='ltr'><strong>ultimo</strong></span> <span class='ocrx_word' id='word_1_382' title='bbox 579 4135 821 4221; x_wconf 87' lang='lat' dir='ltr'><strong>Imperatorem</strong></span> <span class='ocrx_word' id='word_1_383' title='bbox 848 4130 923 4212; x_wconf 87' lang='lat' dir='ltr'><strong>leci,</strong></span> <span class='ocrx_word' id='word_1_384' title='bbox 944 4131 1083 4222; x_wconf 88' lang='lat' dir='ltr'><strong>egotibi</strong></span> <span class='ocrx_word' id='word_1_385' title='bbox 1103 4131 1289 4202; x_wconf 89' lang='lat' dir='ltr'><strong>exercitum</strong></span> 
     </span>
    </p>
   </div>
   <div class='ocr_carea' id='block_1_3' title="bbox 53 4315 1291 4484">
    <p class='ocr_par' dir='ltr' id='par_1_5' title="bbox 53 4315 1291 4484">
     <span class='ocr_line' id='line_1_45' title="bbox 67 4315 1291 4378; baseline 0.009 -21"><span class='ocrx_word' id='word_1_386' title='bbox 67 4315 133 4360; x_wconf 83' lang='lat' dir='ltr'><strong>&#39;tnnc</strong></span> <span class='ocrx_word' id='word_1_387' title='bbox 144 4327 186 4370; x_wconf 62' lang='lat' dir='ltr'><strong>aaa.</strong></span> <span class='ocrx_word' id='word_1_388' title='bbox 199 4329 351 4368; x_wconf 76' lang='lat' dir='ltr'><strong>Theodosius</strong></span> <span class='ocrx_word' id='word_1_389' title='bbox 366 4324 507 4366; x_wconf 80' lang='lat' dir='ltr'><strong>victrtcibns</strong></span> <span class='ocrx_word' id='word_1_390' title='bbox 524 4329 604 4378; x_wconf 73' lang='lat' dir='ltr'><strong>arguta,</strong></span> <span class='ocrx_word' id='word_1_391' title='bbox 619 4339 660 4376; x_wconf 85' lang='lat' dir='ltr'><strong>prr</strong></span> <span class='ocrx_word' id='word_1_392' title='bbox 676 4330 751 4368; x_wconf 80' lang='lat' dir='ltr'><strong>tortas</strong></span> <span class='ocrx_word' id='word_1_393' title='bbox 768 4330 846 4376; x_wconf 75' lang='lat' dir='ltr'><strong>Alpes,</strong></span> <span class='ocrx_word' id='word_1_394' title='bbox 862 4331 998 4378; x_wconf 69' lang='lat' dir='ltr'><strong>aquilejam,</strong></span> <span class='ocrx_word' id='word_1_395' title='bbox 1013 4331 1051 4370; x_wconf 75' lang='lat' dir='ltr'><strong>utri</strong></span> <span class='ocrx_word' id='word_1_396' title='bbox 1068 4331 1182 4370; x_wconf 79' lang='lat' dir='ltr'><strong>Maximus</strong></span> <span class='ocrx_word' id='word_1_397' title='bbox 1193 4337 1217 4368; x_wconf 81' lang='lat' dir='ltr'><strong>ne</strong></span> <span class='ocrx_word' id='word_1_398' title='bbox 1228 4339 1291 4369; x_wconf 80' lang='lat' dir='ltr'><strong>reoc-</strong></span> 
     </span>
     <span class='ocr_line' id='line_1_46' title="bbox 53 4371 1289 4432; baseline 0.006 -18"><span class='ocrx_word' id='word_1_399' title='bbox 53 4371 97 4409; x_wconf 64' lang='lat' dir='ltr'><em>W</em></span> <span class='ocrx_word' id='word_1_400' title='bbox 108 4381 226 4423; x_wconf 71' lang='lat' dir='ltr'><strong>unundtt:</strong></span> <span class='ocrx_word' id='word_1_401' title='bbox 240 4381 355 4429; x_wconf 83' lang='lat' dir='ltr'><strong>huncque</strong></span> <span class='ocrx_word' id='word_1_402' title='bbox 370 4385 467 4432; x_wconf 75' lang='lat' dir='ltr'><strong>caprum</strong></span> <span class='ocrx_word' id='word_1_403' title='bbox 482 4379 567 4422; x_wconf 84' lang='lat' dir='ltr'><strong>mllttas</strong></span> <span class='ocrx_word' id='word_1_404' title='bbox 585 4384 734 4422; x_wconf 80' lang='lat' dir='ltr'><strong>necaverunt.</strong></span> <span class='ocrx_word' id='word_1_405' title='bbox 754 4383 819 4430; x_wconf 84' lang='lat' dir='ltr'><strong>Quod</strong></span> <span class='ocrx_word' id='word_1_406' title='bbox 835 4383 1003 4430; x_wconf 71' lang='lat' dir='ltr'><strong>nnrxragsntus.</strong></span> <span class='ocrx_word' id='word_1_407' title='bbox 1019 4385 1100 4422; x_wconf 78' lang='lat' dir='ltr'><strong>statim</strong></span> <span class='ocrx_word' id='word_1_408' title='bbox 1112 4393 1138 4422; x_wconf 81' lang='lat' dir='ltr'><strong>sc</strong></span> <span class='ocrx_word' id='word_1_409' title='bbox 1151 4381 1289 4426; x_wconf 66' lang='lat' dir='ltr'><strong>rovctvtttxx</strong></span> 
     </span>
     <span class='ocr_line' id='line_1_47' title="bbox 58 4429 361 4484; baseline -0.013 -6"><span class='ocrx_word' id='word_1_410' title='bbox 58 4429 274 4484; x_wconf 56' lang='lat' dir='ltr'><strong>⁴“³⁸e1›rrecnptcem</strong></span> <span class='ocrx_word' id='word_1_411' title='bbox 285 4435 361 4474; x_wconf 75' lang='lat' dir='ltr'><strong>aedri.</strong></span> 
     </span>
    </p>
   </div>
   <div class='ocr_carea' id='block_1_4' title="bbox 0 0 1492 4826">
    <p class='ocr_par' dir='ltr' id='par_1_6' title="bbox 0 0 1492 4826">
     <span class='ocr_line' id='line_1_48' title="bbox 0 0 1492 4826; baseline 0 0"><span class='ocrx_word' id='word_1_412' title='bbox 0 0 1492 4826; x_wconf 95' lang='lat' dir='ltr'><strong> </strong></span> 
     </span>
    </p>
   </div>
  </div>
 </body>
</html>
