3046 4838
58 268 122 332 but.
146 269 155 329 l
450 284 484 330 nr
506 281 530 328 s.
553 285 656 332 ruram
680 286 730 330 ur.
758 284 888 332 novrou.
1215 269 1256 332 59

54 373 164 457 optime,
188 369 429 440 consolamur
451 391 517 450 nos,
542 369 632 456 quod
659 383 735 459 post
766 371 854 437 vitae
884 369 989 457 hujus
1022 367 1154 440 labores
1174 369 1215 438 ad
1248 391 1301 439 rc-

53 459 142 543 quiem
164 471 352 528 aeternam
388 457 655 546 proficisceris.»
681 464 766 526 Tum
792 457 850 526 ille
880 457 990 526 oculis
1012 459 1240 546 manibusque
1266 460 1300 526 in

51 548 157 616 eoclum
177 550 319 628 erectis,
351 545 414 614 diu
431 558 535 616 mente
552 547 767 637 precabatur.
790 546 917 616 Deinde
942 547 1109 617 invocem
1142 569 1301 636 prorum-

50 658 133 724 pens:
157 642 296 706 «Nunc
314 635 471 714 dimittis,
499 635 621 722 inquit,
641 658 777 706 servum
799 647 908 716 tuum,
926 637 1079 717 Domine,
1107 635 1300 706 secundum

50 726 164 794 terbum
185 738 290 795 tuum
318 725 355 792 iu
378 745 469 813 pace.
489 729 654 794 Memento
673 746 812 812 quaeso,
831 724 922 812 quod
944 723 1033 794 sicut
1050 725 1161 794 lutum
1180 723 1302 794 feceris

48 835 108 880 me:
126 825 155 882 et
178 835 248 882 non
269 816 381 882 intres
399 813 432 880 in
450 811 622 900 judicium
640 836 719 884 cum
745 835 841 883 servo
867 826 944 882 tuo:
970 814 1052 900 quia
1083 835 1149 882 non
1171 813 1302 902 justifi-

46 902 156 970 eahitur
178 903 212 971 in
240 914 434 990 conspectu
462 917 517 971 tuo
536 903 650 972 omnis
683 903 809 972 vivens.
832 907 998 972 Memento
1016 901 1094 982 mei,
1118 903 1178 989 qui
1207 901 1302 972 solus

44 995 102 1058 sine
128 1003 267 1080 peccato
293 1013 344 1071 es,
383 990 511 1060 Christe
546 991 667 1060 muudi
702 990 908 1080 redemptor,
935 1004 966 1060 et
990 990 1140 1060 educens
1175 1012 1229 1060 me
1260 989 1302 1058 de

44 1090 132 1148 morte
158 1081 320 1170 corporis
341 1079 456 1168 hujus,
486 1080 618 1149 salvum
645 1079 829 1148 malacin
855 1101 999 1171 regnum
1025 1091 1122 1148 tuum
1144 1079 1299 1148 coeleste.

43 1172 82 1236 lu
99 1189 224 1258 semper
245 1169 347 1238 fuisti
365 1179 534 1257 protector
559 1190 676 1238 meus:
696 1169 730 1237 iu
757 1190 882 1238 manus
899 1183 983 1264 tuas
1009 1167 1214 1238 commendo
1232 1169 1301 1257 spi-

42 1256 129 1324 ritum
153 1280 285 1328 meum.
308 1257 387 1326 Scio
408 1279 462 1326 me
488 1278 554 1326 non
574 1258 697 1326 mereri
720 1271 942 1345 conspectum
976 1269 1094 1326 tuum:
1129 1270 1241 1326 tamen
1265 1268 1302 1326 tu

41 1345 106 1424 scis,
129 1348 207 1434 quia
222 1367 366 1435 semper
383 1367 462 1435 spes
480 1367 553 1414 mea
568 1345 632 1415 luit
651 1346 684 1414 in
704 1347 940 1416 misericordia
968 1358 1037 1424 tua,
1057 1358 1088 1414 et
1109 1346 1193 1416 fides
1224 1367 1301 1414 mea

42 1435 68 1500 in
82 1447 134 1504 tua
150 1435 357 1506 credulitate.
376 1437 574 1524 permansit.
593 1440 632 1504 Et
649 1457 742 1504 nunc
762 1457 898 1522 quoque
916 1437 950 1504 in
966 1433 1178 1504 confessione
1191 1435 1301 1504 sancti

41 1525 240 1594 noministui
267 1526 437 1604 moriens,
463 1536 671 1604 extremum,
699 1524 840 1605 Christe,
868 1523 1058 1593 anhelitum
1084 1523 1216 1592 elllabo.
1239 1527 1302 1592 Su-

42 1613 212 1703 scipeergo
237 1634 294 1682 me
321 1611 516 1682 secundum
549 1634 710 1704 magnam
741 1611 1012 1682 misericordiam
1038 1622 1144 1690 tuam,
1174 1623 1205 1680 et
1232 1633 1299 1680 nou

41 1699 212 1770 confundas
226 1723 283 1770 me
299 1701 346 1770 ab
360 1701 609 1790 exspectatione
626 1723 713 1770 mea.
731 1703 829 1791 hperi
849 1701 934 1770 mihi
950 1701 1144 1790 properanti
1155 1700 1299 1790 januam

44 1789 129 1868 ritae,
153 1803 181 1860 et
196 1789 376 1880 principes
398 1789 614 1858 tenebrarum
642 1812 709 1860 non
734 1803 917 1859 occurrant
946 1789 1043 1869 mihi,
1073 1811 1135 1858 nec
1162 1800 1301 1858 contur-

43 1875 113 1944 bent
129 1901 176 1946 me
198 1890 387 1968 potestates
402 1878 490 1946 aeris
507 1877 623 1968 hujus:
652 1879 709 1948 sed
734 1879 886 1948 clemens
909 1877 1045 1946 dextera
1064 1888 1122 1946 tua
1147 1891 1241 1966 prote
1268 1889 1301 1948 at

46 1987 104 2043 me,
120 1979 149 2033 et
161 1985 214 2036 tua
230 1967 387 2057 putentia
413 1989 465 2034 me
482 1965 654 2048 defendat,
674 1989 865 2054 manusque
882 1979 940 2038 tua
957 1965 1104 2035 deducat
1122 1987 1174 2034 me
1195 1968 1228 2034 in
1244 1901 1266 2034 i

49 2075 119 2118 cum
134 2055 298 2146 refrigerii,
320 2068 354 2124 et
373 2055 422 2122 vel
441 2057 475 2124 in
497 2055 652 2124 ultimam
680 2057 894 2125 mansionem
912 2077 951 2124 es
972 2057 1025 2136 iis,
1046 2076 1132 2141 quas
1160 2077 1301 2144 praepa-

52 2143 124 2208 rasti
138 2149 229 2214 serris
248 2147 321 2214 tuis
351 2144 553 2212 timentibus
573 2158 613 2212 te.
636 2167 653 2210 a
683 2145 753 2214 Sub
782 2145 836 2214 his
857 2143 968 2212 verbis
989 2142 1101 2212 reddit
1125 2145 1299 2232 spiritum.

50 2232 118 2296 Erat
140 2243 201 2300 tum
222 2236 337 2322 prima
364 2235 474 2302 noctis
502 2231 604 2302 hora:
631 2244 664 2302 et
686 2255 763 2302 ecce
787 2231 964 2302 confestim
997 2233 1069 2300 visa
1094 2245 1144 2300 est
1168 2254 1207 2300 ex
1232 2230 1301 2300 illis

46 2317 175 2388 aedibus
188 2321 240 2390 lux
255 2324 387 2412 ingens
402 2332 435 2390 et
452 2319 546 2390 valde
563 2343 705 2390 corusca
726 2343 864 2390 sursum
884 2319 1079 2402 ascendere,
1095 2333 1196 2406 atque
1215 2321 1302 2388 inter

45 2407 222 2478 mirantium
236 2413 384 2480 obtutus
399 2409 544 2500 sphaera
559 2411 669 2502 ignea,
687 2411 800 2478 erucis
818 2412 852 2478 iu
870 2433 905 2480 se
922 2409 1069 2500 effigiem
1090 2409 1297 2498 praeferens

39 2498 206 2649 perniciter
218 2497 412 2568 admodum
432 2499 629 2587 perdensas
651 2499 759 2568 nubes
780 2499 815 2568 in
835 2498 968 2569 coelum
993 2510 1179 2588 penetrare.
1197 2503 1302 2584 Atque

49 2606 121 2653 runc
143 2588 174 2655 in
194 2587 341 2657 modum
358 2600 475 2657 sancta
496 2586 552 2656 illa
578 2587 706 2666 anima,
728 2587 879 2676 deposita
910 2588 1026 2656 carnis
1056 2588 1204 2666 sarcina,
1232 2599 1264 2654 et
1283 2608 1301 2654 a

37 2673 112 2742 ritae
129 2674 231 2766 hujus
251 2676 447 2766 angoribus
474 2675 628 2755 liberata,
656 2675 698 2745 ad
730 2699 832 2746 suum
853 2675 1111 2766 jucundissima
1142 2673 1302 2744 revolavit

35 2768 211 2846 Auctorem,
229 2779 262 2834 et
284 2764 319 2832 iu
342 2764 519 2850 antiquam
545 2765 795 2854 possessionem
818 2779 892 2854 post
909 2764 1046 2856 longam
1063 2763 1173 2834 exsilii
1195 2763 1302 2852 hujus

34 2854 348 2943 peregrinationem,
368 2851 461 2922 coelo
478 2853 659 2942 gaudente,
680 2866 768 2922 terra
787 2853 951 2943 plorante,
976 2853 1112 2944 Angelis
1134 2853 1302 2944 plauden-

34 2939 127 3020 tibus,
163 2963 272 3012 orans
302 2941 469 3030 ascendit.
497 2947 605 3024 Quam
635 2963 711 3011 vero
740 2957 880 3012 sanctus
910 2942 967 3011 illc
993 2943 1043 3010 vir
1067 2964 1169 3013 carus
1198 2941 1302 3013 luerit

31 3027 126 3182 plebi,
147 3052 225 3100 mox
246 3031 290 3099 ab
307 3031 385 3118 ejus
406 3029 501 3100 obitu
518 3031 728 3101 declaratum
747 3044 807 3102 est.
828 3033 887 3100 Vir
903 3032 994 3098 enirn
1014 3030 1173 3120 spiritum
1196 3032 1301 3100 exha-

41 3131 161 3199 arerat,
195 3133 226 3190 et
255 3119 331 3207 jam
357 3131 425 3188 tota
455 3119 538 3188 urbs
567 3119 661 3188 luctu
687 3121 804 3190 omnia
827 3118 1037 3210 complebat,
1061 3131 1099 3190 ut
1125 3133 1298 3206 tamquam

32 3209 220 3276 cummunis
246 3207 401 3296 parentis
417 3207 524 3288 obitu,
551 3229 671 3278 omncs
696 3209 851 3280 orbitatis
876 3209 1015 3278 vulnere
1038 3205 1182 3276 confecti
1209 3206 1300 3275 vide-

32 3309 156 3365 rentur.
173 3301 253 3366 t'om
282 3295 411 3365 ositum
430 3307 542 3365 autem
567 3318 606 3366 err
633 3317 726 3366 more
750 3319 888 3386 corpus,
910 3299 944 3366 in
973 3295 1152 3366 ecclesiam
1179 3295 1300 3382 dcpor-

31 3393 129 3450 tatum
156 3399 218 3466 est,
247 3319 366 3472 ibique
391 3385 517 3473 pariter
540 3383 654 3454 clerus
671 3385 704 3454 in
724 3384 873 3474 hymnis,
898 3385 1047 3476 populus
1073 3385 1105 3452 iu
1126 3381 1297 3462 lamentis,

31 3485 159 3542 noctem
188 3473 316 3542 duxere
343 3471 556 3565 pervigilem.

68 3563 85 3646 ξ
108 3565 195 3633 88.
216 3567 315 3630 ilaue
330 3561 453 3652 iugens
471 3563 650 3650 utriusque
676 3584 776 3632 sexus
798 3560 1035 3632 multitudoad
1053 3557 1218 3660 oppidum
1241 3559 1321 3630 ad.

33 3647 162 3731 rotavit,
184 3649 333 3736 itemque
359 3651 477 3750 regina
498 3650 664 3720 bathildis
678 3651 694 3684 *
718 3673 797 3720 cum
824 3648 904 3720 liliis
928 3663 959 3720 et
980 3648 1191 3738 proceribus
1212 3647 1301 3716 mul-

34 3747 125 3821 toque
150 3739 314 3809 exercitu.
342 3743 380 3808 lit
405 3761 478 3828 ipsa
507 3739 645 3826 quidem
672 3740 790 3830 regina
816 3760 958 3829 propere
983 3737 1025 3806 ad
1051 3758 1177 3824 corpus
1211 3735 1300 3806 beati

36 3825 85 3892 tiri
112 3848 313 3908 accurrens,
333 3850 493 3918 magnam
511 3827 581 3897 illic
599 3825 687 3896 fudit
701 3828 930 3917 lacrymarum
948 3826 1027 3906 vim,
1052 3825 1149 3894 valde
1165 3825 1298 3906 dolens,

34 3913 115 3994 quod
134 3935 213 3984 eum
233 3915 348 3984 vivum
367 3939 435 3984 non
460 3917 652 4006 reperisset.
668 3917 807 3986 Interim
828 3917 927 4006 jubet
948 3915 1145 4004 praeparari
1170 3915 1299 3994 omnia,

35 4013 65 4066 ut
88 4003 199 4091 possit
219 4025 347 4092 corpus
371 4002 413 4073 ad
444 4004 557 4074 Galam
576 4005 609 4040 *⁴*
635 4005 880 4075 monasterium
912 4005 987 4095 ejus
1015 4001 1203 4073 transferri.
1236 4002 1301 4072 Sed

13 4107 104 4170 ,rum
126 4091 202 4160 loco
230 4091 356 4162 moveri
386 4113 453 4162 non
486 4107 617 4184 posset,
646 4115 770 4184 magno
795 4093 904 4164 animi
938 4093 1054 4163 dolore
1078 4093 1197 4162 allecta
1237 4101 1299 4172 est,

42 4332 45 4336 ¹
60 4284 70 4304 ⁸
82 4282 194 4324 clodovei
205 4286 228 4324 11
242 4297 305 4328 uxor.
319 4287 374 4336 Ipsa
388 4287 527 4330 sanctorum
541 4289 648 4338 catalogo
663 4289 700 4328 cat
711 4286 836 4336 adscripta
846 4297 874 4328 ac
888 4289 939 4336 etus
950 4288 1036 4328 festum
1046 4289 1083 4328 dte
1094 4291 1120 4329 26
1129 4286 1233 4338 Jsuusrli
1244 4287 1303 4326 cele·

43 4341 117 4375 amur.
130 4337 190 4376 t'tde
199 4339 297 4384 sartum,
307 4341 353 4379 rol.
364 4350 379 4380 ι.

66 4389 87 4411 ··
102 4391 180 4440 vulgo
190 4392 274 4438 chau,
283 4395 308 4434 tn
317 4390 445 4434 Putstcusi
456 4391 565 4434 dioecesi.
