2934 4810
11 375 135 440 utura
377 391 641 438 unnrtaotoernu
674 391 890 439 recusantium
1138 373 1240 440 lost*

11 481 56 534 ‘ma
85 472 306 536 exercitatione
336 474 471 535 limatus.
499 473 617 552 Lingua
646 473 747 544 datur,
779 490 855 552 qua,
883 488 938 553 per
969 475 1048 534 viam
1081 474 1187 536 salutis
1222 483 1286 537 toto

11 570 103 632 noque
118 556 149 614 in
174 554 304 617 lectione
326 554 427 631 polita,
443 553 619 616 exhortator
647 553 849 624 ambulantes,
872 555 1051 615 eorumdem
1082 555 1231 634 exemplis
1255 563 1286 614 et

11 635 121 695 mnium
138 635 291 696 bonorum
311 651 456 712 opernm,
478 633 619 711 plebique
648 633 815 710 patrocinio
827 634 857 694 in
869 649 1000 711 superna
1013 633 1206 696 tabernacula
1220 651 1286 712 per·

11 714 120 774 altataria
149 715 334 791 praedicans,
358 715 427 775 ridet
449 712 619 774 Catholicae
647 713 714 772 doci
729 719 914 775 mereantur.
930 713 1286 792 itaquenosanimore·

11 795 217 871 thpostolicae
239 794 441 856 immutilatae
462 808 619 855 conserva·
648 794 815 864 volventes,
838 793 959 855 beatum
977 795 1077 854 virum
1102 793 1245 856 lacobum
1268 811 1285 856 a

11 889 43 946 tr,
65 877 242 952 perenniter
263 889 316 934 sou
339 875 465 945 monita,
481 874 568 934 corda
586 873 617 933 h·
648 871 780 933 blacchia
794 873 972 934 christianis
992 874 1158 936 virtutibus
1174 875 1286 952 signis·

11 953 95 1014 elium
126 954 344 1028 corroborans,
374 954 560 1014 orthodoxae
587 952 619 1012 ll·
647 952 1285 1030 queomnipotentislleintanupermerita

14 1035 36 1091 ei
67 1033 237 1096 aemulator
272 1051 305 1095 nc
339 1034 482 1096 delensor
517 1033 619 1094 tortis·
648 1031 711 1108 ejus
735 1034 858 1110 patratis
880 1032 1217 1110 excelluissequemio
1240 1032 1287 1093 Pi-

11 1113 90 1182 imos,
121 1115 309 1192 paupertatis
339 1121 464 1187 amator,
487 1118 518 1173 et
547 1127 620 1190 erga
647 1114 714 1172 ceni
730 1127 804 1188 agro
822 1111 969 1173 Asculano
986 1119 1085 1173 ortum
1103 1129 1182 1174 anno
1198 1111 1286 1174 Chri-

11 1205 86 1270 nopes
119 1197 258 1270 provisor
299 1208 358 1253 non
399 1192 495 1254 solrun
537 1207 619 1253 men·
647 1190 1286 1271 subominidcccxci,ptaqneedneatom

11 1271 28 1328 is
48 1273 165 1347 pietate,
181 1271 234 1334 sed
257 1273 348 1332 studii
372 1275 417 1334 sui
442 1271 543 1332 laboro
564 1271 619 1331 sol·
650 1272 731 1331 inter
752 1287 822 1332 suos
843 1274 961 1350 excepit
982 1269 1060 1332 Ordo
1083 1272 1207 1333 fratrum
1232 1272 1285 1332 lli·

11 1351 97 1420 tritus,
112 1353 302 1431 captivorum
325 1354 416 1412 etiarn
434 1351 618 1427 redemptor,
649 1363 758 1410 norum
791 1351 841 1428 qni
873 1369 887 1413 a
920 1352 1051 1428 regulari
1085 1349 1285 1414 llbservantia

15 1433 187 1506 rphanorum
201 1447 322 1510 quoque
337 1437 368 1492 et
384 1432 545 1492 viduarum
562 1431 619 1490 lar·
649 1437 878 1508 nuncupantur,
892 1432 923 1493 in
939 1431 1016 1492 lianc
1030 1429 1286 1493 deliberationem

11 1519 79 1582 tuor,
96 1512 260 1572 necessaria
279 1512 427 1585 tribuens,
443 1515 558 1571 amator
575 1527 620 1570 re·
649 1515 769 1570 maturo
791 1510 917 1571 consilio
936 1509 1129 1584 devenimus,
1147 1519 1180 1572 ut
1201 1527 1284 1585 eum,

11 1589 152 1664 igrositatis
182 1593 213 1652 in
247 1589 413 1652 Christiana
445 1605 564 1666 norma,
590 1597 620 1650 et
648 1588 825 1651 coelestium
848 1591 996 1650 alonorurn
1015 1591 1096 1668 copia
1111 1593 1286 1669 spectatissi-

11 1669 124 1743 aligiose
156 1669 334 1731 volentibus
363 1671 479 1744 vivere,
505 1677 535 1730 et
566 1669 617 1729 [tei
649 1671 1091 1746 momasperovttaeganera
1113 1671 1282 1748 insignem,

12 1749 126 1809 nitorem
143 1749 327 1810 habentibus
350 1751 379 1810 in
401 1752 462 1810 suis
484 1765 620 1826 praecor·
647 1755 677 1808 et
710 1749 913 1826 compluribus
933 1749 1133 1826 legationibus
1165 1767 1219 1828 pro
1253 1766 1286 1812 re

11 1825 48 1884 liis
75 1828 196 1890 dilector
226 1829 371 1902 existens,
396 1829 455 1888 ileo
485 1829 618 1902 latrante,
648 1829 812 1889 christiana
833 1832 977 1907 susceptis
991 1829 1029 1889 de
1045 1829 1175 1890 Ecclesia
1198 1845 1285 1906 prae-

11 1909 121 1968 terrenit
138 1910 172 1969 ad
187 1925 309 1969 sacrum
334 1909 472 1970 ordinem
494 1908 631 1987 Preshp·
648 1907 729 1969 clarc
751 1910 911 1978 meritum,
934 1925 967 1970 ac
985 1907 1168 1986 jamdudum
1190 1908 1287 1970 beatis

14 1995 109 2046 eratus.
131 1989 230 2062 Quem
249 1987 462 2059 viridescant
484 2003 536 2048 seu
559 2005 621 2048 out-
648 1987 897 2058 adnumeratum,
923 1989 952 2048 in
978 1987 1113 2065 plenario
1135 1995 1286 2050 conventu

11 2079 46 2122 ns
73 2067 205 2144 papalia
232 2084 343 2146 magno
375 2066 525 2145 usquead
551 2084 617 2146 par·
649 2067 1286 2129 sanctornmconiessnrumcurioniadscri-

11 2159 77 2209 tritu,
104 2147 206 2210 divina
238 2148 436 2226 inspiratione
468 2149 619 2224 permoti,
650 2146 802 2208 heremus.
831 2147 951 2208 Etenim
975 2146 1026 2207 Dei
1059 2147 1181 2210 virum.
1203 2147 1282 2209 beati

11 2223 87 2282 turbini
116 2243 197 2298 etim,
221 2229 293 2288 dum
327 2229 390 2303 ejus
421 2226 557 2288 decessor
584 2228 620 2288 de
650 2223 829 2288 Ber-rtordini
853 2225 992 2287 Senensis
1020 2227 1217 2302 discipulum,
1240 2227 1286 2287 in·

11 2303 52 2360 loc
70 2306 179 2367 saecuto
202 2309 371 2385 migrasset,
386 2307 458 2368 drrru
481 2315 552 2366 ante
576 2306 618 2366 le·
649 2322 708 2382 que
723 2307 898 2367 avertendis
919 2305 957 2367 ab
978 2323 1052 2382 agro
1066 2305 1221 2366 dominico
1237 2307 1284 2367 in-

11 2391 104 2446 tttrum
128 2390 157 2448 in
185 2387 332 2466 obsequio
353 2389 399 2446 sui
423 2387 620 2446 avrrtecessoris
649 2385 828 2456 cernentium
846 2387 1062 2462 contagionum
1076 2385 1228 2447 afflatibus
1244 2385 1277 2450 Β.

12 2471 69 2520 esset
83 2465 222 2540 intentus,
241 2465 489 2538 vtabstotlenres,
503 2467 532 2525 in
547 2466 619 2526 Prin·
648 2465 774 2528 loannis
795 2483 809 2526 a
833 2463 1009 2542 Capistmno
1029 2467 1156 2538 socium,
1173 2481 1283 2543 magna

13 2539 116 2604 titianus
145 2547 285 2607 culinam
313 2541 485 2622 elegerunt.
502 2567 515 2599 a
542 2543 620 2605 llaec
648 2560 784 2623 quaeque
803 2545 1031 2616 commerrdant;
1052 2545 1163 2622 quiippe
1180 2561 1286 2623 quem,

14 2617 316 2688 luastasiusBiblioth.
331 2622 412 2696 Quae
432 2631 532 2686 autem
548 2623 619 2685 San-
651 2631 682 2684 ut
704 2627 784 2684 vitae
804 2625 1009 2685 sanctimonia
1030 2624 1248 2702 percelebrem,
1269 2642 1285 2687 a

14 2703 61 2756 :tos
80 2701 238 2781 Gregorius
272 2706 301 2765 in
335 2705 514 2764 Pantilicatu
546 2706 629 2780 egit,
648 2703 835 2772 Caesaribus,
851 2703 1015 2778 regibuset
1031 2704 1217 2780 principibus
1230 2720 1286 2782 pro

15 2783 144 2858 praactpoo
160 2786 188 2846 in
204 2799 358 2846 sacrarunt
371 2783 539 2862 lrnaginum
555 2801 620 2860 per·
650 2783 807 2861 religionis
818 2784 906 2844 coust
917 2783 1097 2860 expetitum,
1109 2789 1287 2863 septemque

16 2861 149 2936 secutione,
178 2869 209 2925 in
243 2864 385 2926 llistoriis
407 2861 621 2923 Ecclesiasticis
650 2863 838 2924 decessorum
862 2868 1037 2924 nostrornm
1062 2865 1126 2938 piae
1149 2865 1285 2925 recorda-

16 2941 65 2992 ttul
87 2939 214 3016 legenda.
651 2944 744 3003 tionis
765 2941 971 3002 Romanorum
997 2943 1191 3009 Pontificum,
1207 2942 1286 3004 llar-

79 3093 88 3108 Ὶ
135 3091 139 3102 .
651 3022 705 3082 tini
729 3022 767 3092 V,
799 3023 929 3098 Eugenir
954 3021 1002 3095 tv,
1033 3023 1147 3084 Nicolui
1170 3023 1207 3098 V,
1232 3021 1288 3085 Ca·

75 3098 98 3152 b.
120 3098 281 3164 thOBUS
303 3102 433 3162 Picenus
453 3099 540 3163 Coun.
650 3101 715 3162 liuli
740 3101 788 3176 tlt,
811 3101 854 3162 Pii
879 3101 913 3173 tl,
936 3103 1018 3164 Pauli
1042 3101 1066 3164 lt
1086 3111 1117 3163 et
1144 3101 1224 3164 Xisti
1247 3102 1286 3166 lV

162 3205 239 3270 (pn-,q
263 3205 436 3270 “727201475
651 3181 814 3254 legationes
836 3189 938 3243 contra
965 3183 1142 3254 haereticos,
1158 3181 1289 3245 iraticel·

441 3253 448 3267 ⁸
651 3261 704 3332 los,
727 3261 919 3324 manichaeos
941 3262 1102 3335 redivivos,
1119 3270 1286 3340 patarenos,

39 3331 621 3421 ¹llarnvaon.--lleapolidepositiosan-
651 3339 796 3411 haesitas,
825 3341 987 3402 thaboritns
1019 3349 1048 3402 et
1083 3349 1180 3403 turcas
1212 3343 1289 3418 ipsos

21 3417 43 3496 lt
57 3412 148 3480 lacem
169 3421 270 3484 Piceni
287 3420 482 3494 Conlessoris,
499 3419 621 3482 Ordinis
652 3421 762 3492 magica
793 3421 947 3482 doctrinae
982 3429 1013 3482 et
1044 3420 1099 3482 zeli
1132 3421 1286 3496 apostolici

21 3485 153 3584 lituorum,
168 3503 247 3564 vitoe
265 3504 436 3580 asperitate,
452 3499 621 3579 Apostolico
651 3499 738 3560 lattde
761 3499 792 3558 in
815 3497 910 3574 ltalia,
926 3499 1093 3573 Pannonia,
1110 3497 1286 3572 Germania,

22 3574 231 3660 predicatione,
264 3599 298 3643 ac
335 3581 471 3657 pluribus
503 3595 557 3658 pro
589 3595 620 3641 re
649 3579 795 3639 Bohernit
828 3585 859 3640 et
879 3579 1026 3642 Sarmatia
1049 3594 1101 3660 per
1124 3581 1287 3642 innumera

23 3645 260 3722 aluistianadbitis
275 3662 478 3738 legationibus
494 3659 620 3736 praecia·
650 3659 730 3719 vitae
763 3659 897 3736 pericula
931 3659 1111 3730 obeuntem,
1144 3660 1288 3720 universo

24 3737 171 3816 'libonem
190 3739 371 3802 Benedictus
395 3739 459 3801 lllll
482 3739 621 3800 Pontifex
651 3737 779 3798 Ecclesia
805 3739 911 3799 mirata
933 3745 989 3799 est.
1011 3737 1108 3812 erare
1139 3739 1288 3818 probatis-

24 3795 141 3874 llunnus
161 3815 338 3880 Sanctorum
356 3819 437 3880 lastis
452 3821 619 3898 adscripsit.
649 3819 763 3878 situum
781 3818 973 3897 tirampni,
986 3819 1091 3879 multis
1106 3820 1289 3895 magnisque

56 3887 186 3956 isonat
211 3899 259 3962 llei
285 3899 380 3976 gloria
414 3895 546 3961 maxime
570 3915 620 3976 po·
650 3898 768 3960 meritis
802 3897 918 3974 planos,
943 3915 972 3957 vr
996 3897 1140 3959 laniandas
1165 3899 1287 3959 decem-

26 3959 139 4057 letatur
159 3975 307 4040 Romanus
337 3979 488 4050 Pontifex,
512 3978 621 4039 eraditis
651 3977 719 4038 bres
733 3991 814 4037 antro
829 3977 1008 4038 mcccclxxv
1021 3977 1143 4054 Neapoli
1159 3977 1191 4039 in
1204 3975 1289 4036 Cam·

62 4059 115 4130 gnis
134 4056 294 4121 virtutibus
315 4067 345 4119 et
370 4058 524 4120 miraculis
545 4073 622 4136 quae
652 4058 739 4134 paula
750 4057 978 4118 obdormivitin
992 4056 1133 4130 Domitio,
1145 4057 1288 4135 perplura

60 4133 132 4216 ructus
146 4131 287 4200 Dominus
309 4153 361 4216 per
375 4155 480 4200 servos
501 4153 569 4197 suos
591 4152 622 4197 o·
652 4135 807 4209 miracula,
832 4142 910 4197 nutu
942 4135 1047 4197 divino
1072 4151 1123 4211 per
1146 4151 1217 4198 euru
1242 4151 1290 4213 pa-

53 4211 98 4264 ttn
127 4211 318 4292 dignoscitur,
348 4217 470 4280 illorum
507 4231 621 4278 memo
652 4223 738 4288 trata,
764 4215 856 4276 sacris
887 4214 969 4276 illius
999 4215 1119 4275 exuviis
1151 4215 1181 4275 in
1214 4215 1289 4277 aede

60 4293 82 4366 tt
109 4301 190 4366 super
215 4297 427 4359 candelabrum
452 4297 541 4358 totius
564 4297 620 4356 Ec·
651 4295 682 4356 S.
701 4295 811 4356 lloriaa
832 4293 932 4355 Novae
955 4293 1159 4369 corruptionis
1180 4309 1288 4372 exper·

60 4371 108 4447 itte
127 4369 252 4436 collocari
276 4377 427 4452 decernat,
451 4377 533 4438 unde
557 4379 622 4436 uni·
651 4374 730 4436 tibus
751 4391 784 4434 ac
805 4375 890 4434 suavi
913 4381 944 4433 et
964 4374 1091 4450 perenni
1108 4373 1199 4434 odoro
1223 4389 1290 4450 per-

31 4519 33 4536 Ι
57 4451 101 4498 ists
114 4443 349 4520 christilidelihus
363 4458 440 4520 clara
458 4457 509 4519 lux
526 4455 622 4518 cilun-
650 4455 737 4526 lusis,
754 4454 957 4531 undequaque
979 4451 1129 4530 inclytum
1152 4452 1289 4511 reddide-
