2960 4824
56 281 114 345 bil.
135 283 165 345 ll
437 303 477 348 uu
499 303 528 348 s.
554 301 689 368 onuruts
712 303 838 349 sritrrc
1165 287 1230 349 ube

53 397 73 452 et
90 405 227 474 nagnam
243 385 380 472 quidem
397 387 425 454 ei
444 386 681 466 reverentiam,
693 387 846 456 multum
864 399 978 456 autem
995 387 1151 464 tribuens
1167 387 1273 456 hono-

52 493 119 551 rem,
141 487 311 563 arrogans
333 475 459 564 ipsum,
486 487 525 543 ut
548 474 590 543 tle
615 475 776 544 columna
801 475 940 561 quidem
970 475 1202 556 descenderet,
1230 476 1273 544 ad

51 583 94 628 sna
114 583 181 631 vero
204 562 273 631 loca
297 564 423 632 veniret
442 577 474 632 et
488 569 525 631 ea
548 563 736 632 babitaret:
765 569 889 633 «Sunt
910 577 1037 644 eutem,
1063 563 1198 635 dicebat
1220 587 1272 646 aa,

51 649 110 716 nihi
124 650 232 731 multa,
246 664 280 721 et
297 652 400 720 simul
417 651 555 738 quidem
570 652 681 721 amica
698 652 845 732 silentio,
864 665 896 722 et
915 672 1012 739 quae·
1025 653 1156 740 possint
1170 653 1275 722 aliam

48 739 174 824 praebere
192 740 467 810 consolationem.
488 765 505 808 »
524 740 584 809 llle
600 763 678 809 vero
694 741 818 810 bonam
835 743 911 830 ejus
932 755 1080 810 mentem
1100 743 1275 830 accipiens

47 839 69 892 et
81 828 215 908 laudans,
243 830 358 898 statuit
382 851 448 897 non
474 831 732 920 transmigrare,
760 830 817 900 sed
837 831 871 898 in
889 852 927 899 eo
953 829 1026 899 loeo
1044 853 1270 931 perseverare,

48 915 70 980 in
88 937 143 1001 quo
156 915 263 987 lucrat
279 941 296 986 a
311 919 442 988 Christo
460 919 656 1007 plantatus:
682 932 715 988 et
730 919 866 988 virtutis
890 919 1024 988 radices
1043 941 1077 986 tn
1095 941 1134 988 eo
1158 941 1271 1009 agere,

45 1015 66 1068 et
83 1003 492 1076 lrnrtum‘convenientem
518 1007 600 1075 dare
626 1029 690 1076 suo
715 1023 877 1096 tempore.
916 1014 999 1076 Cum
1030 1009 1113 1076 baec
1143 1023 1176 1076 et
1206 1007 1276 1076 alia

45 1089 152 1162 dixisset
168 1095 349 1182 ejusmodi,
368 1109 401 1164 et
418 1095 656 1164 benedictione
674 1117 748 1164 earn
768 1096 998 1184 impendisset,
1025 1097 1159 1166 emittit.
1179 1102 1274 1164 Tunc

45 1195 129 1247 antem
143 1185 260 1252 transit
275 1184 316 1252 ad
341 1184 538 1254 columnam
558 1185 695 1264 Gelasii,
720 1199 753 1253 et
768 1186 871 1253 sirnul
896 1207 978 1254 cum
1002 1185 1164 1254 columna
1186 1185 1275 1274 (erat

46 1268 114 1336 enin
139 1272 312 1362 excelsior)
333 1273 364 1341 ei
389 1294 525 1359 quoque
552 1287 654 1341 aucta
677 1285 728 1341 est
752 1273 878 1342 virtus:
905 1287 937 1342 et
967 1275 1053 1343 vitae
1077 1275 1273 1344 institutum

44 1379 190 1446 aggressus
205 1375 254 1429 est
275 1361 452 1430 excelsius.
481 1366 550 1431 Non
572 1375 669 1430 erant
689 1374 801 1431 autem
826 1361 943 1431 future
960 1362 1043 1432 baec
1067 1362 1270 1441 tolerabilia,

45 1465 127 1530 neque
146 1449 300 1530 diabolo,
326 1471 437 1536 neque
460 1450 555 1520 illius
580 1449 731 1520 asseclis.
764 1455 943 1538 Propterea
978 1451 1050 1539 ipse
1077 1451 1216 1540 quidem
1242 1451 1273 1520 ei

45 1555 137 1603 rursus
157 1539 311 1607 accendit
334 1538 505 1607 fornacem
532 1540 777 1608 tentationum:
814 1561 901 1608 usus
928 1551 979 1607 est
1004 1561 1080 1610 vero
1106 1541 1274 1608 ministris

44 1621 188 1694 haereticis
210 1627 269 1712 qui
301 1640 398 1696 erant
433 1628 586 1696 Bizantii.
621 1629 680 1697 leti
714 1649 794 1697 cum
822 1627 1009 1713 quamdam
1045 1629 1276 1728 sumpsissent

41 1711 184 1782 mulierem
214 1737 254 1784 ex
282 1715 531 1796 meretricibus
549 1737 638 1802 quae
667 1729 741 1786 erat
763 1717 903 1802 quidem
930 1737 1053 1806 genere
1081 1722 1214 1796 Asiana,
1242 1718 1274 1786 ei

43 1811 127 1869 anum
144 1817 211 1874 erat
230 1805 542 1874 nomenssasianat
564 1825 643 1874 cum
663 1805 855 1894 navigasset
879 1825 956 1874 vcro
976 1806 1188 1894 Byzantium,
1209 1806 1274 1873 im-

43 1889 169 1972 probum,
196 1892 415 1982 prohdolor,
441 1901 622 1980 quaestum
648 1892 793 1962 faciebat
820 1915 883 1962 suo
906 1913 1059 1981 corpore.
1086 1897 1166 1961 Eam
1192 1916 1274 1962 cum

43 1978 129 2046 verbis
144 1980 365 2070 decepissent,
384 1993 416 2050 et
440 1982 609 2069 promissa
657 1983 792 2062 ecunia,
819 1993 923 2050 totam
948 1982 989 2050 ad
1017 1981 1050 2049 id
1075 1982 1166 2066 quod
1186 1980 1275 2050 vole·

42 2061 111 2144 bant,
133 2069 340 2151 incitassent,
359 2069 513 2140 efficiunt
530 2084 567 2138 ut
586 2005 686 2139 vadat
708 2071 749 2139 ad
770 2081 939 2150 sanctum,
962 2084 994 2139 et
1015 2069 1063 2137 vel
1086 2068 1198 2148 illum,
1222 2069 1273 2138 vel

41 2173 122 2222 nnunr
143 2179 179 2226 er
202 2159 278 2228 suis
303 2159 497 2248 discipulis,
523 2159 565 2234 ad
591 2179 740 2228 amorem
766 2158 897 2238 illiciat,
916 2173 949 2228 et
968 2159 1009 2227 ad
1035 2157 1169 2227 laudam
1197 2179 1273 2245 pro-

42 2257 110 2311 tacet
125 2243 312 2317 libidinem.
331 2249 562 2317 Proficiscitur
576 2269 657 2336 ergo
673 2247 850 2336 impudico
866 2247 907 2316 ad
928 2247 1106 2334 pudicum,
1134 2249 1273 2335 impura

43 2331 128 2400 anime
141 2341 178 2404 ad
196 2337 379 2418 mundam,
397 2337 560 2406 comitum
583 2357 699 2407 secum
721 2335 850 2406 ducens
868 2335 1137 2417 multitudinem,
1161 2334 1274 2434 splen·

45 2414 103 2484 dida
118 2439 242 2493 externa
268 2437 370 2495 utens
386 2425 510 2514 specie,
536 2438 569 2493 et
584 2425 780 2496 libidinosis
803 2425 968 2514 gestibus,
991 2446 1163 2511 aureoque
1183 2447 1271 2492 arnt-

44 2515 84 2574 rtu
101 2523 125 2578 et
142 2513 206 2583 alio
231 2515 412 2582 intertexto
435 2525 570 2592 ornatu,
588 2513 751 2584 arbitratu
776 2535 812 2582 se
835 2513 1034 2582 allecturam
1051 2528 1085 2582 et
1102 2515 1273 2582 inescatu-

43 2613 93 2691 tau
113 2599 180 2670 illos
203 2603 338 2683 oculos,
356 2603 415 2688 qui
436 2600 522 2670 nihil
540 2613 725 2683 terrenum,
754 2602 840 2670 nibil
857 2623 896 2670 ex
913 2603 1054 2671 materia
1074 2613 1274 2670 concretum

38 2679 207 2760 dilexerunt,
234 2697 378 2766 Manens
402 2702 515 2759 autern
540 2692 573 2757 in
600 2690 749 2780 quodam
775 2711 867 2781 agro,
894 2692 1042 2777 quierat
1064 2713 1103 2759 er
1128 2690 1271 2758 adverso

37 2771 196 2859 columnae,
217 2793 250 2849 et
272 2779 438 2850 mandrae
455 2779 595 2847 rationis
611 2793 808 2868 compotum
827 2801 989 2869 pecorum
1005 2779 1119 2868 liujus
1142 2778 1273 2868 egregii

37 2866 154 2959 pastoris
174 2869 337 2946 Danielis,
365 2867 552 2936 simulabat
572 2889 606 2937 se
637 2881 828 2956 aegrotare:
854 2881 892 2937 ut
915 2867 1046 2938 si'tieri
1074 2882 1197 2956 posset,
1224 2867 1276 2936 vel

36 2955 225 3047 touquidem
257 2969 378 3026 sancto
407 2956 648 3046 aegrotationis
672 2957 779 3024 animi
804 2979 907 3025 causa
931 2970 1040 3026 esset:
1067 2958 1119 3025 sin
1143 2958 1272 3036 minus,

35 3034 106 3108 tllrus
122 3043 235 3114 saltem
254 3045 441 3135 discipulis
463 3045 599 3114 afferret
624 3045 822 3133 perniciem.

64 3129 169 3211 §dib
196 3139 282 3203 Cum
310 3148 423 3202 autem
446 3145 626 3224 postquam
653 3134 755 3223 longo
779 3145 931 3223 tempore
957 3134 1149 3214 mansisset,
1173 3135 1275 3202 inane

35 3225 56 3279 et
72 3217 192 3290 irritum
213 3235 289 3298 erut
305 3222 469 3291 callidum
494 3222 571 3308 ejus
586 3236 766 3310 coeptum,
793 3222 970 3292 descendit
990 3221 1128 3308 quidem
1146 3223 1188 3290 ad
1205 3243 1274 3302 eos,

34 3305 75 3386 qni
88 3309 264 3380 miserant:
292 3311 375 3379 dicit
391 3333 470 3380 vero
486 3311 685 3392 execranda,
701 3325 733 3380 et
747 3332 788 3380 ea
803 3311 967 3380 mentitur
983 3311 1025 3378 de
1042 3321 1170 3389 sancto,
1189 3331 1277 3396 quae

34 3409 83 3460 non
104 3397 208 3468 solum
227 3421 357 3488 magno
381 3399 430 3468 illi
462 3421 640 3486 nunquam
667 3400 701 3466 in
728 3413 874 3468 mentem
901 3399 1161 3486 venerunt(hoc
1184 3399 1276 3468 enim

34 3485 243 3568 requivatde
267 3487 407 3574 quidem
434 3509 452 3556 a
479 3501 590 3556 mente
615 3488 783 3569 discessit,
810 3487 1018 3570 crediderit),
1040 3488 1100 3557 sed
1126 3507 1188 3555 nec
1211 3485 1276 3556 ulli

35 3585 62 3632 tt
83 3570 181 3644 ullius
208 3576 416 3665 discipulis:
448 3577 596 3646 multum
622 3575 761 3664 quidem
787 3577 893 3655 abest.
912 3581 1003 3646 Haec
1021 3589 1137 3646 autem
1156 3587 1275 3644 erant:

36 3660 110 3728 1llei
134 3684 267 3744 amore,
302 3663 454 3746 dicebat,
482 3663 579 3734 valde
598 3665 738 3751 quidem
760 3681 881 3755 captus
904 3677 977 3734 erat
1003 3665 1133 3746 Daniel,
1159 3664 1276 3733 anirno

33 3761 90 3814 iero
105 3749 205 3820 telum
231 3766 432 3842 acceperat;
457 3766 491 3823 et
505 3753 643 3824 tandem
659 3775 738 3823 cum
753 3753 915 3844 jussisset
938 3752 1223 3843 suisdiscipulis,
1240 3767 1279 3822 ut

34 3850 217 3910 nesursum
244 3841 425 3931 adipsum
449 3841 635 3932 perscalas
657 3842 878 3924 deducerent,
904 3863 966 3932 ego
993 3853 1120 3922 autem,
1151 3842 1274 3929 inquit,

34 3937 111 4002 passa
134 3949 201 3998 non
221 3951 346 4011 essem,
374 3953 429 4000 me
447 3930 626 4001 occidendi
651 3931 834 4001 consilium
862 3944 1037 4020 ceperunt,
1064 3946 1102 4000 ut
1127 3931 1210 4000 baec
1230 3931 1279 3999 la-

34 4015 94 4080 ltrct
111 4015 386 4108 intemperantia.
401 4024 440 4089 Et
456 4041 534 4090 ecce
548 4021 603 4088 vix
619 4042 744 4090 manus
759 4041 877 4090 eorum
893 4019 1071 4110 effugiens,
1088 4020 1175 4089 mibi
1195 4019 1277 4107 luga

34 4103 221 4174 consului.»
252 4109 306 4178 Sic
332 4110 518 4178 mentiente
541 4109 714 4189 Maenade,
740 4121 773 4178 et
796 4131 835 4177 ea
863 4108 997 4178 dicente
1024 4129 1112 4196 quae
1138 4107 1277 4196 probari

35 4201 259 4288 torpuerant,
278 4199 361 4268 baec
382 4199 485 4267 verbu
508 4197 560 4267 illi
585 4199 809 4279 attendentes
829 4197 1048 4284 arripuerunt
1065 4196 1218 4286 perinde
1238 4219 1278 4266 ac

36 4283 184 4352 ttnssima
202 4286 307 4374 (quae
323 4287 417 4358 enirn
443 4285 612 4368 volebant,
639 4309 678 4356 ea
701 4288 803 4358 etiam
825 4307 901 4354 vera
923 4286 1159 4375 putabantur),
1186 4299 1219 4354 et
1237 4307 1278 4354 ea

38 4361 65 4428 at
86 4367 164 4441 alios
188 4377 477 4447 transmittebant.
509 4377 809 4446 verumenimvero
835 4374 889 4444 bic
917 4397 1053 4462 quoque
1083 4386 1154 4445 erat
1185 4373 1276 4444 idem
