3046 4838
53 301 117 366 tet.
140 301 151 362 l
427 315 466 365 nr
489 319 515 366 s.
537 318 641 367 anicio
666 320 715 366 ar.
741 318 872 367 uovrou.
1100 349 1103 356 .
1197 303 1233 368 dl

51 403 223 492 perdidisse:
255 425 317 474 nec
344 403 449 474 facile
482 416 607 492 poterat
640 403 819 494 psallentis
846 403 928 472 cleri
958 415 1080 474 cantus
1108 427 1127 472 a
1152 406 1282 474 lamen-

50 489 250 581 tantispopuli
273 491 419 582 planctu
444 493 637 564 internosci.
666 497 705 563 Et
727 493 806 580 quis
826 491 885 561 illo
910 491 965 561 die
991 506 1059 562 tam
1085 515 1207 564 saxeus
1224 508 1284 564 aut

47 581 124 668 plane
143 581 265 650 ferreus
290 603 369 652 esse
395 593 544 672 poterat,
578 593 615 651 ut
643 604 723 651 cum
757 579 886 650 videret
918 581 1072 672 reginam
1104 594 1136 652 et
1165 604 1283 672 proce-

46 689 94 748 res,
115 691 272 770 pauperes
294 682 328 739 et
353 669 486 752 divites,
514 670 647 760 plebem
673 670 868 740 universam
894 683 963 740 mm
986 669 1109 740 misere
1134 671 1280 761 plorare,

44 781 95 825 non
115 781 181 848 rpse
217 759 345 848 pariter
382 760 502 829 acerbe
525 760 647 830 lleret?
680 759 753 828 lam
780 781 858 830 vero
886 758 965 846 quis
998 759 1080 830 satis
1113 759 1284 850 explicare

43 859 132 932 queat,
155 859 212 916 aut
233 848 336 918 siccis
360 850 549 918 etiamnum
568 847 742 918 recordari
765 847 887 928 oculis,
906 869 985 917 cum
1016 863 1215 937 perventum
1233 863 1285 919 est

42 933 74 1004 ad
93 935 273 1094 sepulturae
298 937 428 1019 locum,
450 959 517 1025 quo
536 937 671 1007 ardoris
693 935 875 1018 desiderio,
901 957 969 1024 quo
994 937 1122 1006 amoris
1145 938 1280 1020 allectu‘,

41 1045 93 1110 qua
140 1025 239 1096 oloris
262 1025 294 1094 vi
327 1039 361 1096 et
386 1025 517 1116 impetu
541 1038 723 1108 retentum,
749 1046 1001 1115 compressum,
1029 1036 1214 1097 retractum
1239 1027 1285 1096 sit

40 1113 208 1184 feretroma
232 1115 374 1205 populo,
403 1127 452 1196 ut,
480 1114 591 1202 quoad
616 1114 690 1184 fieri
718 1125 841 1202 posset,
871 1124 1023 1188 maneret
1046 1114 1157 1186 oculis
1181 1137 1283 1216 expo-

40 1203 124 1270 situm
140 1225 272 1294 corpus,
292 1226 363 1292 quo
388 1202 440 1272 v'el
470 1205 519 1273 sic
543 1217 731 1290 utcumque
756 1224 817 1274 sno
835 1200 1070 1272 satisfacerent
1087 1202 1284 1273 desiderio?

40 1293 141 1362 Omnes
163 1292 312 1363 studiose
337 1291 505 1380 quasdam
532 1291 733 1382 injiciebant
751 1313 876 1373 moras,
900 1314 941 1362 ne
960 1291 1159 1381 sepulcrum
1185 1291 1284 1364 clau-

40 1379 172 1448 deretur:
191 1381 368 1452 nonenim
384 1381 470 1450 serre
485 1392 639 1471 poterant
655 1381 729 1469 ejus
742 1380 945 1450 absentiam.
961 1386 1065 1471 tegre
1080 1381 1215 1450 tandem
1239 1381 1284 1451 ab

40 1467 190 1557 Episcopis
204 1471 335 1560 populo
350 1482 519 1559 ereptum,
540 1481 764 1539 monumento
787 1468 951 1538 traditum
971 1483 1042 1540 est:
1061 1469 1284 1557 celeriterque

39 1557 174 1628 advoluto
195 1581 284 1640 saxo,
314 1560 350 1628 in
373 1559 496 1649 primis
519 1570 710 1628 reverenter
732 1568 765 1627 et
792 1557 980 1628 honorifice
1003 1557 1075 1628 illic
1112 1558 1280 1639 habetur,

40 1644 199 1732 aliquando
215 1647 248 1716 in
292 1647 382 1718 loria
393 1661 644 1718 surrecturum.
658 1646 705 1716 ed
721 1657 910 1717 extremum
929 1647 1058 1737 Regina
1078 1648 1285 1717 venerabilis

39 1755 107 1802 curn
129 1733 212 1824 plebe
235 1671 337 1807 redde
367 1735 467 1817 sessa,
496 1747 676 1825 postquam
701 1735 789 1805 illud
820 1750 1012 1806 reverenter
1038 1750 1196 1806 venerata
1219 1752 1282 1818 est,

37 1823 137 1910 jejuna
158 1827 300 1907 recessit,
331 1825 496 1912 luctuque
520 1847 594 1895 eam
627 1847 695 1894 non
730 1824 862 1895 sinente
892 1823 1008 1896 cibum
1043 1847 1196 1908 sumere,
1234 1825 1284 1896 sic

42 1909 209 1984 triduanum
228 1913 510 2004 lacrymabunda
529 1913 702 2014 jejunium
728 1913 874 2003 explevit
878 1963 945 1982 .....

80 2001 170 2082 §M
184 2007 261 2074 Cum
278 2007 335 2074 sic
349 2014 464 2073 autem
477 2002 568 2072 beate
585 2003 648 2071 viri
663 2024 790 2090 corpus
804 2001 847 2072 ad
866 2001 956 2071 latus
975 2002 1094 2072 altaris
1110 2001 1285 2091 sepultum

47 2100 131 2167 esset,
146 2091 248 2191 Episco
275 2116 296 2162 o
314 2105 349 2161 et
364 2091 516 2180 Reginae
539 2091 716 2180 inprimis
738 2089 937 2160 consultum
963 2091 1075 2159 visum
1096 2101 1168 2172 est,
1195 2090 1286 2160 ultra

50 2173 173 2246 altareer
184 2115 327 2252 condere
345 2178 576 2260 mausoleum,
600 2192 702 2282 atque
717 2201 757 2248 eo
772 2179 961 2248 honorilice
976 2177 1062 2248 illud
1085 2177 1283 2271 transferre.

48 2265 123 2333 liunt
142 2266 237 2356 igitur,
263 2283 299 2339 et
324 2268 510 2359 diligenter
525 2268 714 2358 inspiciunt
738 2267 866 2350 locum,
885 2280 917 2338 ct
940 2289 1018 2336 ecce
1042 2267 1156 2337 subito
1173 2269 1210 2335 in
1228 2289 1288 2356 pa·

45 2352 115 2420 riete
130 2355 223 2427 vident
244 2360 361 2429 instar
384 2379 486 2427 arcus
501 2355 676 2442 quandam
702 2377 868 2446 apparere
888 2367 1084 2446 rupturam.
1104 2355 1188 2424 Inde
1206 2377 1288 2446 ergo

42 2439 192 2530 eolligunt,
214 2447 387 2518 divinitus
410 2445 600 2534 significari
625 2445 788 2534 parietem
815 2443 915 2514 illum
941 2467 980 2514 eo
1006 2444 1080 2514 loco
1095 2443 1287 2514 demolien-

39 2530 122 2598 dum.
145 2538 289 2624 Cumque
306 2535 342 2604 id
366 2556 491 2625 magna
516 2533 644 2604 fiducia
669 2532 778 2603 iacere
803 2535 1000 2614 instituunt,
1028 2533 1075 2602 ita
1101 2533 1213 2622 paries
1231 2533 1289 2602 ille

37 2619 146 2706 absque
161 2623 226 2694 ullo
243 2623 400 2694 hominis
416 2633 543 2692 conatu
558 2634 680 2712 sponte
696 2621 871 2711 collapsus
886 2633 948 2702 est,
970 2635 1007 2692 ut
1024 2644 1086 2694 nec
1110 2621 1286 2691 bominem

35 2707 138 2791 ullum,
155 2734 215 2784 nec
233 2713 371 2784 thecam
388 2711 419 2780 ei
437 2711 666 2801 propinquam
682 2710 731 2779 vel
747 2710 894 2781 tenuiter
910 2709 1069 2780 laederet.
1086 2715 1161 2780 Mox
1173 2710 1289 2802 itaque

35 2809 170 2886 coeptum
200 2815 253 2872 est
281 2800 461 2892 egregium
493 2799 645 2870 construi
676 2799 904 2870 mausoleum.
937 2799 1146 2870 Adventante
1174 2819 1287 2883 autem

32 2889 247 2960 anniversario
269 2888 487 2978 migrationis
501 2888 578 2976 ejus
601 2887 668 2967 die,
694 2887 767 2976 jam
793 2909 829 2956 se
854 2890 1107 2978 praeparabant
1129 2887 1220 2958 cives
1245 2887 1288 2958 ad

31 2996 139 3064 corpus
157 2979 232 3068 ejus
257 2976 448 3048 honorilice
473 2974 762 3048 transferendum.
790 2977 921 3065 Regina
940 2998 1083 3135 guoque
1104 2991 1212 3048 vestes
1230 2978 1289 3047 ho·

30 3060 173 3138 losericas
197 3067 342 3136 maximi
368 3065 467 3156 pretii
492 3066 692 3154 apparabat,
711 3077 857 3135 exutura
874 3064 938 3135 illu
982 3066 1080 3146 alias,
1100 3067 1136 3135 in
1160 3067 1290 3154 quibus

29 3167 150 3224 curarat
160 3168 261 3226 antea
273 3177 311 3226 se
337 3153 527 3234 silendum,
544 3165 577 3223 et
590 3153 653 3224 has
669 3175 774 3224 novas
791 3153 968 3224 indutura.
985 3155 1159 3244 adipsum
1175 3165 1288 3224 autem

28 3243 288 3314 anniversarium
305 3178 398 3313 diem
416 3245 574 3314 convenit
589 3243 623 3311 in
641 3243 809 3334 oppidum
829 3241 926 3311 valde
945 3241 1108 3333 frequens
1123 3242 1287 3332 populus.

30 3333 153 3400 Interim
170 3345 316 3403 canente
339 3333 443 3413 clero,
469 3331 597 3421 populo
613 3331 647 3400 in
674 3330 809 3422 vigilias
834 3331 1067 3411 incumbente,
1090 3331 1186 3401 theca
1211 3328 1291 3397 dili-

30 3431 133 3497 prenter
146 3421 261 3491 ablata
276 3435 329 3492 est
344 3444 365 3490 a
381 3432 615 3490 monumento.
644 3419 782 3500 Deinde,
810 3419 946 3489 sublato
964 3418 1090 3490 tumuli
1107 3418 1288 3509 opertorio,

31 3509 244 3580 suavissimus
269 3531 288 3580 e
314 3531 457 3600 corpore
484 3509 593 3580 sancti
618 3509 686 3577 Viri
720 3509 872 3578 manavit
900 3508 1004 3578 odor:
1025 3507 1125 3596 ¹quod
1150 3507 1290 3598 quidem

32 3607 86 3662 tam
110 3597 227 3668 adhuc
242 3599 415 3690 integrum
458 3597 606 3684 laneque
623 3597 863 3686 incorruptum
888 3598 1105 3678 cernebatur,
1127 3609 1165 3666 ut
1180 3597 1292 3665 vivere

31 3697 209 3768 putaretur;
226 3687 386 3777 quodque
402 3620 645 3757 admirabilius
664 3696 726 3767 est,
745 3686 852 3756 barba
869 3697 901 3754 et
926 3685 1043 3775 capilli
1060 3685 1149 3773 ejus,
1173 3685 1233 3773 qui
1252 3705 1292 3755 ex

34 3791 112 3842 more
123 3775 238 3844 abrasi
252 3789 351 3846 erant
365 3775 431 3845 vita
445 3775 575 3856 lunato,
591 3776 625 3844 in
642 3774 802 3866 sepulcro
817 3795 938 3845 rursus
951 3786 1140 3853 creverant,
1157 3776 1292 3844 cunctis

32 3859 64 3926 ad
85 3883 211 3932 novum
229 3876 261 3935 et
279 3865 477 3934 inauditum
496 3863 705 3934 miraculum
722 3863 1057 3953 obstupescentibus.
1077 3866 1115 3933 tt
1130 3863 1293 3953 Episcopi

34 3969 99 4017 cnm
118 3952 226 4022 multo
248 3954 371 4024 timore
395 3953 546 4023 levantes
565 3952 653 4022 illud
669 3975 688 4022 e
703 3953 849 4034 tumulo,
868 3953 979 4022 exutis
999 3951 1173 4041 prioribus
1189 3952 1294 4023 indu-

35 4039 159 4120 mentis,
179 4043 446 4127 pretiosissimis,
462 4063 550 4131 quae
566 4043 696 4129 Regina
712 4053 899 4131 paraverat,
920 4041 1082 4124 induunt,
1099 4063 1294 4132 magnoque

11 4141 13 4186 ε
37 4125 137 4196 studio
161 4130 284 4218 sigillis
302 4132 474 4201 munitum
496 4143 688 4230 repon-unt:
715 4143 816 4232 atque
840 4131 885 4230 ita
910 4129 1049 4200 demum
1071 4129 1176 4199 choro
1201 4130 1294 4219 psal-

38 4207 125 4308 lente,
142 4217 468 4310 modulantibusque
486 4239 638 4310 organis,
656 4220 737 4288 inde
756 4241 790 4286 in
819 4219 941 4308 primis
966 4231 1159 4288 reverenter
1174 4229 1207 4287 et
1222 4233 1293 4290 stu-

41 4297 121 4372 diose
143 4307 365 4390 translatum,
393 4310 429 4377 in
459 4319 661 4411 praeparato
686 4306 1052 4406 mausoleoaccurate
1076 4307 1232 4377 condunt
1263 4316 1296 4374 et

43 4405 248 4481 conponunt,
263 4397 295 4466 in
314 4397 387 4469 dies
403 4397 528 4484 mapori
546 4397 673 4466 honore
687 4407 720 4465 et
735 4406 950 4465 veneratione
967 4395 1292 4486 prosequendum...
