2932 4812
194 279 257 342 1811
533 293 571 338 11
595 292 623 339 1.
651 291 813 338 scrutano
837 291 1036 354 conrnssnna
1261 271 1333 336 DD'..
1354 271 1387 334 ’11

149 380 254 473 pestis
275 378 389 448 locum
416 377 551 446 invasit.
571 381 655 446 Tum
682 398 761 446 vero
781 388 922 447 sanctus
939 377 990 444 vir
1008 397 1237 463 nequaquam,
1252 389 1287 444 ut
1304 373 1388 442 soient

148 467 365 548 mercenarii,
384 465 483 555 fugit,
502 465 560 535 sed
578 464 721 534 fratrum
739 466 875 534 animos
891 465 1131 546 confirmabat,
1152 463 1387 548 hortabaturque

147 579 217 638 111,
235 571 274 628 ut
292 567 452 646 pararent
475 576 510 623 se
535 555 682 622 venienti
699 553 822 642 judici,
845 555 904 641 qui
930 553 1130 625 redditurus
1153 568 1203 622 est
1230 553 1386 636 unicuique

144 647 242 734 juxta
265 667 368 735 opera
391 665 503 714 sua«
530 643 655 723 Videte,
676 643 799 730 inquit,
820 664 862 712 ne
882 663 1032 732 sponsus
1048 656 1219 712 revertens
1239 641 1382 730 anuptis.

149 736 302 806 inveniat
321 754 380 804 vos
404 731 625 813 dormientes,
644 730 700 802 sed
728 731 908 822 vigilantes
924 731 958 800 in
976 731 1141 822 operibus
1158 731 1268 800 bonis.
1288 732 1375 798 »tun

149 845 216 912 que
236 834 451 924 grassaretur
475 821 592 911 pestis,
611 841 705 890 unus
723 841 764 889 ex
788 819 952 890 fratribus
977 819 1134 890 subintus
1157 821 1301 890 estsine
1322 837 1388 886 con·

148 933 340 984 munione:
365 909 547 980 dicebatur
576 921 690 980 autem
716 910 915 980 ausbertus,
949 909 1014 980 Ubi
1045 921 1159 978 autem
1185 929 1264 978 eum
1295 905 1392 978 obiisse

149 1000 270 1071 didicit
285 1005 319 1069 D.
339 997 549 1088 Ebruiphus,
570 997 810 1070 sciscitabatur
826 1019 910 1068 num
929 997 1180 1068 Eucharistiam
1199 997 1390 1088 percepisset.

150 1089 304 1159 Ministro
319 1088 393 1174 ejus
410 1087 445 1157 id
462 1099 619 1174 negante,
639 1085 817 1157 infremuit
836 1110 852 1156 s
880 1087 973 1168 iritu,
990 1107 1163 1173 oransque
1178 1099 1211 1156 et
1227 1086 1394 1176 lacrymans

150 1178 242 1246 venit
270 1177 313 1247 ad
338 1175 464 1246 lectum
489 1176 576 1266 ejus,
602 1175 719 1262 aitque
742 1174 785 1245 ad
810 1109 1012 1246 deiunctum
1030 1197 1074 1243 :a
1101 1175 1195 1246 Eheu
1219 1173 1328 1254 frater,
1350 1193 1396 1240 cur

149 1266 263 1335 abiisti
289 1265 364 1336 sine
386 1267 659 1336 communionet
684 1288 703 1332 »
727 1264 788 1334 1111
824 1277 1000 1352 tamquam
1025 1285 1046 1333 a
1070 1285 1192 1334 somno
1224 1259 1372 1354 expergai
1386 1297 1395 1308 ·

149 1368 237 1436 ctus,
257 1353 441 1442 paululum
466 1355 594 1444 apertis
618 1352 746 1423 oculis:
767 1375 784 1420 tt
803 1357 852 1422 Tu
868 1374 916 1434 es,
936 1352 1058 1440 inquit,
1079 1352 1239 1423 dominat
1256 1377 1274 1419 n
1289 1351 1339 1420 t'ir
1355 1355 1395 1417 Det

150 1443 345 1534 respondit:
365 1465 382 1510 tt
404 1447 428 1510 tt
453 1464 474 1510 o
496 1465 594 1513 sum:
613 1441 671 1512 sed
697 1441 753 1511 dic
771 1441 869 1522 mibi,
896 1441 957 1512 ubi
981 1441 1118 1512 interim
1144 1440 1264 1524 fueris,
1282 1454 1313 1510 et
1333 1435 1394 1526 quid

149 1531 326 1632 viderier>
352 1536 390 1600 Et
412 1465 492 1600 itia:
513 1553 531 1598 a
553 1531 729 1632 1111111111
759 1551 824 1612 me,
852 1532 976 1618 inquit,
1004 1553 1025 1600 a
1049 1529 1164 1601 labore
1189 1530 1331 1610 itineris,
1347 1546 1396 1624 qua

150 1641 205 1690 me
223 1620 400 1691 cruciabat
426 1620 655 1692 adversarius.
684 1641 702 1686 n
727 1623 766 1690 Et
789 1621 840 1689 vir
864 1632 1065 1691 sanctuszt
1090 1620 1158 1700 Vis,
1178 1621 1238 1700 ait,
1259 1619 1397 1689 Euchari-

148 1710 249 1779 stiam
274 1707 702 1798 111111111111111111111ε
723 1731 740 1774 a
767 1706 859 1778 Volo.
880 1731 897 1776 t
915 1713 1069 1799 Cumque
1085 1721 1262 1798 11111111
1282 1705 1397 1862 111111-

149 1819 226 1868 nem
254 1798 389 1869 Domini
413 1797 624 1885 accepisset,
655 1819 778 1868 rursus
811 1798 906 1887 pacis
937 1818 1059 1868 somno
1082 1797 1301 1867 obdormivit.
1326 1795 1397 1887 tius

149 1887 292 1973 quidam
317 1907 357 1957 er
380 1885 533 1969 famulis,
564 1907 661 1956 sacro
686 1885 872 1955 nativitatis
896 1886 1032 1956 Domini
1057 1887 1163 1957 nostri
1188 1891 1272 1956 tesu
1298 1882 1396 1955 chriso

149 1975 216 2055 die,
238 1976 305 2046 vita
330 1975 481 2053 iunctus,
501 1997 522 2044 a
545 1975 763 2045 sanctissimo
788 1987 883 2064 patre
898 1977 1021 2063 jussus
1044 1974 1152 2046 estad
1178 1973 1396 2045 coemeterium

150 2063 368 2154 sepeliendus
388 2062 525 2134 deferri:
543 2063 712 2151 quicum,
730 2063 872 2154 expietis
890 2064 1071 2134 Missarum
1090 2063 1282 2144 solemniis,
1300 2063 1398 2132 feretro

148 2165 395 2244 exportaretur,
415 2151 587 2223 redivivus
612 2151 794 2242 apparuit;
817 2152 1014 2242 apertisque
1035 2152 1145 2222 oculis
1167 2153 1284 2241 petivit
1303 2147 1397 2221 reduci

149 2242 192 2311 ad
218 2263 319 2312 suum
346 2241 605 2312 monasterium.
624 2263 641 2307 a
661 2240 777 2322 Credo,
798 2239 970 2328 inquiens,
991 2241 1114 2311 virtute
1130 2241 1315 2312 nativitatis
1336 2244 1398 2308 tesu

150 2331 275 2402 Christi
299 2351 338 2399 ac
364 2330 670 2400 intervenientibus
698 2329 805 2419 patris
830 2331 937 2400 nostri
964 2329 1132 2420 Ebruipbi
1157 2329 1305 2410 meritis,
1332 2327 1398 2396 vitae

152 2421 300 2509 spatium
321 2417 406 2488 mibi
424 2417 664 2508 prolongatum
682 2439 768 2488 essa.
787 2441 805 2484 »
823 2419 886 2502 Qui
903 2441 922 2488 a
941 2431 1035 2508 patre
1052 2417 1312 2508 perhumaniter
1325 2433 1397 2486 erce·

151 2521 242 2597 ptus,
269 2520 300 2576 et
326 2506 489 2596 pristinae
518 2506 685 2577 vocationi
712 2507 910 2592 restitutus,
934 2507 1124 2597 permultos
1149 2505 1277 2577 ibidem
1303 2523 1397 2594 super·

148 2596 231 2666 vixit
246 2617 367 2666 annos.
387 2597 578 2686 Digrnrunt
603 2608 684 2666 tunc
708 2594 751 2664 ad
773 2596 957 2666 Dominum
982 2595 1202 2686 septuaginta
1216 2608 1249 2666 et
1262 2609 1334 2666 octo
1347 2591 1397 2660 ira·

150 2695 240 2770 tres;
270 2707 310 2754 ex
334 2684 465 2754 familia
490 2705 567 2753 vero
600 2685 798 2753 innumeri:
826 2683 884 2755 sed
913 2686 1058 2754 Domino
1083 2686 1291 2766 miserante,
1316 2681 1396 2774 pestis

148 2775 259 2874 sopita
283 2785 344 2842 est.
371 2779 441 2844 Non
467 2773 611 2842 cessavit
634 2785 749 2842 autem
775 2772 896 2843 beatus
927 2771 1127 2863 Dbruipbus
1153 2795 1216 2863 pro
1239 2771 1396 2844 animabus

149 2861 219 2932 illis
237 2861 419 2931 Dominum
437 2873 535 2932 nocte
551 2884 591 2932 11
611 2861 667 2930 die
686 2860 876 2951 deprecari.

194 2953 278 3036 §5-
302 2949 436 3021 Sciebat
461 2951 512 3020 vir
531 2961 682 3030 sanctus,
705 2963 779 3039 post
803 2949 963 3020 collectas
984 2947 1129 3020 11111111
1155 2951 1190 3020 11
1218 2952 1301 3022 lecto
1323 2947 1397 3048 quir·

147 3051 270 3120 turns,
302 3036 391 3107 clam
420 3039 533 3109 accire
559 3039 756 3110 ministrum
783 3059 911 3119 suum,
937 3039 996 3125 qui
1022 3039 1052 3108 ei
1079 3038 1206 3130 legerat
1228 3041 1395 3129 quippiam.

146 3131 289 3198 Summo
316 3127 408 3196 enirn
438 3127 551 3197 studio
582 3126 760 3198 tenebatur
783 3125 1000 3217 intelligendi
1027 3129 1221 3218 scripturas
1244 3129 1398 3210 utriusque

148 3216 365 3298 Testamenti,
385 3227 422 3286 ut
449 3216 484 3286 in
509 3237 588 3286 eum
613 3237 751 3303 quoque
774 3215 960 3303 quadraret
983 3214 1071 3285 illud
1100 3217 1351 3316 propheticum:
1371 3214 1397 3276 11

146 3309 220 3396 depe
244 3307 379 3376 Domini
392 3307 610 3375 meditabitur
629 3305 683 3374 die
698 3329 738 3374 ac
758 3315 851 3375 nocta
866 3305 935 3394 (Pa.
955 3304 1000 3393 1).
1020 3304 1173 3378 Prolixas
1187 3304 1334 3394 quotidie
1353 3305 1397 3368 Do·

148 3395 242 3465 mino
269 3415 385 3484 preces
412 3393 584 3475 offerebat,
605 3414 700 3484 spem
726 3414 824 3463 suam
852 3394 887 3462 in
913 3392 973 3463 illo
999 3392 1166 3484 defigens.
1197 3399 1280 3466 Cum
1307 3409 1397 3463 sacer·

143 3481 287 3554 dotibus
307 3504 444 3572 quoque
467 3481 658 3554 oblationes
678 3504 759 3552 suas
775 3481 929 3570 quotidie
950 3482 1095 3552 Domino
1110 3483 1234 3554 offerre
1250 3479 1394 3554 studebat·

148 3591 250 3661 porro
274 3571 462 3642 Dominicis
486 3569 610 3642 diebus
634 3571 827 3642 sacerdotes
850 3591 965 3641 coram
992 3570 1053 3641 illo
1078 3574 1142 3642 tria
1171 3571 1337 3643 faciebant
1356 3585 1396 3634 sa·

143 3660 289 3730 crificia.
309 3664 388 3730 Erat
406 3659 437 3730 ei
464 3659 579 3757 vultus
605 3659 815 3749 praeclarus,
837 3659 962 3730 canitie
987 3659 1051 3729 suit
1071 3661 1288 3740 venerabilis,
1306 3655 1396 3729 chari·

145 3761 211 3820 tate
228 3749 364 3840 plenus,
388 3748 485 3820 sortis
506 3750 540 3817 in
566 3748 706 3838 vigiliis,
729 3749 763 3818 in
790 3748 1000 3821 abstinentia
1019 3749 1203 3839 jucundus
1230 3762 1262 3820 et
1286 3747 1393 3819 hilaris.

146 3839 181 3907 in
209 3839 311 3909 rebus
335 3837 433 3908 duris
457 3839 613 3928 patiens,
644 3859 726 3927 erga
751 3850 931 3927 peccantes
956 3837 1132 3908 humanus
1156 3852 1189 3908 et
1214 3839 1393 3911 misericors.

145 3949 290 4018 corpore
313 3937 441 4007 castus,
461 3927 599 3996 sobrius
623 3939 655 3996 et
680 3926 835 3997 humilis.
853 3926 960 3996 Annis
980 3926 1130 4018 singuiis
1155 3941 1207 3998 ter
1229 3938 1327 4018 caput
1341 3938 1396 3992 ton-

147 4013 269 4097 debat;
297 4035 477 4104 nunquam
504 4014 654 4084 reddidit
679 4015 809 4086 malum
833 4037 895 4104 pro
919 4014 1028 4096 maio;
1050 4037 1213 4106 prospera
1230 4029 1261 4086 et
1280 4013 1395 4085 adversa

147 4121 257 4196 aequo
281 4101 410 4202 ferebat
433 4103 561 4172 animo.
584 4105 617 4172 Si
641 4103 734 4190 quod
759 4104 788 4176 ei
815 4102 949 4174 illatum
970 4118 1059 4175 esset
1083 4104 1264 4188 damnum,
1286 4115 1395 4189 111111

147 4185 234 4283 rtiud
259 4205 330 4258 erat
354 4212 388 4258 ut
410 4211 487 4259 ore:
504 4193 664 4260 Dominus
684 4193 786 4272 dedit,
807 4195 967 4262 Dominus
987 4193 1141 4263 11111111·
1159 4197 1204 4264 sit
1220 4215 1329 4264 nomen
1351 4193 1394 4256 11·

147 4274 241 4367 11111Ι
254 4275 460 4346 benedictum
478 4281 512 4346 in
531 4282 646 4347 secuto
661 4279 736 4366 (111
751 4281 788 4368 1).
810 4284 893 4351 Cum
912 4281 1113 4351 accederent
1136 4304 1230 4363 aum,
1248 4281 1303 4369 qui
1326 4279 1394 4346 inter

150 4375 185 4421 se
209 4355 384 4432 discordes
404 4377 528 4446 essent,
559 4367 699 4455 optimis
728 4369 948 4440 sermonibus
977 4370 1024 4441 ita
1047 4391 1104 4440 eos
1129 4369 1344 4446 demulcebat,
1367 4371 1393 4429 nt
