2972 4826
73 305 133 368 llll.
154 305 172 368 6
451 321 487 367 nr
511 320 537 368 s.
563 318 700 368 nicomo
724 316 801 367 ure.
827 321 876 367 xr.
1190 305 1253 368 tta

71 405 190 475 rnnsad
213 404 410 492 exequenda
446 404 501 474 Dei
535 403 699 474 mandata
729 425 792 494 pro
828 403 948 494 templi
977 403 1109 474 loribus
1137 408 1295 476 excubat.

68 495 186 562 ilabebat
208 515 394 583 suspensos
410 515 525 564 omnes
546 493 600 583 (nt
617 506 668 562 est
693 501 870 564 humanus
890 493 1029 562 animus
1053 493 1223 564 sollicitus
1246 495 1303 586 fu,

66 581 204 680 turpium)
226 582 333 670 hujus
353 595 464 664 tantae
486 581 546 658 rei,
565 581 745 668 divinique
764 581 891 670 judicii
906 583 1127 672 exspectatio.
1145 588 1184 652 lt
1199 583 1299 656 Nico-

63 673 126 750 lans,
144 671 249 740 media
275 684 383 752 nocte,
410 671 451 740 ad
475 670 709 740 confitendum
740 671 813 750 tibi,
833 670 1102 742 clementissime
1129 675 1228 753 Deus,
1256 672 1299 742 de

61 783 131 829 nore
150 773 362 842 surrexerat,
390 760 531 850 ignarus
553 771 644 830 certe
668 759 855 829 voluntatis
884 771 986 841 tuae,
1020 759 1077 828 cui
1114 771 1228 830 tamen
1263 783 1300 831 sc

61 862 141 917 toturn
165 847 351 918 addixerat.
381 853 419 918 Et
446 869 525 918 oum
550 848 586 916 in
616 848 685 917 tuis
716 847 890 927 laudibus,
909 859 948 916 ut
971 847 1113 926 solebat,
1130 861 1299 919 nocturna

58 936 165 1006 silentia
195 937 468 1027 absumpsisset,
493 949 675 1023 antequam
703 937 834 1026 primos
863 936 976 1006 radios
1001 936 1148 1006 rutilans
1175 959 1299 1008 aurora

55 1025 245 1106 diffunderet,
262 1039 448 1112 ortumque
471 1023 553 1094 solis
578 1025 691 1115 aegris
708 1023 912 1095 mortalibus
937 1025 1128 1108 nunciaret,
1157 1027 1191 1094 in
1214 1040 1298 1096 tem·

55 1113 142 1203 plum,
161 1127 189 1184 te
212 1115 416 1204 inspirante,
435 1113 587 1193 Domine,
607 1135 751 1182 securus
776 1114 824 1182 ire
841 1113 963 1204 pergit.
979 1119 1052 1196 Quo
1068 1135 1148 1184 cum
1166 1117 1300 1206 primus

55 1203 184 1270 omnium
209 1204 415 1284 advenisset,
437 1201 629 1292 explorator
649 1202 921 1272 istedivinorurn
943 1203 1157 1293 judiciorum
1183 1205 1299 1295 ingre·

55 1289 139 1360 diecti
154 1292 288 1362 Nicolao
307 1291 427 1381 templi
444 1291 706 1360 vestibulum«
728 1291 815 1360 Siste
842 1291 1002 1380 gradum,
1023 1291 1146 1379 inquit,
1167 1293 1215 1361 lili
1237 1295 1298 1362 mi:

55 1380 106 1459 dic,
127 1402 259 1466 quaeso,
283 1381 371 1467 'quis
395 1401 443 1460 es,
464 1401 573 1466 quove
603 1380 742 1448 nomine
766 1379 935 1448 vociteris.
970 1405 982 1443 ι
1010 1385 1094 1450 Tum
1123 1403 1183 1452 vas
1207 1382 1299 1451 istud

52 1468 201 1538 electionis
224 1469 273 1539 nil
294 1468 361 1538 tale
375 1469 570 1558 suspicans,
590 1480 779 1549 mansuete,
797 1467 1069 1555 verecundaque:
1088 1491 1106 1535 «
1127 1474 1297 1548 Peccator,

53 1557 154 1643 inquit,
171 1581 259 1637 sum,
276 1572 309 1626 et
326 1578 445 1626 servus
461 1556 607 1636 inutilis,
627 1557 765 1626 nomine
782 1555 953 1626 Nicolaus.
975 1579 992 1624 n
1010 1562 1094 1627 Tum
1111 1558 1170 1628 ille
1184 1559 1300 1630 vultus

53 1659 79 1712 et
98 1667 216 1716 morum
242 1647 459 1738 gravitatem,
486 1645 738 1733 verborumque
768 1644 970 1714 modestiam
996 1647 1238 1735 conspicatus,
1267 1660 1301 1718 et

52 1735 103 1801 riri
124 1748 288 1824 praeterea
314 1755 440 1803 nomen
473 1734 539 1802 sibi
576 1733 720 1805 coelitus
755 1733 999 1824 designatum,
1034 1757 1102 1803 non
1129 1736 1301 1806 dubitavit

54 1821 128 1892 bunc
149 1824 240 1894 illum
266 1845 357 1904 esse,
379 1843 482 1909 quem
513 1822 630 1891 divina
663 1823 749 1892 visio
778 1821 934 1893 futurum
961 1823 1168 1913 Episcopum
1201 1847 1299 1916 prae-

56 1911 179 1982 dixisset.
203 1919 275 1984 Non
301 1912 489 1982 eratenim
516 1911 664 1992 nescius,
693 1913 727 1979 in
752 1933 839 1998 quos
864 1911 970 1980 soleat
996 1916 1085 1980 Deus
1115 1915 1297 2004 respicere,

59 1999 88 2065 in
99 2017 275 2072 mansuetos
296 1999 466 2081 videlicet,
484 2013 516 2069 et
530 1999 680 2069 humiles
697 2001 811 2070 corde.
825 2005 945 2086 ltaque
960 1999 1156 2070 incredibili
1175 2002 1298 2091 plenus

63 2087 270 2174 gaudio,sicut
288 2089 353 2176 qui
377 2089 506 2158 invenit
534 2087 646 2177 spolia
669 2089 791 2169 multa,
810 2101 870 2158 aut
894 2089 929 2156 in
954 2087 1195 2160 absconditum
1224 2090 1300 2179 egri

65 2175 221 2250 thesanmm
247 2178 395 2248 incidit:
418 2200 436 2243 a
461 2182 608 2263 Sequere
626 2197 691 2258 me,
717 2178 841 2264 inquit,
862 2177 913 2245 fili
938 2178 1003 2245 mi:
1023 2199 1040 2244 n
1060 2189 1094 2247 et
1109 2179 1301 2335 apgrreben-

63 2284 124 2332 snm
149 2265 281 2346 dextera,
308 2266 353 2335 ad
379 2265 528 2352 reliquos
562 2265 750 2336 introducit
773 2267 972 2355 Episcopos.
1000 2265 1076 2346 llli,
1102 2289 1147 2335 au
1175 2268 1221 2335 ita
1250 2287 1297 2345 re,

62 2371 161 2422 norun
180 2359 390 2447 Episcopum
418 2376 483 2423 non
510 2354 663 2423 humano
682 2367 783 2437 certe,
803 2353 860 2422 sed
884 2354 986 2443 plane
1002 2354 1120 2426 divino
1137 2355 1302 2446 sullragio

61 2439 246 2526 declaratum,
273 2443 415 2513 insolita
442 2442 591 2529 quadam
624 2444 839 2512 veneratione
866 2443 1053 2534 excipiunt,
1083 2459 1298 2527 venerantur,

57 2532 161 2617 [leoque
182 2533 328 2604 laudem
360 2544 393 2602 et
417 2531 560 2622 gloriam
594 2530 824 2612 decantantes,
853 2530 886 2599 in
915 2532 1066 2602 medium
1093 2533 1212 2623 templi
1232 2545 1302 2602 sta·

55 2629 152 2701 tnnnt,
176 2644 243 2692 non
272 2636 345 2692 tam
372 2619 619 2700 reluctantem,
650 2641 755 2706 quam
791 2619 870 2689 novi
905 2619 1011 2707 bujus
1037 2621 1128 2692 velut
1151 2621 1302 2723 prodigii

48 2721 163 2798 stupore
185 2713 240 2781 vix
258 2722 455 2799 compotem
474 2708 541 2778 sui.
560 2709 620 2779 llis
639 2709 804 2779 continuo
832 2708 1061 2799 promulgatis
1076 2711 1181 2868 <§quid
1207 2731 1299 2780 enim

46 2808 87 2865 est
104 2820 203 2888 ocyus
222 2801 322 2870 lama
347 2819 460 2868 rerum
488 2799 687 2898 praesertim
712 2795 1028 2887 admirabiliumT),
1055 2822 1073 2867 a
1119 2811 1232 2869 tantae
1252 2799 1302 2869 rei

44 2888 262 2973 spectaculum
279 2885 548 2956 innumerabilis
564 2906 668 2975 prope
682 2885 827 2955 conlinit
842 2885 1040 2956 multitudo.
1053 2892 1137 2958 Tum
1155 2909 1302 2978 surgens

44 2975 215 3064 Episcopus
241 2976 317 3057 ille,
339 2976 400 3062 qui
425 2975 535 3044 visum
568 2975 746 3054 babuerat,
779 2974 888 3056 docet,
918 2996 1022 3061 quam
1055 2977 1125 3047 cari
1151 2977 1301 3047 babendi

42 3075 120 3146 sunt,
138 3087 290 3152 quamve
310 3087 329 3132 a
348 3063 485 3152 populis
508 3061 701 3132 honorandi
726 3085 761 3132 re
784 3074 872 3132 tores
891 3063 1100 3146 animarum,
1128 3065 1178 3134 illi
1205 3086 1302 3155 prae-

42 3153 186 3235 sertim,a
202 3154 339 3241 quibus
351 3153 454 3252 juste,
467 3151 828 3239 sancte,humaneque
841 3151 1128 3242 gubernarentur,
1147 3153 1303 3239 nihilque

41 3242 281 3330 propemodum
304 3239 438 3309 felicius
457 3261 531 3311 esse
555 3239 613 3308 illa
640 3241 786 3322 civitate,
808 3243 863 3310 cui
889 3241 1085 3310 istiusmodi
1114 3241 1301 3310 antistitem

40 3327 152 3400 babere
167 3331 385 3420 contigisset:
406 3340 585 3418 propterea
603 3328 721 3397 laetari
738 3340 892 3419 oportere
909 3333 1098 3418 Myrensem
1118 3329 1299 3419 populum,

39 3429 65 3485 et
86 3423 148 3488 Deo
166 3441 227 3511 per
252 3439 359 3506 quam
385 3418 553 3488 maximas
570 3417 695 3487 habere
709 3417 858 3508 gratias,
877 3418 937 3503 qni
959 3438 1038 3486 eum
1060 3431 1149 3488 esset
1164 3437 1303 3507 praesu·

40 3505 95 3576 lem
118 3519 343 3586 consecutus,
369 3528 390 3574 a
412 3527 481 3593 quo
506 3506 608 3594 plane
630 3528 769 3596 sperare
787 3505 897 3586 liceat,
914 3505 1080 3592 quicquid
1101 3507 1144 3575 ab
1172 3506 1303 3596 optimo

39 3607 128 3682 atque
152 3595 379 3666 sanctissimo
409 3594 571 3685 pontifice
605 3594 795 3686 exspectari
825 3614 887 3684 par
917 3594 970 3665 sit.
1003 3593 1179 3665 Neminem
1209 3594 1303 3664 enim
1390 3597 1397 3612 ’

39 3683 186 3756 dubitare
223 3695 406 3775 oportere,
436 3684 530 3754 bunc
562 3683 672 3752 virum
704 3704 780 3752 esse
807 3683 963 3752 omnium
990 3683 1152 3752 virtutum
1188 3704 1303 3754 arcam
1353 3711 1367 3744 ι

38 3785 129 3858 atque
152 3774 374 3851 thesaurum,
393 3784 425 3840 et
443 3771 740 3861 jucundissimum
759 3770 906 3860 Spiritus
924 3771 1037 3842 Sancti
1054 3771 1302 3842 diversorium:

38 3862 88 3945 qni
111 3885 179 3932 nnn
199 3863 359 3932 humano
381 3861 538 3943 consilio,
559 3881 625 3930 non
644 3859 891 3949 Episcoporum
910 3859 1096 3951 suffragiis,
1117 3881 1184 3930 non
1206 3859 1301 3943 cleri,

39 3961 89 4016 ant
110 3951 236 4042 populi
262 3949 439 4030 electione,
462 3950 519 4019 sed
546 3948 617 4018 sola
644 3949 700 4017 Dei
722 3948 941 4020 miseratione
960 3949 1004 4018 sit
1024 3949 1172 4038 pontifex
1192 3948 1304 4020 decla-

39 4050 136 4109 ratus.
163 4039 253 4109 Inde
276 4037 453 4119 omnibus,
474 4035 767 4126 quemadmodum
793 4049 986 4118 evenerant,
1013 4052 1172 4108 accurate
1203 4059 1304 4127 expo-

40 4125 116 4207 sitis,
138 4130 240 4198 abire
258 4126 336 4196 illos
353 4126 441 4196 laeto
464 4128 580 4196 animo
599 4124 709 4226 jubet,
727 4138 760 4195 et
783 4125 911 4227 gratias
928 4147 1214 4215 unumquemque
1239 4131 1305 4197 Deo

42 4233 93 4300 pro
110 4215 305 4286 immortali
330 4237 370 4285 ac
392 4213 633 4298 inaestimabili
657 4213 824 4284 beneficio
846 4213 998 4285 reddere:
1016 4235 1051 4284 se
1067 4237 1147 4284 cum
1164 4215 1305 4286 caeteris

43 4303 211 4396 Episcopis
236 4305 280 4373 ad
305 4304 502 4373 unctionem
528 4301 647 4372 novitii
672 4303 817 4392 pastoris
848 4303 995 4384 iturum,
1026 4323 1129 4389 quem
1158 4302 1307 4394 Spiritus

44 4391 146 4464 Sancti
167 4395 290 4484 digitis
315 4394 498 4462 inunctum
525 4389 703 4462 manifeste
718 4391 789 4480 jam
816 4392 1037 4482 perspiciant.
