3046 4838
26 86 29 147 l

25 194 27 239 t

44 321 113 386 out.
136 321 148 382 l
422 341 466 386 nn
481 337 514 408 ¹s.
536 341 637 388 rcrcro
661 341 709 387 rr.
737 339 867 388 nomon.
1199 325 1233 388 tt

17 453 20 516 p
43 425 155 578 animps
170 435 349 502 recreatur,
377 425 455 493 acsi
477 440 601 514 partem
627 424 844 495 amoenitatis
868 425 1019 515 paradisi
1037 447 1073 494 se
1094 447 1281 516 occupasse

59 524 121 580 ratu
134 523 213 580 etur.

42 535 86 687 ἕξ
106 604 165 673 tr.
190 605 254 670 lsto
278 601 388 689 igitur
404 603 568 672 coenobio
586 603 620 670 in
646 603 740 672 omni
761 623 862 692 opere
886 602 1044 692 perlecto,
1064 604 1228 690 omnique
1242 624 1283 672 ex

42 703 116 777 parte
135 711 208 757 cum
231 689 372 758 solertia
389 691 552 773 stabilito,
572 692 743 781 cogitabat
760 691 793 757 in
813 691 995 760 Parisiensi
1012 692 1099 761 urbe
1115 691 1283 760 fabricare

41 777 274 847 xenodochium.
295 779 360 848 Sed
378 779 611 849 excellentiori
628 779 785 860 consilio,
804 784 869 848 Deo
886 781 1086 869 inspirante,
1103 794 1279 881 concepto,

42 869 129 954 coepit
149 889 186 936 er
208 867 310 937 domo
335 890 417 948 sua,
443 891 545 956 quam
570 870 749 942 ineadem
775 869 860 938 urbe
882 891 923 937 ex
941 890 1083 938 munere
1107 875 1209 957 Regis
1229 891 1284 938 ac·

42 969 172 1043 ceperat,
199 957 374 1046 virginum
404 958 527 1027 Christi
551 957 732 1027 aedificare
760 957 988 1026 domicilium.
1020 963 1057 1026 In
1092 979 1160 1044 quo
1184 979 1284 1046 opere

42 1045 87 1112 diu
108 1044 314 1132 multumque
338 1047 593 1117 instantissime
609 1045 796 1124 desudans,
823 1045 968 1135 dignum
995 1046 1131 1115 tandem
1150 1059 1285 1115 sancta-

42 1154 100 1200 rum
123 1135 287 1222 rirginum
307 1136 506 1205 construxit
528 1136 746 1206 asceterium.
774 1135 836 1203 Ubi
865 1135 1053 1204 districtam
1073 1135 1285 1205 constituens

42 1222 244 1310 disciplinam,
264 1245 383 1310 usquc
406 1225 450 1294 ad
478 1237 704 1293 trecentarum
731 1245 914 1292 numerum
942 1223 1135 1314 puellarum
1165 1246 1205 1292 ex
1230 1224 1286 1293 di-

43 1312 127 1378 rersis
147 1312 314 1400 gentibus,
331 1327 405 1382 tam
430 1335 470 1382 er
494 1313 629 1382 ancillis
653 1313 739 1392 suis,
755 1334 860 1399 quam
877 1334 916 1382 cx
933 1311 1108 1382 nobilibus
1125 1313 1287 1383 Franciae

44 1401 180 1470 matronis
194 1403 430 1492 congregavit.
447 1403 578 1484 Quibus
595 1415 627 1472 et
641 1402 866 1481 hbbatissnm
878 1401 1020 1490 dignam
1038 1407 1103 1471 Deo
1119 1400 1283 1490 puellam,

44 1491 158 1556 nomine
179 1494 349 1571 tuream,
381 1490 490 1558 filiam
517 1491 647 1561 scilicet
682 1490 828 1560 Maurini
851 1490 1068 1572 et⁴Quiriae,
1097 1491 1284 1560 constituit.

43 1579 144 1644 lerrae
164 1579 257 1646 etlam
279 1579 443 1648 redditus
467 1581 625 1680 copiosos
644 1578 822 1670 delegavit,
842 1592 944 1666 atque
966 1600 1007 1648 ex
1030 1579 1163 1670 integro
1186 1600 1288 1649 omne

45 1685 131 1732 suum
146 1667 290 1736 studium
307 1690 350 1737 eo
368 1681 544 1738 converttt.
565 1668 704 1738 Videres
727 1680 760 1737 et
783 1668 830 1737 ibi
855 1668 989 1737 trahere
1016 1668 1170 1755 undique
1196 1669 1289 1739 velut

47 1751 232 1824 utilissimam
254 1778 375 1846 apem,
403 1770 527 1826 cuncta
550 1757 758 1826 monasterio
788 1757 1093 1837 necessariarum
1125 1758 1228 1827 simul
1257 1771 1289 1826 et

47 1842 226 1926 vestimenta,
253 1866 394 1914 necnon
420 1858 453 1914 et
476 1867 572 1915 sacra
588 1845 777 1926 volumina,
805 1844 940 1932 aliaque
956 1845 1214 1934 quamplurima
1234 1867 1290 1916 or-

50 1944 190 2001 namenta.
207 1939 290 2004 llam
313 1933 482 2020 quioquid
506 1935 588 2004 huic
603 1935 700 2005 sexui
717 1955 908 2025 congruere
924 1946 957 2002 et
973 1935 1204 2005 necessarium
1221 1935 1291 2004 lore

54 2017 200 2102 rideretur,
217 2039 256 2093 ut
281 2023 469 2112 piissimus
494 2037 588 2112 pater
613 2023 727 2093 solerti
759 2023 841 2093 satis
865 2023 900 2092 in
927 2024 1089 2092 omnibus
1113 2022 1292 2179 diligentia

56 2117 82 2172 et
94 2129 159 2176 cura
173 2111 317 2182 sollicita
336 2111 495 2200 providit.
511 2115 663 2198 Cumque
679 2133 781 2202 opera
797 2113 922 2186 omnis.
940 2123 1151 2196 cunctaeque
1191 2133 1292 2180 omus

57 2200 228 2269 necessariae
252 2203 291 2269 in
320 2221 361 2270 eo
394 2200 468 2269 loco
491 2201 680 2289 completae
710 2213 823 2270 essent
846 2213 948 2288 atque
972 2200 1159 2290 perlectae,
1182 2221 1292 2270 uuum

54 2281 145 2354 adhuc
165 2291 323 2363 restabat,
343 2288 410 2358 vile
426 2288 578 2375 quidem,
606 2289 664 2360 sed
690 2290 935 2370 necessarium,
955 2288 1208 2358 aedificandum
1234 2289 1292 2358 do·

55 2371 201 2446 micilinm.
217 2383 260 2447 Et
286 2399 367 2447 cum
386 2399 453 2445 non
472 2378 609 2447 haberet
633 2391 741 2448 terrae
765 2380 913 2467 copiam,
932 2378 1048 2447 omnia
1071 2377 1172 2446 etiam
1199 2377 1293 2448 aedi-

55 2457 125 2530 ficiis
141 2485 214 2535 occu
241 2477 300 2535 ata
321 2479 448 2546 essent,
476 2467 652 2558 adjacebat
676 2467 746 2536 illic
770 2467 813 2536 ad
841 2487 929 2557 opus
957 2468 1189 2537 necessarium
1214 2488 1294 2535 area

52 2555 188 2633 quaedam
258 2554 346 2624 calis
369 2555 503 2656 exigua.
530 2557 704 2645 Praecepit
728 2577 809 2656 ergo
834 2556 946 2625 metiri
971 2568 1107 2632 terram,
1129 2568 1166 2624 ut
1192 2557 1295 2626 sciret

52 2653 154 2722 quanta
170 2656 271 2722 essem
297 2643 548 2730 confestimque
571 2645 656 2714 abiit
672 2644 713 2712 ad
733 2644 935 2734 prinoipem,
954 2645 1125 2733 suggessit
1145 2643 1186 2712 de
1202 2665 1292 2724 area,

50 2739 74 2823 et
93 2729 159 2798 sine
178 2753 276 2802 mora
302 2732 453 2802 obtinuit
476 2731 566 2818 quod
587 2735 729 2823 petebat.
749 2738 900 2819 Cumque
923 2753 1079 2802 reversus
1097 2731 1139 2800 ad
1165 2754 1293 2812 aream,

51 2812 123 2885 linea
136 2821 261 2908 iactata
278 2819 545 2909 amplitudinem
571 2821 756 2890 habitaculi
782 2821 1010 2906 expendisset,
1039 2819 1169 2889 invenit
1196 2821 1297 2908 quasi

52 2906 150 2990 pedem
165 2931 277 2978 uuum
295 2907 449 2997 amplius
466 2910 628 3000 spatium,
645 2931 748 2996 quam
767 2909 834 2998 ipsi
850 2910 933 3000 Regi
949 2909 1147 2979 indicasset.
1167 2910 1299 2979 Contri-

50 2998 161 3065 statusi
189 2999 272 3078 itur,
289 2999 404 3084 utqui
429 2998 558 3067 nemini
584 2996 682 3067 vellet
704 2999 891 3088 imponere,
911 3019 947 3068 se
971 2998 1054 3098 Regi
1078 3019 1152 3067 esse
1174 2999 1299 3068 menti-

51 3093 119 3163 tum,
136 3020 253 3156 relicto
277 3088 436 3176 protinus
451 3108 565 3176 opere,
588 3086 630 3156 ad
656 3086 771 3156 aulam
791 3100 941 3157 moestus
962 3087 1073 3166 redrit,
1087 3109 1237 3174 moxque
1262 3098 1300 3154 ut

50 3171 82 3238 ad
104 3175 291 3272 principem
317 3175 421 3256 venit,
446 3175 544 3244 humi
567 3198 604 3244 se
628 3177 768 3256 stravit,
795 3175 1013 3245 mendacium
1043 3174 1219 3256 indicavit,
1242 3186 1301 3243 aut

51 3280 187 3345 reniam,
213 3276 274 3332 aut
297 3275 442 3333 mortem
477 3265 641 3354 poposcit.
669 3264 731 3333 Sed
767 3285 845 3333 oum
871 3268 939 3334 Rex
965 3264 1220 3334 minutissimae
1252 3263 1300 3331 rei

51 3369 172 3420 causam
202 3353 441 3440 cognovisset,
467 3354 578 3442 magis
609 3353 643 3420 in
673 3366 848 3442 stuporem
882 3375 1023 3434 versus,
1050 3352 1124 3440 ejus
1152 3352 1300 3442 injuriae

51 3439 220 3522 condoluit,
239 3453 341 3527 atque
361 3440 415 3510 ad·
429 3441 728 3511 circumstantium
753 3463 827 3512 sese
841 3455 1040 3511 convertens
1057 3439 1297 3526 frequentiam:

53 3547 65 3588 t
86 3531 172 3608 Ecce,
190 3529 315 3615 inquit,
338 3551 442 3616 quam
470 3530 644 3631 praeclara
660 3544 693 3599 ct
711 3551 815 3617 quam
834 3530 1037 3600 venerabilis
1053 3529 1176 3599 Christi
1197 3528 1298 3598 fidesl

17 3693 18 3702 ἵ
52 3615 142 3685 buces
166 3617 253 3686 mihi
277 3628 310 3687 et
337 3617 517 3690 domestici
546 3619 714 3710 spatiosas
742 3619 941 3709 subripiunt
966 3618 1087 3700 villas,
1117 3632 1148 3688 et
1178 3617 1302 3687 Christi

17 3711 18 3754 t
53 3699 186 3774 lamulus
207 3711 346 3797 propter
362 3706 479 3789 fidem,
499 3729 604 3795 quam
621 3708 722 3777 habet
741 3709 775 3777 in
801 3709 956 3788 Domino,
974 3731 1035 3776 nec
1055 3705 1207 3797 palmum
1225 3705 1302 3794 qui-

52 3789 114 3860 dem
139 3817 262 3883 passus
287 3806 339 3865 est
363 3796 462 3866 nobis
486 3796 590 3867 celari
621 3796 662 3866 de
687 3797 804 3866 humo.
838 3819 856 3864 n
891 3799 945 3866 Sic
980 3819 1084 3887 ergo,
1118 3795 1303 3865 clementer

17 3913 18 3954 3
54 3879 144 3970 lligio
169 3883 360 3966 consolato,
382 3883 571 3973 duplicavit
594 3884 742 3966 donum,
768 3885 860 3972 quod
890 3885 1022 3954 dudum
1050 3885 1215 3974 pusillum
1247 3885 1305 3954 tri-

17 3979 18 3984 ’
53 3966 167 4041 huerat.
187 3978 235 4043 Ex
257 3996 328 4060 qun
353 3973 441 4042 lacto
466 3974 596 4062 liquido
614 3986 721 4063 potest
737 3974 894 4065 intelligi,
912 3986 1080 4062 quantum
1100 3974 1150 4042 vir
1166 3986 1306 4043 sanctus

56 4061 210 4133 mendacii
237 4061 378 4151 culpam
408 4063 604 4150 pertimuit,
630 4063 690 4148 qui
714 4062 901 4132 vilissimae
926 4063 974 4132 rei
1003 4074 1156 4132 erratum
1182 4062 1217 4129 in
1244 4083 1308 4131 sua

56 4148 150 4220 noluit
177 4152 319 4220 haerere
353 4151 573 4222 conscientia.
605 4152 694 4220 Talis
724 4171 801 4220 eum
836 4151 921 4222 fides
945 4151 986 4220 ad
1013 4150 1147 4220 coelum
1173 4151 1305 4229 evexit;

56 4233 239 4388 poecillum
257 4237 455 4310 fidelitaset
479 4246 695 4321 baccarum,
724 4251 756 4309 et
784 4237 876 4330 apud
904 4239 1062 4310 homines
1093 4237 1308 4328 praeclarum

66 4340 122 4394 ecrt
164 4379 170 4392 .

78 4452 87 4470 ·
101 4455 238 4494 t'oennblum
253 4455 306 4500 hor.
323 4463 385 4494 nnuc
404 4456 461 4502 ttol,
470 4431 598 4496 'munacius
609 4455 702 4494 ordinis
718 4455 739 4494 s.
750 4455 868 4494 Benedicti
882 4453 993 4495 traditum
1004 4455 1046 4494 est.
1058 4454 1115 4494 Cum
1127 4455 1204 4492 atatem
1216 4455 1316 4497 aequen-

125 4537 244 4593 Surius
260 4561 274 4580 ·
294 4533 381 4592 Vitae
395 4531 445 4594 SS.
464 4565 474 4578 ·
490 4532 555 4594 tol.
570 4531 634 4594 llll.
1216 4523 1235 4584 2
