2960 4824
233 309 297 371 272
627 327 665 372 nn
689 325 729 372 su
744 323 877 372 oxxxxrxu
902 325 1026 372 sxvuxs
1301 305 1371 370 out.
1393 306 1419 368 ii

190 411 387 501 praecipua,
414 423 452 479 ut
475 431 552 480 sum
573 409 756 498 pollicitus.
784 410 879 492 Quod
905 423 1018 480 autem
1041 431 1103 478 nec
1123 410 1152 478 si
1176 408 1275 478 veiim
1297 407 1423 494 quidem,

190 519 331 588 possum
358 499 552 590 praeterire,
581 498 644 568 boc
672 519 776 578 nunc,
805 513 973 587 quantum
1000 511 1114 588 potero
1132 498 1267 584 assequi
1289 497 1425 574 oratione,

189 589 340 658 conabor
364 609 515 657 narrare.
1464 589 1465 658 i

234 680 349 763 §22
375 676 587 765 iampridem
605 675 744 762 quidem
773 677 982 766 principium
1009 676 1155 745 babebat
1182 675 1264 744 anni
1289 674 1427 750 ambitus,

190 777 223 834 et
248 765 377 834 mensis
407 766 573 848 instabat,
600 786 702 852 quem
731 767 877 834 Romani
908 777 1028 834 vortunt
1053 765 1303 855 Septembrem,
1328 763 1357 830 in
1378 783 1431 848 quo

191 855 308 942 magni
335 856 494 943 martyris
528 854 709 924 Mamantis
733 854 855 924 iestum
888 855 935 943 pii
963 853 1148 922 celebrant.
1182 859 1321 942 Vespere
1346 871 1430 938 ergo,

190 942 329 1028 quando
352 942 477 1012 festum
501 966 521 1011 a
546 945 612 1034 piis
643 954 878 1032 praeparatur,
905 955 937 1012 et
971 955 1038 1012 tota
1063 955 1159 1011 nocte
1182 944 1295 1032 agitur
1317 939 1431 1028 vigilia,

191 1029 294 1100 finem
313 1031 438 1120 accipit
463 1033 579 1122 magni
600 1031 748 1101 Danielis
773 1031 973 1121 prophetia:
999 1044 1189 1120 strepente
1213 1033 1247 1098 in
1267 1031 1400 1099 maxima
1410 1039 1434 1094 et

191 1120 285 1209 regia
304 1120 439 1189 civitate
453 1120 574 1211 incipit
592 1120 790 1189 incendium
808 1120 835 1200 i,
850 1122 941 1206 quod
966 1120 1174 1206 usqueadeo
1193 1133 1245 1190 est
1263 1119 1432 1192 excitatum,

191 1222 223 1276 et
247 1208 331 1277 adeo
348 1209 503 1290 invainit,
521 1224 558 1279 ut
570 1210 640 1278 iere
657 1209 852 1278 universam
870 1209 1066 1278 contriverit
1083 1210 1267 1278 civitatem.
1290 1213 1366 1277 iiam
1378 1225 1434 1273 cos·

193 1297 242 1386 pit
258 1296 396 1384 quidem
421 1321 441 1367 a
467 1319 576 1378 muro,
604 1298 664 1384 qui
679 1311 729 1366 est
754 1310 891 1386 pmpter
908 1319 1011 1378 mare,
1039 1319 1141 1383 quem
1159 1298 1261 1366 etiam
1284 1295 1435 1364 nominant

195 1386 333 1456 navaie:
362 1388 514 1476 pervenit
538 1401 650 1456 autem
677 1387 852 1472 usquead
879 1385 990 1455 iorum
1015 1386 1245 1466 Constantini,
1272 1398 1303 1454 et
1327 1381 1438 1474 pertigit

192 1476 235 1542 ad
257 1488 392 1563 portum
413 1475 554 1556 iuliani,
572 1477 672 1562 quasi
690 1475 837 1544 mediam
856 1475 1019 1544 cinxisset
1033 1475 1216 1544 civitatem.
1240 1481 1313 1557 Quo
1328 1473 1366 1540 in
1382 1471 1436 1538 ioco

192 1576 224 1632 et
243 1564 492 1653 comprehensa
516 1575 598 1632 sunt
624 1564 785 1633 universa
814 1585 976 1654 corpora:
1003 1584 1243 1650 quaecumque
1268 1583 1343 1632 vero
1365 1559 1440 1628 luere

193 1652 452 1740 comprehensa,
479 1653 578 1721 facilc
596 1653 794 1742 perierunt;
813 1665 845 1720 et
861 1654 913 1722 sic
939 1666 1057 1742 pastus
1080 1652 1183 1742 ignis,
1213 1653 1249 1720 in
1276 1651 1437 1720 maximam

193 1742 298 1810 crevit
311 1742 500 1810 ilammam:
518 1754 657 1828 eratque
675 1741 803 1809 muium
822 1741 1109 1831 inexpugnabile:
1130 1742 1262 1829 quippe
1275 1761 1351 1810 oum
1365 1735 1440 1824 quic-

193 1829 277 1916 quid
302 1831 344 1900 sd
369 1852 469 1920 opem
501 1830 675 1899 ferendam
695 1830 910 1910 afferebatur,
944 1843 1147 1919 argueretur
1173 1830 1261 1898 nibil
1288 1827 1438 1917 prolicere.

195 1923 408 2008 Quapropter
432 1919 560 1988 multas
582 1918 721 2005 quidem
747 1919 891 1996 domos,
922 1920 1029 1988 muita
1054 1931 1166 1988 autern
1198 1919 1348 2006 templa,
1374 1915 1441 2008 viroj

195 2029 341 2094 rumque
358 2021 389 2076 et
415 2007 599 2077 mulierum
630 2008 817 2096 proserpsit
841 2006 1030 2096 depascens
1062 2007 1339 2076 multitudinem:
1365 2000 1442 2071 mnitr

104 2129 107 2138 ι
196 2117 284 2177 vero,
305 2097 460 2184 partibus
479 2110 511 2164 et
532 2097 696 2165 membris
720 2098 885 2186 corporis,
908 2117 996 2182 quae
1021 2096 1191 2165 invaserat
1221 2096 1325 2186 ignis,
1351 2091 1443 2162 statim

197 2185 649 2271 rnutiiabsntur1erantque
673 2185 915 2264 semiustulati,
936 2196 969 2254 et
988 2184 1099 2253 media
1118 2185 1343 2274 parte'caesi:
1364 2180 1444 2248 mise-

178 2274 373 2342 mbiliores
393 2273 446 2352 iia,
473 2274 533 2359 qui
557 2274 699 2346 omnino
723 2295 801 2341 cum
827 2273 900 2343 suis
926 2275 1108 2362 perierant.
1136 2278 1213 2341 Erat
1231 2293 1316 2362 ergo
1337 2269 1445 2360 pericu-

197 2363 281 2442 lum,
301 2383 354 2441 ne,
381 2361 472 2447 quod
491 2361 592 2451 vulgo
609 2361 907 2431 celebraturorbis
932 2375 1040 2432 terrae
1058 2360 1279 2442 miraculum,
1308 2365 1465 2450 constan-3

199 2451 271 2530 tini,
285 2450 441 2536 inquam,
460 2450 591 2531 civitas,
609 2464 807 2520 cerneretur
824 2451 892 2539 pati
907 2451 1036 2519 similia
1048 2450 1207 2520 incendio
1224 2450 1444 2520 Sodomorum.
1464 2451 1465 2530 i

199 2540 255 2606 Vix
282 2539 432 2617 tandem,
462 2539 557 2606 utin
585 2552 676 2608 tanto
705 2539 806 2618 maio,
837 2539 886 2609 eis
916 2539 1065 2608 venitin
1092 2553 1239 2608 mentem
1274 2536 1381 2607 sancti
1403 2535 1465 2601 iia-i

198 2628 297 2696 nieiis
324 2627 520 2714 praedictio,
548 2628 742 2696 etcredunt
765 2628 847 2708 iore,
878 2641 915 2696 ut
939 2627 1033 2696 iliius
1058 2627 1171 2698 solum
1205 2627 1365 2716 precibus
1394 2601 1465 2690 mal

196 2714 269 2783 ium
296 2716 462 2784 vincatur.
483 2716 569 2784 Hine
593 2715 720 2784 iactum
745 2728 806 2794 est,
834 2729 871 2786 ut
894 2716 936 2784 ad
954 2737 1033 2785 eum
1053 2737 1178 2806 magna
1202 2715 1450 2785 eeleritatecur·

197 2815 321 2882 rorent,
348 2803 407 2872 iiie
430 2804 569 2890 quidem
595 2805 761 2894 pecuniae
785 2805 916 2873 deflens
942 2805 1178 2894 privationem,
1200 2805 1257 2872 bie
1278 2819 1447 2874 servorum

196 2892 287 2960 alius
306 2891 443 2972 domus,
467 2892 556 2961 alius
582 2894 795 2964 amicorum:
823 2908 856 2962 et
883 2894 937 2961 iric
968 2893 1109 2980 quidem
1144 2905 1382 2983 cognatorum,
1408 2885 1450 2954 ilie

198 3000 276 3050 vero
293 2981 407 3049 uxoris
431 2994 463 3050 et
487 3002 627 3050 suorum
646 2982 811 3061 filiorum,
829 2981 919 3052 alius
943 2995 1056 3050 autem
1078 2983 1233 3050 omnium
1252 2982 1465 3051 facultatum,

199 3073 338 3156 Propter
360 3091 448 3154 quae
472 3083 629 3138 sanctum
655 3081 748 3139 tanto
772 3070 888 3140 dolore
908 3071 1061 3150 adedere,
1079 3082 1117 3139 ut
1141 3084 1230 3140 totus
1248 3070 1397 3160 repletus
1415 3065 1452 3131 ia·

197 3158 338 3246 orymis,
357 3180 414 3227 eos
441 3157 622 3226 damnaret
646 3159 884 3248 negligentiae,
906 3159 998 3246 quod
1024 3160 1099 3249 ipso
1132 3160 1181 3230 eis
1203 3159 1353 3229 muitum
1379 3152 1454 3225 testi-

197 3247 320 3315 iicante
344 3262 375 3315 et
401 3247 634 3336 praedicente,
664 3246 792 3316 maium
828 3249 1037 3336 poenitentia
1062 3249 1167 3317 vitare
1199 3269 1266 3316 non
1295 3244 1465 3338 curarintv

197 3337 311 3421 utqui
332 3337 365 3404 in
387 3335 545 3424 patiendo
574 3337 685 3404 solum
716 3335 842 3406 luerint
866 3338 1043 3416 diuidiae,
1065 3357 1132 3405 non
1157 3337 1260 3406 etiarn
1289 3339 1323 3405 io
1355 3351 1455 3424 poent-

199 3425 311 3492 tendo.
339 3429 429 3492 Haec
448 3423 578 3500 dioens,
600 3424 669 3492 iliis
691 3424 829 3511 quidem
856 3426 905 3494 sic
923 3425 1088 3495 suadebat
1103 3445 1232 3494 curam
1258 3445 1375 3514 gerere
1392 3439 1456 3489 ora·

199 3514 302 3583 tionis
318 3529 350 3581 et
362 3513 497 3601 jejunii.
519 3513 712 3594 Quinetiam
733 3515 805 3602 ipse
821 3535 957 3601 quoque
975 3535 1097 3582 manus
1122 3515 1156 3582 in
1172 3513 1310 3584 coelum
1337 3511 1454 3582 totiens,

198 3603 294 3670 illine
319 3601 525 3690 implorabat
548 3601 738 3671 auxilium:
765 3616 797 3671 et
823 3617 897 3692 post
920 3603 1121 3683 orationem,
1152 3625 1232 3672 oum
1258 3602 1310 3672 eis
1333 3599 1457 3668 dixisset

200 3691 303 3758 tinem
323 3690 539 3770 calamitatis,
557 3713 615 3760 eos
629 3691 772 3762 dimisit.
793 3697 869 3760 Post
886 3705 1027 3780 septem,
1052 3693 1173 3778 inquit,
1195 3691 1270 3760 dies
1289 3689 1465 3772 cessabunt

201 3780 316 3848 nrinae
339 3781 441 3868 ignis.
470 3780 524 3848 Sic
551 3779 610 3848 iiie
637 3781 732 3856 dixit,
752 3793 784 3848 ct
811 3801 864 3849 res
887 3793 938 3848 est
970 3793 1165 3850 consecuta.
1204 3781 1357 3868 Septimo
1379 3773 1465 3858 enimi

201 3867 256 3934 die
276 3889 343 3935 non
373 3879 444 3937 erat
477 3867 629 3958 amplius
651 3869 756 3958 ignis.
788 3874 882 3938 Tunc
901 3883 934 3938 et
960 3869 1058 3950 aiios,
1085 3883 1117 3938 et
1140 3889 1197 3938 cos
1224 3870 1287 3954 qui
1312 3865 1460 3958 gerebant

200 3955 433 4044 magistratus,
467 3958 678 4042 quinetiam
707 3959 821 4058 ipsum
848 3963 1092 4047 Imperatorem
1119 3957 1258 4027 incessit
1286 3969 1410 4026 metus:
1433 3961 1459 4015 et

200 4065 318 4144 seeum
348 4058 526 4134 assumpta
551 4049 781 4134 Imperatrrce,
809 4046 846 4115 iit
877 4047 1023 4136 supplex
1043 4047 1140 4116 beato
1170 4045 1314 4127 Danieli,
1346 4065 1403 4134 pro
1427 4057 1465 4124 00,

200 4132 353 4217 gurdam,
380 4133 470 4220 quod
507 4136 745 4221 praeterierat,
784 4135 1076 4206 misericordiam:
1105 4136 1323 4204 securitatem
1358 4127 1465 4202 auterni

202 4221 235 4288 in
262 4220 418 4290 iuturum
441 4221 631 4311 postulans.
1464 4211 1465 4304 l

153 4390 155 4396 ¹
245 4312 351 4395 §²8-
367 4315 472 4396 itque
482 4311 554 4398 J'am
569 4313 707 4398 quidem
731 4327 806 4403 post
819 4314 1056 4384 autumnalem
1067 4314 1325 4384 conversionem
1344 4309 1465 4394 mutato}

227 4433 382 4474 *annosam
