2994 4832
259 239 321 302 t50
610 257 648 300 nn
674 255 700 301 s.
730 255 808 301 sian
831 251 903 300 aaa.
929 254 967 300 nr
990 253 1082 302 conr.
1335 230 1442 296 llllbb
1479 193 1480 239 l

212 352 244 408 et
268 340 327 408 tibi
355 339 546 430 praeclaras
576 339 751 428 praebebit
775 339 932 408 victorias
967 337 1131 408 adversus
1160 337 1323 407 inimicos.
1343 355 1358 400 a
1380 334 1442 422 Ejus
1479 376 1480 416 ,

211 451 292 519 ergo
316 429 504 498 libertatem
530 425 720 496 admiratus
754 432 964 517 Imperator,
991 439 1024 496 et
1054 426 1144 514 quod
1173 425 1257 494 nibil
1284 435 1391 514 peteret
1413 442 1444 518 ex

212 519 365 598 terrenis,
384 529 417 585 et
437 517 478 584 iis
498 536 586 602 quae
602 515 644 585 ad
664 516 790 584 victum
813 516 998 604 pertinent:
1026 516 1083 584 sed
1110 536 1199 602 quae
1219 514 1325 582 lerunt
1344 511 1379 579 ad
1401 514 1443 577 lter

210 606 355 684 cultum,
386 616 417 673 et
445 605 616 673 Ecclesiae
643 605 933 684 constitutionem,
961 604 1039 673 aliis
1069 603 1210 691 quidem
1235 600 1395 676 concessit,
1417 609 1444 665 ut

210 694 419 764 recederent:
446 694 476 762 ei
502 703 615 762 autem
641 691 788 782 largitur
804 713 932 762 munus
958 691 1052 762 mille
1069 713 1264 772 aureorum,
1290 690 1394 759 dicens
1416 707 1443 752 ea

208 803 283 854 esse
300 782 536 851 distribuenda
559 781 787 860 monasteriis,
805 803 893 868 quae
909 781 1050 850 luerunt
1074 781 1117 850 ab
1134 781 1208 871 ipso
1224 779 1408 855 constituta;
1423 785 1445 841 et

208 871 313 940 simul
334 871 441 972 jussit
462 891 540 938 eum
567 891 716 949 manere,
744 880 896 939 statuens
920 883 958 938 ut
982 869 1023 938 ad
1051 891 1085 938 sa
1104 881 1216 959 posset
1240 866 1364 958 ingredi
1379 864 1444 932 citra

209 959 321 1028 ullum
337 958 634 1049 impedimentum.
649 963 733 1028 Cum
750 979 906 1027 veronen
925 958 1108 1028 sustineret
1123 958 1242 1027 sedare
1258 958 1351 1036 iram,
1365 974 1445 1041 quan

205 1046 413 1136 jampridem
440 1059 641 1136 conceperat
657 1047 821 1116 adversus
840 1046 1050 1116 Palaestinae
1075 1046 1271 1116 Pontificem
1290 1040 1447 1130 aliquando

209 1135 293 1206 dicit
318 1157 441 1225 magno
471 1135 597 1204 Sabae:
617 1158 635 1201 «
661 1135 725 1218 Qui
749 1151 879 1206 vestrae
897 1149 1029 1223 praeest
1047 1135 1229 1216 Ecclesiae,
1247 1127 1447 1204 otrenerandr

210 1236 315 1312 pater,
344 1246 416 1305 nos,
444 1238 482 1294 nt
498 1223 642 1305 videtur,
671 1245 814 1313 magnae
834 1223 1004 1294 damnans
1021 1223 1176 1305 levitatis,
1204 1246 1271 1293 non
1291 1221 1392 1290 solum
1408 1238 1447 1306 sy-

210 1311 291 1382 nodi
316 1311 599 1382 Chalcedonensis
625 1313 776 1396 suscepit
802 1313 1043 1401 patrocinium,
1064 1334 1151 1402 quae
1175 1309 1385 1380 confirmarit
1406 1305 1447 1373 do·

209 1412 323 1492 gmata
341 1403 494 1483 Nestorii,
510 1401 680 1470 sedetiam
694 1401 814 1482 effecit,
832 1413 869 1470 ut
883 1401 1064 1470 Flavianus
1078 1400 1228 1470 Pontifex
1246 1399 1448 1470 Antiochenus

209 1489 364 1559 eamdem
390 1490 490 1560 etiam
518 1491 606 1559 viam
623 1489 735 1570 iniret;
756 1501 789 1558 et
813 1511 905 1559 nunc
930 1489 1024 1560 solus
1050 1491 1171 1560 restitit
1195 1489 1328 1578 synodo
1351 1485 1448 1556 Sidone

209 1591 445 1668 congregatae,
469 1578 627 1648 Flaviano
652 1578 881 1658 consentiens,
900 1591 939 1647 ut
963 1599 1030 1647 non
1054 1578 1222 1648 feriantur
1246 1577 1447 1646 anathemate

209 1668 269 1754 qui
295 1667 449 1756 improbe
475 1679 630 1736 tutantur
656 1666 818 1758 dogmata
840 1667 995 1737 Nestorii.
1017 1666 1112 1736 Unde
1135 1667 1237 1737 etiarn
1265 1689 1327 1735 nos
1351 1675 1449 1764 putans

208 1754 394 1837 ludificari,
411 1778 471 1844 per
492 1755 654 1844 epistolas
679 1755 804 1825 nostris
820 1755 928 1842 jussis
944 1755 1008 1824 lert
1024 1755 1116 1844 leges
1132 1755 1335 1834 contrarias,
1351 1751 1450 1840 jubens

208 1845 297 1934 ejici,
315 1844 477 1932 quicquid
496 1845 529 1912 in
549 1857 699 1914 nostram
726 1842 827 1912 fidem
854 1844 999 1914 sentitur
1016 1866 1134 1914 recens
1154 1843 1390 1933 excogitatum.
1405 1835 1450 1906 Sed

210 1955 276 2002 non
306 1933 457 2023 amplius
483 1932 541 2002 tali
566 1945 682 2002 nostra
706 1931 838 2002 fruatur
867 1932 1014 2002 lenitate.
1044 1933 1106 2002 Sed
1132 1954 1210 2002 ecce
1243 1929 1448 2022 decernimus.

208 2033 246 2090 ut
264 2020 369 2102 vides,
392 2022 490 2091 illum
512 2021 651 2110 quidem
678 2020 756 2090 sede
780 2021 921 2110 expelli:
935 2021 1011 2110 ejus
1026 2031 1139 2090 a'utem
1159 2021 1232 2090 loco
1249 2043 1330 2090 eum
1351 2015 1448 2088 sulltct

207 2110 266 2196 qui
289 2111 332 2178 sit
348 2111 452 2199 digne
471 2109 689 2197 praefuturus
714 2108 901 2178 Ecclesiae:
929 2111 1092 2197 quoniam
1119 2131 1186 2179 non
1204 2109 1363 2179 convenit
1380 2123 1450 2174 sacra

158 2251 161 2258 .
209 2198 270 2267 illa
293 2198 366 2268 loca
393 2197 564 2289 profanari
589 2197 763 2267 sceleratis
787 2197 931 2267 decretis
956 2199 1112 2268 Nestorii.
1137 2221 1155 2265 a>

253 2290 271 2374 ᾖ
295 2293 374 2358 46.
401 2292 491 2356 llaec
515 2309 594 2357 cum
620 2287 760 2355 dixisset
778 2291 977 2384 lmpepator,
996 2301 1028 2356 et
1042 2287 1126 2356 adeo
1144 2286 1238 2376 gravi
1259 2287 1312 2356 ira
1337 2285 1450 2354 serretur

208 2377 243 2442 in
269 2374 393 2456 liliam,
420 2375 590 2464 incipiens
614 2376 734 2444 beatus
759 2376 865 2445 Sabas
889 2375 996 2444 Ellam
1024 2374 1205 2444 delendere
1230 2374 1450 2444 Patriarchan.

207 2465 282 2552 ejds
306 2463 392 2532 iram
419 2465 464 2533 ita
489 2464 701 2552 compressit,
729 2476 767 2531 ut
792 2485 859 2533 non
880 2463 990 2533 solum
1018 2464 1113 2532 illam
1139 2463 1242 2532 latam
1271 2461 1454 2552 rescinderet

208 2551 435 2623 sententiam:
463 2553 519 2622 sed
549 2553 650 2621 etiam
677 2552 893 2621 Patriarchae
918 2553 1029 2642 magis
1059 2555 1202 2626 careret.
1229 2563 1262 2620 et
1289 2552 1416 2640 juberet
1434 2567 1454 2610 et

208 2640 395 2710 decaetero
412 2660 587 2710 remanere
604 2639 718 2708 sedem
736 2641 880 2710 minime
894 2640 1130 2710 auferendam.
1150 2641 1249 2710 Illinc
1266 2655 1380 2710 autem
1394 2654 1454 2706 cun

208 2729 251 2798 ad
276 2729 531 2818 Imperatricem
569 2729 716 2797 venisset
747 2728 952 2811 Ariadnam,
980 2751 1054 2798 eam
1082 2729 1228 2798 multum
1265 2729 1457 2822 rogantur

209 2817 316 2904 patris
341 2817 462 2886 Leonis
489 2829 642 2886 tueretur
665 2818 882 2898 sententiam,
905 2829 937 2888 et
964 2816 1056 2908 leges
1084 2831 1301 2888 conservarat
1330 2818 1454 2908 pietatis.

208 2905 296 2974 Hinc
311 2907 563 2974 exercitatorem
590 2905 696 2974 subiit
712 2926 809 2975 amor
833 2907 1067 2974 vehementior
1082 2907 1207 2993 quietis
1231 2917 1264 2975 et
1284 2905 1419 2984 silentii,
1436 2911 1457 2967 et

209 2992 307 3062 valde
336 2992 552 3064 desiderabat
576 2994 735 3063 reditum.
770 2995 938 3078 Quoniam
977 3016 1055 3064 vero
1092 2996 1196 3065 menti
1232 2995 1310 3085 ejus
1343 3007 1458 3080 tenpus

210 3082 352 3152 minime
379 3083 589 3172 congruebat
611 3083 709 3172 (tunc
732 3084 824 3151 enim
851 3084 986 3173 vigebat
1017 3083 1155 3173 biems),
1178 3085 1298 3153 statuit
1329 3084 1460 3153 urbanos

209 3171 381 3241 tumultus
398 3173 432 3240 in
451 3173 642 3260 praesentia
659 3171 843 3252 declinare;
862 3184 894 3242 et
912 3191 930 3240 e
957 3193 1072 3241 ressus
1089 3173 1124 3240 in
1141 3171 1329 3260 quemdam
1353 3172 1458 3240 locum.

209 3282 276 3330 non
306 3260 425 3349 procul
451 3261 493 3330 ab
517 3260 602 3330 urbe
632 3273 813 3342 remotum,
840 3261 899 3348 qui
924 3193 1103 3330 dicebatur
1127 3260 1372 3332 suburbanum
1396 3251 1461 3352 liul-¹

207 3349 280 3427 sini,
297 3348 459 3418 hiemavit
483 3348 554 3420 illic
570 3348 701 3436 reliquo
716 3361 879 3439 tempore.
899 3354 1006 3431 Quem
1023 3349 1162 3436 quidem
1182 3349 1215 3417 in
1235 3348 1353 3418 locum
1370 3361 1400 3416 et
1414 3343 1459 3412 aln

207 3437 348 3525 quidam
376 3437 416 3508 ad
445 3439 557 3527 ipsum
576 3438 797 3519 ventitabant,
818 3438 964 3507 maxime
978 3449 1091 3506 aulem
1111 3437 1342 3516 Valentiniani
1366 3442 1462 3522 Impe-

208 3527 331 3596 ratoris
353 3527 462 3616 neptis
487 3526 637 3608 Juliana,
664 3538 695 3596 et
713 3527 864 3616 Pompeji
881 3527 1005 3616 conjux
1026 3527 1215 3607 Anastasia,
1234 3548 1325 3613 quae
1353 3526 1386 3593 in
1414 3523 1462 3590 bo·

206 3615 365 3685 diernum
392 3635 502 3703 usque
526 3615 616 3684 diem
642 3617 739 3684 floret
763 3615 881 3685 multis
899 3614 1087 3696 rectefactis
1105 3615 1139 3684 in
1156 3628 1271 3685 monte
1287 3615 1460 3684 Oliaarunt.

209 3707 290 3772 Cum
318 3704 494 3793 posthaec
511 3717 624 3775 autem
644 3725 700 3772 ver
714 3703 939 3785 adventasset,
958 3703 1016 3772 ille
1030 3703 1183 3790 quidem,
1206 3716 1244 3773 ut
1267 3705 1328 3790 qui
1341 3698 1462 3793 jamdiu

209 3804 379 3859 teneretur
398 3813 522 3882 magno
538 3813 655 3861 amore
678 3792 803 3879 quletis
820 3805 852 3861 et
875 3792 1015 3872 silentii,
1043 3803 1184 3882 paratus
1199 3805 1270 3861 erat
1286 3791 1330 3860 de
1347 3801 1463 3860 caetero

209 3879 380 3968 prolicisci
406 3881 440 3949 in
459 3879 693 3950 solitudinem.
717 3881 863 3981 Contigit
880 3901 957 3951 vero
981 3880 1113 3968 aliquid
1138 3881 1301 3970 inpagis,
1321 3881 1380 3970 qui
1396 3884 1463 3945 sunt

207 3967 440 4056 ierosolymis,
468 3969 559 4056 quod
588 3970 662 4058 ejus
687 3981 848 4058 repressit
875 3969 1066 4058 impetum,
1096 3982 1129 4038 et
1152 3967 1231 4038 lecit
1249 3991 1328 4038 eam
1357 3979 1463 4061 rursus

209 4056 324 4124 venire
348 4057 389 4126 ad
415 4061 672 4148 Imperatorem.
697 4058 823 4126 Deinde
838 4057 942 4148 paulo
961 4071 1037 4146 post
1058 4079 1185 4148 magno
1201 4079 1278 4128 cum
1305 4054 1464 4126 desiderio

209 4143 386 4242 ingressus
414 4157 464 4213 est
490 4147 593 4226 viam,
616 4167 703 4232 qliae
730 4146 825 4216 ducit
849 4146 891 4215 ad
917 4146 1150 4216 solitudinem.
1177 4145 1463 4216 verumenimvero

209 4250 276 4298 non
294 4245 467 4322 ingratum
485 4233 588 4303 fuerit
607 4234 671 4304 boc
686 4255 822 4323 quoque
838 4234 963 4305 addere
980 4236 1033 4317 iis,
1056 4257 1145 4323 qnae
1165 4235 1256 4305 dicta
1274 4245 1369 4314 sunt,
1382 4224 1462 4319 quod

209 4339 371 4408 magnam
391 4321 477 4408 justi
503 4321 599 4392 illius
616 4323 788 4413 significat
808 4323 1080 4394 misericordiam
1097 4325 1132 4392 in
1149 4344 1329 4416 pauperes,
1346 4320 1464 4408 quibus
