2994 4832
270 262 333 328 toa
622 277 661 324 nx
685 277 713 324 s.
740 278 820 324 sana
843 277 914 324 aar.
940 279 978 325 rr
1001 277 1093 326 conr.
1349 255 1422 320 bEC.
1444 257 1459 318 5

224 363 397 432 vivificum
417 359 619 450 Sepulcrum
638 361 779 430 veniunt
794 361 828 429 in
847 374 999 432 sanctam
1018 363 1202 444 civitatem,
1218 360 1282 451 ipsi
1298 369 1376 428 tecto
1388 378 1460 446 opus

224 452 362 532 habent,
383 462 421 519 ut
440 471 476 518 se
494 470 616 538 parurn
642 462 794 519 recreent
809 473 830 519 a
846 449 962 520 labore
981 450 1138 520 itineris:
1157 465 1190 518 et
1209 449 1347 518 nraxirne
1359 447 1383 516 si
1397 445 1461 531 quis

223 562 341 612 eorum
372 537 558 625 aliquando
586 538 621 606 in
651 538 809 608 morbum
841 539 1019 620 inciderit,
1055 538 1230 630 postulant
1262 535 1460 604 necessariam

223 628 377 719 corporis
407 627 633 697 curationem.
660 627 749 709 Quin
779 627 880 696 etiarn
910 627 1051 715 quoda
1080 625 1276 697 Patriarcha
1304 624 1369 694 Elia
1386 622 1461 711 prins

222 731 379 807 coeptum
394 727 444 784 est
456 714 631 784 aedificari
649 715 809 805 Deipnrae
828 716 957 805 Virgini
974 715 1154 805 templum,
1177 714 1296 785 multis
1311 711 1461 809 adbucin·

224 807 339 896 diget,
370 825 432 872 nec
452 803 534 874 satis
557 814 608 872 est
635 803 841 874 instructum
866 807 1101 876 ornamentis:
1128 819 1161 875 et
1187 827 1276 892 quae
1303 812 1375 872 sunt
1397 819 1461 866 rans

222 904 419 964 constructa
445 891 606 962 manibus
631 893 858 974 monasteria,
884 916 963 963 curn
994 893 1129 964 nullum
1155 894 1189 962 in
1217 892 1398 982 propinquo
1418 887 1461 954 ba·

223 982 326 1053 beant
344 980 567 1072 praesidium,
583 981 617 1048 in
633 981 725 1069 quod
746 1003 782 1054 se
800 982 976 1072 recipiant,
993 982 1088 1053 nullo
1106 982 1241 1073 negotio
1258 981 1331 1070 capi
1348 987 1461 1066 possunt

224 1070 268 1142 ab
282 1070 443 1150 inimicis,
463 1081 495 1138 et
508 1071 619 1157 prima
635 1069 832 1139 incursione
845 1073 959 1141 venire
976 1085 1120 1160 possunt
1137 1072 1170 1140 in
1186 1091 1311 1140 manus
1326 1067 1460 1136 hostiunr.

224 1165 307 1230 Ante
323 1158 439 1228 omnia
454 1171 581 1238 autem,
603 1158 701 1241 Arrii,
728 1159 869 1228 Nestorii
888 1174 920 1228 et
936 1161 1093 1252 Origenis
1108 1161 1270 1252 dogmata
1286 1157 1461 1227 conturbant

225 1247 405 1328 Ecclesiae,
428 1268 490 1316 nec
515 1247 634 1316 sinunt
658 1268 715 1316 eas
767 1270 829 1317 ura
855 1247 922 1318 lrni
943 1249 1210 1336 tranquillitate:
1237 1262 1269 1317 et
1292 1246 1364 1315 ideo
1384 1266 1401 1311 a
1421 1255 1461 1308 tna

225 1337 374 1427 potentia
399 1357 563 1425 magnum
588 1347 639 1406 est
661 1269 896 1406 adhibendum
923 1337 1091 1420 studium,
1120 1349 1157 1406 ut
1180 1335 1341 1406 omnibus
1360 1331 1461 1399 viribus

224 1447 263 1496 ea
290 1424 387 1494 tollas
403 1424 446 1492 de
463 1423 587 1503 medie,
606 1436 638 1493 et
659 1436 790 1494 tantnnr
809 1424 939 1495 malum
963 1427 1080 1516 procul
1098 1423 1261 1516 expellas.
1288 1429 1373 1493 llaec
1387 1421 1411 1488 si
1430 1416 1460 1484 l·

223 1514 323 1594 ceris,
342 1513 466 1582 bonam
485 1533 580 1602 spern
600 1513 769 1600 concipio,
788 1526 820 1584 et
837 1515 871 1582 in
890 1519 956 1584 Deo
980 1513 1127 1595 confido,
1155 1513 1226 1584 lore
1243 1526 1282 1583 ut
1299 1532 1371 1582 mox
1391 1507 1461 1576 diter

225 1614 387 1692 sequatur
410 1601 661 1702 remuneratio,
690 1606 866 1689 Romaque
891 1605 1051 1674 universa
1070 1617 1103 1673 et
1130 1603 1309 1692 Carthago,
1338 1611 1368 1668 et
1383 1615 1461 1683 qnae·

224 1712 373 1778 cumque
392 1701 604 1771 amiserunt,
637 1691 698 1778 qui
722 1705 808 1760 ante*
830 1705 861 1761 te
892 1692 1131 1782 imperarunt,
1162 1703 1348 1761 cernentur
1368 1703 1461 1754 rursus

224 1794 338 1870 partes
354 1780 403 1849 tui
423 1778 571 1868 imperii.
588 1801 606 1846 a
623 1779 660 1848 Ei
685 1777 823 1849 luerunt
844 1779 907 1850 hae
929 1781 1068 1871 quidem
1092 1781 1167 1870 piae
1194 1793 1226 1850 et
1253 1780 1290 1850 in
1315 1791 1461 1848 commune

223 1869 326 1940 utiles
346 1867 434 1937 beati
451 1868 559 1937 Sabae
578 1867 755 1957 petitiones
771 1868 862 1958 apud
887 1870 1182 1940 Justinianurn....
1433 1946 1459 1958 ..

267 1959 286 2045 ξ
309 1961 391 2028 08.
409 1961 598 2045 lrnperator
612 1977 692 2046 ergo
713 1969 805 2026 tanto
825 1957 938 2028 studio
957 1959 1098 2028 allectus
1113 1957 1281 2028 adversus
1304 1954 1400 2044 hujus
1417 1968 1459 2047 ttrt

224 2046 414 2138 petitiones,
434 2067 494 2134 per
510 2046 708 2113 universum
734 2045 850 2114 orbem
869 2057 977 2116 terrae
993 2047 1095 2116 rnittit
1118 2047 1312 2126 decretum;
1330 2057 1361 2112 et
1375 2051 1460 2110 statnn

224 2134 412 2225 Episcopis,
438 2134 582 2204 Antonio
602 2132 849 2214 Ascaloniam,
871 2148 905 2204 et
919 2135 1101 2206 Zachariae
1116 2134 1238 2215 Pellae,
1260 2131 1377 2202 litteris
1393 2145 1460 2216 prae·

223 2225 307 2314 cipit
322 2222 565 2312 Imperatoriis,
582 2235 620 2290 nt
644 2222 754 2292 visant
774 2223 848 2292 loca
873 2223 1094 2305 Palaestinae,
1112 2245 1201 2314 quae
1219 2221 1359 2292 fuerunt
1372 2227 1460 2286 exusta

223 2335 244 2383 a
269 2311 503 2391 samaritanis,
523 2323 554 2379 et
575 2309 691 2380 habita
719 2311 849 2380 ratione
872 2334 1015 2396 eorum,
1046 2313 1171 2383 tributa
1192 2311 1350 2382 allevent.
1374 2306 1482 2395 lisantq

223 2413 336 2472 autern
355 2398 481 2490 templa
498 2420 633 2487 quoque
654 2403 868 2481 Sanctorum,
895 2413 928 2470 et
950 2416 1117 2488 quantum
1145 2402 1220 2491 ipsa
1246 2401 1404 2470 damnum
1422 2413 1459 2458 tt·

222 2487 374 2579 ceperint
394 2510 412 2557 a
434 2487 597 2558 scelerata
612 2499 645 2556 et
660 2488 784 2558 audaci
810 2511 916 2559 rnanu
934 2491 1241 2572 Samaritanorum,
1272 2509 1330 2578 per
1353 2483 1458 2555 illornn

222 2579 376 2670 ipsorum
402 2574 591 2656 facultates,
611 2589 671 2646 aut
695 2577 851 2666 publicas
877 2592 1034 2669 reparent
1059 2580 1235 2668 pecunias,
1263 2591 1296 2648 et
1319 2577 1352 2646 in
1372 2579 1460 2642 sancta

221 2667 356 2737 civitate
382 2677 540 2735 extruant
568 2669 828 2746 nosocornlnnr,
855 2682 888 2737 et
912 2677 1048 2738 arrnuos
1067 2669 1098 2738 ei
1121 2667 1202 2737 dent
1219 2665 1371 2737 redditus
1394 2653 1461 2726 nille

221 2755 495 2844 octingentorum
521 2765 554 2823 et
572 2753 825 2856 quinquaginta
841 2777 1037 2826 aureorum.
1057 2756 1144 2839 Quin
1163 2757 1265 2825 etiam
1287 2753 1385 2824 aliarn
1399 2764 1461 2833 qno·

221 2864 289 2930 que
303 2842 458 2918 domum,
486 2855 522 2912 ut
547 2843 581 2910 in
604 2863 644 2911 ea
665 2841 868 2926 habitarent,
895 2846 954 2932 qui
981 2844 1099 2935 procul
1130 2843 1212 2914 illue
1238 2841 1421 2912 veniebant.
1440 2841 1461 2898 tl

222 2931 385 3020 Deiparae
407 2931 571 3019 templum
596 2930 770 3020 eleganter
792 2946 949 3003 extruant
971 2947 1003 3003 et
1025 2947 1201 3013 exornent,
1228 2947 1262 3002 et
1283 2925 1480 3022 praesidinnt

223 3040 329 3111 prope
353 3023 497 3088 Lauranr
516 3019 686 3098 muniant,
713 3032 751 3089 ut
775 3021 807 3089 in
832 3022 1050 3092 inimicorum
1070 3021 1257 3091 insultibus
1276 3032 1362 3090 esset
1376 3025 1459 3084 tutan

223 3107 403 3180 monachis
427 3106 611 3199 refugium.
638 3113 773 3178 Praeter
797 3109 880 3180 haec
906 3133 982 3180 vero
1001 3111 1203 3181 nominatim
1228 3097 1460 3197 quoquederla·

222 3213 313 3270 ratas
338 3197 494 3268 haereses
515 3195 635 3267 tollant
658 3195 700 3266 de
726 3197 849 3282 medio,
876 3211 909 3270 et
939 3200 1113 3290 praeclaro
1140 3199 1327 3289 subjiciant
1352 3188 1461 3281 anatbje

223 3287 318 3358 mati.
346 3291 391 3355 De
416 3285 469 3355 his
493 3300 605 3357 autern
631 3285 700 3355 lere
715 3288 878 3358 omnibns
903 3289 1240 3448 Procopiusquoqno
1260 3291 1479 3370 caesareensis

223 3375 258 3446 in
276 3377 397 3464 quinto
417 3373 505 3446 libro
520 3375 563 3446 de
578 3375 766 3445 iustiniani
786 3377 965 3459 aediliciis,
992 3401 1008 3446 a
1051 3399 1091 3446 eo
1107 3377 1325 3456 constructis,
1347 3373 1462 3441 baecsr·

223 3465 369 3557 gillatirn
385 3463 496 3545 refert,
519 3465 632 3554 ipsurn
663 3487 704 3534 ue
718 3479 952 3536 constructum
973 3466 1135 3556 lleiparae
1153 3464 1316 3555 ternplum
1334 3460 1461 3531 accurate

222 3576 407 3644 exponens.
430 3553 573 3644 ejusque
598 3487 866 3644 puberitudinem
893 3567 925 3624 et
949 3555 1224 3657 magnitudinem
1259 3551 1343 3622 nulli
1369 3546 1461 3614 dicens

222 3665 296 3716 esse
320 3643 482 3724 similem,
509 3657 542 3712 et
566 3642 599 3712 id
622 3665 742 3712 novam
768 3645 881 3712 vocari
901 3643 1100 3724 ecclesiam:
1123 3667 1201 3713 curn
1228 3641 1350 3732 Cyrillo
1365 3647 1478 3708 conre-1

223 3733 346 3812 niens,
380 3733 439 3819 qui
470 3732 580 3801 sancti
612 3731 719 3802 Sabae
749 3732 850 3801 vitam
877 3729 1082 3824 conseripsit
1109 3732 1152 3802 ab
1178 3731 1285 3812 initio.
1319 3734 1461 3798 Praeterea

222 3832 338 3893 autern
363 3820 406 3891 de
437 3821 574 3891 duabus
602 3841 739 3909 quoque
769 3821 914 3892 aedibus
942 3822 1149 3892 constructis
1184 3820 1233 3889 illi
1259 3818 1458 3903 suffragatur:

222 3931 369 4002 quarurn
395 3931 464 3979 una
489 3909 627 4002 quidem
654 3924 704 3979 est
728 3909 768 3978 ad
795 3911 1015 4000 excipiendos
1033 3912 1204 3999 hospites:
1226 3909 1329 3978 altera
1348 3919 1414 3999 vero
1429 3885 1459 3958 td

222 3998 430 4069 recreandos
451 4019 508 4069 eos
530 3999 588 4089 qui
611 3999 729 4068 morbo
747 3999 959 4090 affliguntur.
979 4000 1184 4084 Quinetiam
1205 3996 1273 4066 illic
1291 3995 1477 4076 constitutos

224 4085 349 4156 multos
366 4089 531 4176 pecuniae
549 4087 714 4170 redditus,
730 4101 762 4158 et
782 4088 987 4178 tenrplorurn
1005 4088 1251 4159 renovationes.
1270 4105 1353 4171 quae
1368 4083 1461 4146 eiustl

223 4175 397 4246 ineranta
423 4177 659 4260 Samaritanis,
681 4190 714 4246 et
742 4192 878 4268 propter
899 4178 1120 4248 ininricorurn
1149 4175 1357 4247 incursiones
1371 4175 1477 4234 curu-r

222 4277 315 4336 ctum
336 4265 558 4353 praesidium,
578 4269 608 4335 ei
626 4281 856 4356 congruenter
874 4267 1102 4356 persequitur.

267 4357 285 4442 ἓ
302 4357 381 4427 64.
408 4359 490 4424 curn
515 4346 576 4426 has
591 4377 672 4448 ergo
693 4357 952 4427 constitutiones
968 4357 1088 4429 beatus
1104 4357 1209 4428 Sabas
1227 4356 1269 4426 ab
1284 4347 1461 4438 Imperatore
