2960 4824
234 253 297 316 330
559 271 596 315 ne
621 270 648 316 s.
675 267 836 314 nuraanro
860 269 909 313 ar.
937 267 1089 314 causato.
1301 250 1377 314 [tue
1405 251 1434 312 ta

189 353 281 512 guod
310 353 558 444 expenderetur
582 353 618 422 in
641 375 727 422 usus
752 351 933 421 Ecclesiae.
956 358 1051 424 Tunc
1075 357 1155 433 Rex,
1182 365 1219 420 ut
1242 365 1313 422 erat
1336 351 1436 420 hilaris

215 458 299 524 ator,
318 442 483 513 iratribus
498 441 558 528 qui
575 442 609 510 in
626 441 774 512 oratorio
790 441 909 510 beatae
924 441 1048 510 Mariae
1064 439 1332 522 famulabantur,
1345 464 1434 508 unum

190 531 316 622 regalis
338 529 595 600 munificentiae
619 530 741 599 fiscum
760 529 899 600 donavit
922 530 964 598 ad
990 529 1147 600 subsidia
1170 530 1366 620 temporalia
1386 529 1437 596 lra-

190 636 295 702 trum,
313 621 367 690 cui
390 624 506 708 Oveng
526 619 714 706 antiquitas
738 639 862 689 nomen
882 620 1104 708 imposuerat.

233 713 321 798 §3-
349 708 413 778 Sed
437 729 499 776 nos
523 707 606 775 dum
632 708 734 797 Regis
767 707 1066 777 mansuetudinem
1098 706 1291 777 extollendo
1324 705 1437 795 praedi·

189 821 321 877 camus,
348 797 383 866 in
402 797 472 866 vire
489 797 547 866 Dei
571 809 701 882 quanta
725 794 827 865 suerit
851 794 1056 866 humilitatis
1073 797 1277 878 constantia,
1298 817 1360 864 non
1386 809 1438 862 tan

188 887 370 956 aestimare
393 885 537 972 quilibet
558 896 685 975 potest:
699 906 804 974 quam
820 884 1009 954 admirari:
1035 887 1093 973 qui
1115 885 1203 954 iuter
1231 897 1325 954 tanta
1348 883 1438 972 regiae

188 973 381 1045 sedulitatis
397 975 573 1060 obsequia,
601 972 697 1042 nullo
717 973 876 1044 vanitatis
893 973 1079 1043 tentamine
1105 973 1322 1064 supplantari
1337 972 1436 1062 potuit.

189 1063 285 1146 Quod
308 1063 426 1155 vitium
453 1065 487 1131 in
518 1061 637 1131 multis
667 1062 814 1131 nimium
840 1063 967 1151 experti
993 1085 1141 1143 sumus,
1170 1063 1262 1152 quod
1284 1063 1326 1130 ad
1352 1062 1438 1130 unlus

188 1151 393 1222 homunculi
424 1151 688 1232 salutationem,
719 1164 778 1220 aut
802 1151 1050 1222 simulatricem
1081 1150 1316 1222 adulationem
1346 1149 1439 1218 videas

188 1239 288 1310 lacile
307 1240 491 1329 jactantiae
516 1239 640 1330 spiritu
661 1239 787 1308 inllari.
814 1241 879 1322 Qui
899 1241 927 1308 si
945 1239 1061 1326 aliqua
1086 1241 1186 1330 signa
1210 1240 1263 1309 vel
1290 1238 1373 1308 salsa
1393 1238 1439 1304 lra-

191 1331 324 1398 minu'm
346 1329 582 1399 aestimatione
603 1327 714 1418 egisse
731 1328 937 1409 dicerentur,
962 1328 1190 1419 proculdubio
1216 1352 1252 1399 se
1279 1330 1439 1418 prophetas

189 1419 428 1499 aestimarent,
451 1439 530 1486 cum
551 1416 641 1488 dona
667 1439 734 1488 non
763 1417 987 1507 accepissent.
1016 1417 1080 1487 Sed
1110 1417 1205 1486 nullo
1233 1417 1386 1506 impulsu
1402 1417 1439 1502 je-

188 1508 335 1576 ctantiac
359 1507 402 1576 ab
426 1529 502 1576 arce
527 1506 732 1576 humilitatis
756 1508 807 1574 vir
831 1507 949 1596 justus
972 1506 1072 1596 dejici
1098 1519 1249 1596 poterat,
1277 1506 1335 1575 cui
1357 1506 1438 1573 etiarn

189 1597 264 1686 ipsa
290 1594 497 1684 pontificalis
522 1595 662 1664 honoris
686 1593 894 1676 sublimitas
928 1617 1016 1682 quae
1043 1595 1215 1685 plerisque
1244 1616 1384 1684 pompae
1404 1591 1439 1659 lo·
1475 1651 1476 1660 ,

190 1697 305 1753 menta
338 1685 533 1754 ministrare
564 1683 671 1765 solet,
700 1682 778 1772 plus
809 1684 1010 1775 adjectionis
1041 1685 1219 1754 materiam
1255 1683 1436 1772 praestabat.
1475 1751 1476 1758 ,

189 1775 278 1856 Quin
303 1773 404 1842 etiarn
429 1793 508 1842 curn
534 1771 721 1858 aliquando
745 1795 784 1840 ex
808 1774 986 1842 occasione
1009 1772 1191 1862 cujusdam
1216 1771 1373 1841 miraculi
1388 1769 1439 1836 cla·
1475 1815 1476 1860 ,

189 1884 265 1931 mor
294 1861 413 1952 populi
436 1861 661 1942 excitaretur,
687 1861 746 1930 ille
769 1860 882 1930 altiori
905 1861 1049 1932 consilio
1075 1861 1168 1951 vulgi
1194 1860 1438 1930 admirationem
1475 1907 1476 1920 .

189 1971 405 2040 compescere
430 1951 613 2030 nitebatur,
639 1972 727 2040 opus
753 1949 838 2019 illud
863 1949 993 2031 dicens,
1022 1971 1088 2020 non
1116 1971 1198 2020 suae
1222 1948 1331 2020 luisse
1354 1945 1436 2020 fidei,
1474 1957 1476 2011 t

190 2039 247 2109 sed
274 2040 410 2108 divinae
435 2039 591 2109 virtutis:
620 2039 673 2128 pie
693 2061 810 2108 secum
832 2052 1008 2128 reputans,
1028 2037 1202 2108 meliorem
1221 2061 1298 2108 esse
1315 2034 1439 2106 infirmi·
1477 2059 1478 2080 ³

189 2129 268 2198 tatis
284 2127 528 2198 conscientiam
547 2127 710 2197 virtutum
731 2127 890 2208 vanitate,
909 2141 947 2197 ut
963 2149 1042 2198 cum
1060 2125 1218 2217 Apostolo
1240 2126 1390 2196 videatur
1402 2121 1439 2190 di·
1467 2160 1475 2229 p

188 2239 288 2286 cere:
314 2219 461 2287 Libenter
479 2217 651 2306 gloriabor
670 2219 705 2286 in
722 2217 973 2306 indemnitatibus
989 2217 1082 2296 ineis,
1103 2227 1141 2285 ut
1164 2216 1329 2286 inhabitet
1353 2217 1384 2283 in
1403 2231 1439 2278 mr
1474 2219 1475 2246 ²

187 2309 296 2375 virtus
314 2305 439 2376 Christi
450 2307 497 2394 (2.
519 2309 591 2376 Cer.
618 2305 689 2394 xrr).

232 2397 317 2481 §A
345 2391 440 2462 Unde
465 2393 532 2461 nisi
557 2393 719 2463 hodierna
747 2392 854 2482 patris
879 2393 985 2462 nostri
1012 2391 1211 2462 solemnitas
1237 2393 1273 2461 in
1299 2389 1439 2461 laudibus
1471 2464 1475 2473 Ι

191 2483 292 2574 Regis
309 2481 450 2570 superni
468 2503 529 2551 nos
553 2485 716 2552 attentius
739 2480 908 2571 adstringi
928 2493 1172 2561 commoneret,
1195 2502 1255 2551 eos
1281 2481 1437 2550 nimirum.
1474 2551 1475 2571 χ

188 2594 275 2658 quos
299 2571 481 2640 adversum
498 2583 657 2640 sanetum
674 2571 784 2639 virum
804 2573 1015 2658 requirentes
1035 2571 1134 2661 signa
1159 2569 1383 2640 scandalizari
1395 2586 1440 2632 au·
1474 2575 1475 2594 ³

188 2661 363 2738 divimus,
396 2672 593 2750 oportuerat
628 2658 849 2748 Evangellcae
884 2659 1072 2730 severitatis
1104 2660 1243 2728 verbere
1268 2653 1437 2728 contundi.

189 2771 278 2836 quae
294 2747 399 2817 dicit:
416 2751 591 2818 declaratio
607 2752 701 2817 malo
717 2758 747 2816 ct
761 2749 920 2818 adultera
935 2751 1071 2838 sr'priurn
1086 2750 1219 2839 quaerit
1234 2748 1367 2836 (illottlt.
1384 2739 1438 2826 sul
1473 2773 1474 2780 ,

141 2927 143 2931 .
190 2850 227 2906 ut
252 2836 436 2927 pharisaici
462 2835 578 2906 livoris
604 2837 683 2905 vitio
711 2835 754 2904 ad
780 2858 907 2926 purum
933 2849 1092 2918 excocto,
1127 2835 1207 2905 fidei
1237 2832 1438 2925 Evangelicae

191 2927 292 2994 verba
319 2937 525 3014 pensarent:
551 2946 638 3013 quae
667 2925 742 3013 ipse
766 2939 885 2994 auctor
909 2925 1088 3016 signorum
1119 2925 1226 2996 dixit:
1255 2929 1318 3010 Qui
1347 2926 1378 2992 in
1403 2939 1440 2986 tlt-t

189 3015 306 3092 credit,
332 3037 434 3104 opera
450 3037 537 3104 quoe
557 3036 616 3114 epo
630 3015 733 3171 facio,
764 3024 794 3083 et
820 3016 890 3103 ipse
912 3017 1027 3104 societ,
1058 3025 1089 3083 et
1112 3016 1247 3171 magara
1266 3015 1380 3096 borant
1399 3011 1440 3106 [-

190 3105 252 3170 ciet
276 3101 342 3191 (Jo.
372 3102 463 3191 xvv):
490 3114 529 3171 ut
552 3103 627 3171 vrde
646 3103 731 3183 icet,
762 3103 979 3172 cessantibus
1007 3103 1164 3172 exteriori
1193 3125 1232 3171 us
1260 3096 1438 3170 miraculis.

189 3191 317 3277 quibus
340 3191 421 3260 olim
448 3189 603 3260 carnales
627 3189 730 3272 oculi,
757 3202 790 3259 et
813 3191 943 3260 infirmi
960 3191 1133 3261 auditores
1157 3191 1367 3281 indigebant,
1381 3185 1438 3284 jab]

190 3279 327 3349 tandem
352 3280 522 3350 discerent
539 3279 654 3360 vitam,
672 3292 705 3349 et
722 3301 789 3348 non
806 3279 918 3369 signa,
940 3301 1092 3368 pensare,
1114 3301 1203 3366 quae
1220 3278 1321 3370 longe
1337 3275 1439 3345 melros

190 3368 325 3458 prolicit
352 3367 394 3437 ad
416 3367 681 3437 aemulationem
706 3369 896 3450 virtutum,
918 3389 1021 3455 quam
1051 3369 1200 3438 ostensio
1228 3363 1438 3459 corporalium

190 3458 450 3528 miraculorum.
476 3456 677 3527 Visibilibus
701 3457 793 3526 enim
821 3457 997 3527 miraculis
1021 3456 1235 3527 audientium
1257 3454 1358 3526 corda
1373 3448 1438 3520 olrrn
1477 3477 1478 3480 ¹

189 3547 231 3615 ad
252 3546 480 3616 invisibilium
506 3545 608 3614 fidem
632 3545 896 3634 pertrahebant,
928 3545 1011 3614 dum
1038 3567 1097 3635 per
1126 3546 1190 3615 hoc
1214 3545 1304 3632 quod
1331 3541 1436 3610 mirum
1477 3581 1478 3604 2

189 3634 271 3707 soris
286 3635 462 3725 agebatur,
481 3633 545 3704 hoc
560 3633 652 3721 quod
669 3635 763 3703 intus
775 3635 995 3724 operabatur,
1012 3635 1205 3704 sentiretur.
1228 3637 1324 3702 Nunc
1343 3639 1437 3698 auten
1477 3635 1478 3698 l

192 3724 268 3804 vita,
296 3738 328 3794 et
352 3745 419 3793 non
440 3723 539 3812 signa
556 3723 753 3810 quaerenda
769 3736 868 3794 sunt:
894 3725 988 3811 quia,
1007 3736 1169 3880 egerente
1193 3727 1270 3804 beo,
1298 3731 1437 3789 numero·
1477 3749 1478 3792 ,

191 3815 273 3884 sitas
290 3813 445 3883 fidelium
462 3811 620 3882 excrevit.
640 3811 704 3882 Sed
720 3833 761 3881 ne
777 3811 861 3881 lorte
874 3812 1018 3902 quilibet
1056 3835 1095 3881 oc
1108 3812 1246 3881 beatum
1261 3808 1435 3879 lutbertum
1477 3809 1478 3876 l

190 3901 346 4001 indigere
370 3901 575 3981 arbitretur,
604 3915 641 3970 ut
666 3900 709 3969 ad
734 3900 966 3970 excusandam
992 3902 1171 3990 signorum
1198 3899 1435 3990 inopiam,tt⁰S

189 3989 231 4059 de
257 4003 323 4059 vita
349 3991 473 4079 potius,
498 4012 603 4077 quam
628 3989 670 4059 de
691 3989 881 4071 miraculis,
902 3990 1106 4077 loquamur:
1133 4001 1222 4058 certe
1240 3976 1432 4078 praeterrlla

189 4101 288 4180 quae,
317 4093 355 4148 ut
373 4079 576 4169 jactantiam
593 4079 723 4161 vitaret,
749 4078 943 4159 occultavit,
971 4099 1137 4166 nequem
1166 4076 1340 4146 bominum
1364 4077 1433 4168 nott·

191 4180 272 4237 tram
301 4189 423 4257 passus
447 4179 497 4236 est
523 4169 717 4257 pervenire:
746 4167 854 4236 multa
874 4167 1014 4256 quidem
1031 4177 1123 4248 sunt,
1150 4187 1238 4255 quae
1262 4155 1431 4256 hominibus

145 4323 152 4340 ,
190 4256 399 4334 ἰηηοιιιοτει
419 4277 527 4340 neque
558 4256 650 4325 enim
685 4253 789 4324 celari
822 4267 1029 4344 potuerunt:
1056 4277 1095 4324 er
1126 4254 1254 4342 quibus
1284 4255 1429 4338 aestimati

190 4357 321 4432 potest,
348 4355 478 4430 quanta
501 4342 561 4413 illa
583 4343 733 4424 luerint,
770 4365 881 4430 quae,
912 4357 992 4416 teste
1018 4343 1136 4425 nullo,
1172 4343 1264 4414 solus
1292 4337 1426 4407 ereroutt¹
