2946 4798
271 317 336 379 nia
652 333 691 378 iiii
716 331 743 377 s.
770 329 931 379 uincaiio
956 331 1077 378 isaim
1313 298 1376 366 ott.
1393 297 1418 358 ll

228 431 379 487 ventrem
398 437 504 486 manu
530 427 685 504 tangens,
709 416 832 505 partim
852 426 967 508 auterp
993 415 1148 494 dorsum,
1167 427 1316 497 umquam
1332 399 1420 496 ll⁰l⁸lf

227 506 313 587 lens,
332 517 364 576 et
379 504 421 574 ad
441 503 618 574 inferiores
634 518 747 594 partes
765 525 871 595 agens
890 505 1081 585 materiam,
1098 503 1148 573 illi
1170 501 1293 591 quidem
1307 500 1421 590 concessit

227 616 461 686 progressum,
480 593 542 683 qui
565 605 616 662 cst
639 592 832 664 secundum
858 605 1038 664 naturam:
1066 594 1138 664 viro
1153 605 1267 668 autem,
1289 579 1422 655 illeille·

228 698 373 764 raretur,
392 695 425 752 et
439 681 542 752 vitam
559 693 675 772 ageret
694 684 770 753 sine
788 680 955 752 molestia.
1393 756 1397 765 ,

270 776 288 862 ᾗ
313 775 391 871 18..
408 774 511 841 Porro
529 783 643 842 autem
669 771 699 842 is
717 792 866 860 quoque,
885 772 947 859 qui
965 770 1068 861 paulo
1083 782 1162 841 ante
1179 769 1283 839 dictus
1302 755 1421 832 esttibi-

228 885 307 944 nus,
333 881 394 960 prii
410 860 590 959 convictus
607 858 672 931 fuit
692 881 759 931 non
786 874 875 932 recte
898 859 1111 949 dispensare,
1134 860 1219 930 sicut
1238 855 1323 946 prius
1341 848 1418 916 dtltffl

227 948 510 1042 perspicacitatis
528 949 574 1018 ita
597 949 699 1019 etiam
726 949 876 1019 Marcelli
899 950 1117 1020 curationum
1141 949 1266 1018 donum
1288 941 1419 1030 tuiteipo

226 1052 294 1110 tus.
320 1042 403 1107 llam
430 1038 459 1107 is
483 1059 620 1126 quoque
645 1039 764 1108 morbo
788 1037 976 1120 laborabat,
1003 1037 1119 1125 quiet
1144 1034 1313 1114 medicina,
1328 1042 1419 1122 etum

227 1127 423 1229 precatione
437 1139 520 1208 erat,
538 1141 575 1197 ut
601 1126 658 1196 ille
682 1126 835 1216 putabat,
864 1129 1031 1218 superior,
1058 1137 1092 1197 et
1121 1127 1207 1197 citra
1230 1123 1324 1196 ullam
1340 1114 1419 1186 dubita·

226 1229 354 1286 tionem
371 1227 513 1286 mortem
540 1215 775 1286 minitabatur.
792 1217 1002 1288 Accersitum
1018 1227 1133 1286 autem
1153 1226 1245 1306 rogat
1260 1210 1357 1282 adesse
1373 1208 1420 1296 lii·

226 1303 366 1385 cellum,
387 1325 453 1373 non
479 1315 517 1374 ut
539 1305 709 1394 acciperet
732 1307 943 1375 curationem
961 1306 1057 1395 (nam
1084 1304 1148 1374 hoc
1172 1326 1215 1373 iie
1235 1297 1364 1390 sperabat
1379 1312 1420 1378 oii-

226 1391 332 1480 dem),
347 1392 409 1492 sed
434 1403 471 1463 ut
490 1393 521 1462 ei
537 1392 714 1464 decedenti
730 1415 848 1485 preces
864 1394 1065 1465 concederet
1079 1393 1206 1463 viatici.
1232 1391 1287 1461 llle
1305 1407 1362 1456 reio
1376 1399 1420 1476 cilo

225 1493 437 1582 accessisset,
458 1482 609 1572 primum
634 1481 774 1570 quidem
790 1482 866 1573 ejus
892 1483 1049 1552 medetur
1072 1483 1228 1552 animae:
1252 1483 1330 1554 «lle,
1347 1475 1419 1557 iiiit-

225 1569 325 1672 ofili,
346 1581 413 1640 tam
432 1570 610 1640 humiliter
632 1583 664 1642 et
680 1572 822 1662 abjecte,
847 1584 963 1642 ettam
981 1571 1136 1642 humano
1152 1592 1244 1642 more
1264 1567 1301 1637 de
1316 1571 1363 1635 ia
1378 1579 1420 1629 stt·

227 1670 302 1760 tias,
321 1679 432 1760 neque
447 1659 548 1729 rebus
562 1661 687 1730 nostris
707 1659 860 1732 metiaris
878 1681 931 1731 res
951 1659 1059 1731 illius.
1078 1665 1161 1732 llam
1184 1671 1323 1730 nostrum
1338 1649 1419 1740 quidm

226 1748 365 1836 aliquis,
387 1747 450 1848 lior
473 1747 612 1836 quidem
631 1748 774 1822 sortasse
799 1760 918 1840 potest,
937 1748 1025 1818 illud
1042 1771 1121 1818 vero
1138 1749 1292 1818 minime:
1315 1749 1377 1813 ileos
1390 1756 1419 1803 u·

226 1849 292 1908 tem
306 1837 471 1906 omnibus
486 1849 518 1907 et
534 1838 669 1926 magnis
684 1851 717 1907 et
735 1838 848 1928 parvis
864 1861 904 1908 ex
923 1859 1032 1927 aequo
1048 1851 1099 1908 est
1143 1837 1292 1908 otentioi.
1309 1821 1420 1915 Quooob

224 1947 306 2018 ergo
324 1946 387 1994 nos
402 1925 541 2014 quidem
568 1925 670 2027 paulo
687 1939 765 1996 ante
785 1927 953 2017 pusillum
969 1939 1001 1997 et
1018 1859 1197 1996 sordidum
1219 1925 1361 2000 animum,
1375 1921 1418 1984 lot

224 2037 302 2086 vero
322 2035 420 2084 suam
444 2013 592 2084 ostendit
613 2015 905 2086 munificentiam:
925 2017 972 2085 ita
994 2016 1097 2086 etiam
1123 2015 1157 2084 in
1184 2015 1297 2085 morbo
1316 2006 1418 2079 eiistini.

225 2103 324 2206 illum
338 2102 528 2202 praeclare,
555 2115 593 2173 ut
614 2109 718 2174 Deum
745 2105 851 2186 decet,
872 2104 989 2174 omnia
1012 2116 1044 2174 et
1069 2125 1194 2194 magna
1219 2104 1328 2174 virtute
1345 2096 1416 2166 licen:

224 2215 285 2282 qui
302 2204 403 2292 etiam
422 2191 521 2262 nobis
537 2191 616 2262 data
632 2193 729 2263 venia
744 2192 1005 2275 incredulitatis,
1025 2192 1191 2282 largietur
1206 2189 1418 2263 salutemetiii

225 2283 275 2354 sic
299 2279 451 2360 dixisset,
470 2281 607 2351 animae
621 2283 833 2353 curationem
853 2283 1007 2373 corporis
1023 2302 1161 2369 quoque
1185 2283 1308 2352 sanitas
1326 2289 1363 2348 est
1377 2289 1419 2342 cii·

1392 2381 1402 2425 i

226 2379 342 2443 secuta
358 2392 365 2449 ;
387 2368 471 2439 adeo
488 2382 526 2440 ut
544 2381 659 2458 postea
675 2393 755 2441 cum
774 2392 841 2441 non
859 2382 928 2441 tam
946 2383 1073 2441 temere
1097 2369 1247 2448 vixisset,
1274 2367 1323 2439 sed
1339 2375 1419 2435 nteit

224 2459 332 2561 decet,
362 2458 423 2544 qui
450 2469 501 2529 est
528 2459 585 2560 Dei
611 2460 757 2541 amicus,
784 2460 885 2530 luerit
911 2459 1082 2540 sacerdos,
1110 2458 1240 2549 dignus
1262 2445 1421 2529 Marcellilt·

223 2560 335 2650 ctrina
354 2545 601 2648 etusaoerdotio.
629 2549 692 2617 Sed
716 2547 818 2636 quale
841 2559 892 2618 est
917 2549 980 2618 hoc
1005 2548 1096 2639 quod
1123 2548 1293 2635 sequitur?
1312 2547 1422 2636 quamtil

223 2635 412 2708 incredulis
435 2635 574 2723 quidem
604 2636 701 2707 valde
725 2637 886 2718 terribile,
909 2637 1002 2728 apud
1027 2636 1145 2707 fideles
1169 2650 1285 2708 autem
1306 2637 1334 2706 in
1353 2643 1423 2715 magd

116 2819 120 2826 ι
223 2726 370 2796 habetur
393 2723 643 2794 admiratione?

267 2817 285 2902 ἓ
304 2815 380 2887 1⁰.
405 2813 462 2883 Vir
481 2812 635 2901 quidam,
652 2813 713 2902 qui
730 2813 906 2885 laborabat
923 2814 1042 2884 morbo
1057 2827 1168 2885 sectae
1183 2815 1423 2886 Samaritanorum

222 2903 401 2972 laborabat
420 2903 573 2992 corporis
592 2905 710 2972 morbo
731 2903 991 2973 immedicabili.
1013 2907 1051 2972 ln
1063 2904 1142 2991 ejus
1157 2905 1250 2973 enim
1267 2903 1425 2994 corpoream

221 3003 360 3060 enatum
380 2989 518 3091 vulnus.
535 2995 715 3081 Unguenta
730 3003 857 3072 autom,
877 3004 909 3062 et
925 2992 1188 3073 medicamenta,
1207 3005 1240 3062 et
1257 3001 1426 3082 quaecunque

222 3080 266 3180 ab
294 3090 366 3148 orte
382 3077 647 3163 adhibebantur,
666 3081 960 3151 convincebantur
985 3080 1071 3150 nihil
1101 3103 1212 3171 posse.
1240 3083 1288 3152 id
1307 3087 1427 3152 extrem-‘ss

222 3181 337 3256 itaque
357 3189 453 3258 spem
470 3168 625 3258 adspexit
650 3168 867 3241 Marcellum:
885 3181 1013 3241 etcum
1037 3169 1080 3239 ad
1100 3192 1180 3240 eum
1199 3173 1347 3247 venisset,
1362 3160 1427 3234 statii

223 3280 302 3329 oum
327 3278 366 3327 eo
388 3259 457 3347 egit
481 3258 654 3347 precibus.
681 3258 742 3329 Ille
766 3270 890 3340 autem,
915 3272 947 3329 et
972 3259 1134 3346 quisnam
1166 3273 1265 3342 esset,
1297 3254 1398 3349 mgaiit
1413 3255 1428 3309 a

223 3346 328 3448 unde,
350 3356 383 3415 et
405 3367 575 3448 quaenam
594 3348 625 3416 ei
641 3361 730 3420 esset
745 3347 876 3436 religio.
895 3349 1043 3417 Omnino
1063 3370 1141 3418 vero
1159 3349 1242 3419 haee
1260 3371 1326 3419 non
1339 3343 1427 3416 lecisset

221 3456 290 3504 nisi
319 3434 362 3505 ad
398 3457 473 3526 ejus
496 3434 707 3526 adspexisset
738 3437 902 3506 animam.
934 3441 1016 3506 Cum
1047 3435 1429 3508 demandatione

222 3522 364 3610 quidem
380 3545 454 3595 esse
472 3525 743 3594 samaritanum
764 3523 982 3615 polliceretur
998 3547 1090 3610 vero,
1109 3526 1200 3614 quod
1218 3526 1246 3596 si
1266 3527 1367 3598 morbo
1384 3515 1427 3585 tii·

224 3621 368 3695 raretur‚
387 3627 418 3683 et
437 3613 593 3703 protinus
609 3635 708 3686 suam
726 3625 873 3684 mutaret
884 3614 1101 3696 opinionem,
1120 3627 1152 3685 et
1162 3615 1205 3684 ad
1220 3615 1429 3696 Christiania]

222 3699 347 3773 lubens
366 3702 540 3804 accederet
559 3703 782 3773 sententiam:
810 3713 969 3792 precatur
985 3725 1099 3785 senex,
1121 3717 1153 3773 et
1177 3725 1295 3794 preces
1316 3709 1429 3779 conseqtt·

223 3801 279 3863 tur
302 3803 445 3892 sanitas.
463 3795 545 3882 Cum
563 3813 644 3882 ergo
661 3792 774 3862 statim
800 3791 963 3864 edidisset
987 3791 1248 3873 confessionem,
1269 3805 1302 3863 et
1326 3793 1387 3862 riam
1402 3798 1428 3878 p·

222 3893 417 3980 clamasset
437 3901 626 3970 ingressus,
654 3880 808 3951 nondum
834 3893 981 3968 quatuor
1006 3879 1129 3951 diebus
1153 3882 1349 3972 praeteritis,
1362 3883 1425 3962 statim

221 3971 264 4040 ad
286 3989 434 4060 priorem
460 3969 639 4040 revertitur
661 3968 783 4042 falsam
809 3969 1020 4128 religionem,
1048 3971 1155 4050 oanis,
1183 3971 1294 4058 ajunt,
1320 3969 1426 4041 adom·

221 4074 309 4129 tum.
327 4057 504 4141 Quomodo
520 4071 633 4128 autem
651 4057 732 4130 fidei
749 4059 872 4130 rectitu
899 4059 954 4129 iiie
969 4059 1100 4129 curatio
1120 4081 1178 4130 cor
1203 4059 1286 4142 oris,
1307 4059 1345 4130 ita
1359 4050 1424 4123 niteo

220 4147 289 4217 side
306 4145 447 4218 morbus
464 4157 516 4219 est
537 4168 714 4218 accensus.
735 4152 824 4218 llaec
846 4169 923 4218 vero
940 4169 1157 4236 nequaquam
1176 4082 1326 4220 llitebant
1344 4131 1423 4214 land·

220 4233 307 4316 lum,
328 4235 385 4306 sed
403 4258 484 4306 cum
510 4257 631 4306 rursus
651 4236 692 4306 ad
714 4237 828 4328 ipsum
847 4236 1003 4307 rediisset
1027 4237 1275 4318 Samaritanus,
1293 4239 1323 4308 ei
1341 4227 1421 4322 qitteii

222 4323 404 4409 exprobrat
422 4325 665 4426 mutationem;
685 4347 806 4398 rursus
822 4338 935 4396 autem
956 4327 1151 4418 ignoscens,
1176 4326 1295 4396 morbo
1318 4321 1419 4396 meteor-

222 4412 306 4479 Cum
331 4433 409 4482 vero
430 4437 502 4504 Jani
528 4415 581 4488 bis
609 4429 641 4487 et
669 4426 718 4486 ter
741 4428 773 4486 et
801 4418 962 4508 saepius,
992 4415 1146 4508 corporis
1174 4415 1312 4506 quidem
1340 4405 1420 4484 norit-⁴
