2954 4816
26 287 90 353 osu.
113 289 150 352 Fi
369 307 406 353 nx
429 308 456 354 s.
484 304 642 354 caecomo
668 305 754 354 seon.
781 306 877 354 usar.
1153 287 1216 354 395

25 392 121 479 inquit,
139 389 300 462 adversus
323 388 403 461 deos
426 391 576 471 rebellis,
596 404 628 462 et
653 392 850 481 principum
876 393 1117 479 contemptori
1140 411 1157 456 η
1179 395 1262 460 San-

24 491 80 548 ctus
100 479 277 569 Gregorius
301 481 491 570 respondit:
519 502 537 546 e
563 480 598 549 Si
623 500 739 549 verum
767 480 855 549 scire
878 479 940 560 vis,
962 499 1025 568 ego
1049 478 1093 548 ab
1118 477 1263 548 inlantia

22 589 78 636 mea
99 589 270 656 nunquam
294 573 396 638 alteo
421 591 497 639 meo
515 569 651 651 recessi,
677 567 736 656 qui
759 589 813 637 me
836 589 876 637 ex
901 567 983 638 limo
1005 581 1112 636 terrae
1138 565 1262 638 forma-

22 657 64 724 rit.
84 681 99 722 a
121 657 259 726 Flaccus
282 657 386 728 dixit:
409 681 426 726 e
452 658 537 742 Quis
560 670 612 727 est
627 658 690 727 iste
706 661 794 726 Deus
814 660 953 727 tuost»
975 660 1121 729 Sanctus
1137 659 1262 745 Grego-

22 745 77 814 rius
97 745 284 836 respondit:
306 769 323 812 «
349 747 414 830 Qui
435 746 514 817 lecit
538 745 712 816 bominem
738 745 780 814 ad
800 745 986 836 imaginem
1008 755 1040 815 et
1060 744 1263 814 similitudi·
1362 775 1364 780 ’

21 854 80 902 oem
102 855 206 916 suam,
232 835 307 925 ipse
340 849 391 906 est
427 839 515 906 Deus
543 833 665 918 lortis,
698 839 786 904 Deus
811 834 1039 915 immortalis,
1067 833 1127 921 qui
1150 833 1263 903 reddit

21 922 180 1012 unicuique
199 922 390 994 seeundum
407 947 511 1015 opera
535 945 610 994 sua.
631 947 649 992 a
675 923 817 995 Flaccus
840 923 947 994 dixit:
966 945 984 990 c
1008 921 1083 994 noti
1100 941 1174 994 esse
1192 943 1263 992 ver-

21 1009 121 1091 bosus,
148 1011 204 1084 sed
229 1011 320 1100 quod
347 1013 408 1082 tibi
436 1013 628 1104 praecipio,
658 1012 693 1082 id
719 1011 836 1082 facias.
861 1035 878 1079 η
905 1017 1050 1086 sanctus
1078 1017 1142 1082 Gre
1167 1011 1263 1080 orius

21 1099 183 1188 respondit:
206 1123 224 1166 e
251 1101 347 1184 Quod
373 1103 555 1192 praecipis,
577 1103 649 1193 jam
676 1102 758 1174 scio:
785 1100 878 1188 quod
904 1123 957 1170 me
980 1111 1112 1190 oportet
1136 1033 1259 1182 beers,

21 1187 71 1255 hoc
90 1211 155 1278 ago.
178 1189 358 1260 »Flaccus
380 1189 486 1261 dixit:
506 1212 524 1258 e
542 1196 630 1282 Ergo
646 1191 675 1259 si
695 1212 755 1280 pro
774 1190 884 1260 salute
905 1202 961 1258 tua
979 1189 1065 1280 agis
1082 1188 1263 1278 ingredere

21 1275 157 1364 templum
183 1278 364 1358 mirabile,
392 1293 425 1350 et
448 1279 604 1350 sacrilica
635 1279 703 1348 diis
729 1278 886 1381 magnis,
912 1277 1008 1360 lovi,
1036 1277 1207 1348 Minervae
1231 1288 1264 1346 et

21 1365 144 1454 lsclepio
167 1367 383 1448 honorabili,
416 1380 448 1438 et
478 1368 586 1438 multa
611 1368 701 1437 bona
726 1367 1032 1438 invictissimorum
1064 1367 1263 1456 principum

21 1455 221 1541 consequeris
248 1471 281 1526 et
301 1471 415 1528 noster
439 1458 574 1528 amicus
596 1457 676 1527 eris.
701 1480 718 1524 η
745 1461 890 1526 Sanctus
914 1455 1098 1545 Gregorius
1119 1475 1263 1546 respon·

21 1541 110 1609 ditze
133 1549 197 1635 Ego
221 1545 394 1616 amicitias
418 1559 546 1618 vestras
571 1567 638 1618 non
664 1547 884 1632 concupisco,
912 1566 973 1614 nec
997 1544 1154 1614 sacrifico
1182 1545 1262 1614 dee·-

22 1631 164 1726 poribus,
181 1634 240 1703 sed
270 1639 335 1704 Deo
360 1657 435 1704 meo
457 1641 541 1704 lesu
566 1635 709 1706 Christo.
731 1657 749 1702 a
771 1633 913 1704 Flaccus
936 1632 1042 1702 dixit:
1061 1655 1078 1699 e
1103 1638 1197 1716 Quae
1213 1644 1265 1702 est

24 1721 127 1790 insania
151 1724 226 1805 ista,
251 1724 356 1792 miser
380 1723 532 1814 Gregori,
559 1737 699 1810 quaele
723 1723 901 1814 possidet?
926 1723 1019 1792 Scias
1043 1733 1075 1790 te
1100 1723 1160 1791 tibi
1184 1743 1263 1812 poe÷

25 1827 70 1876 nas
88 1809 285 1882 durissimas
308 1812 499 1883 cumulare.
524 1837 542 1880 a
563 1819 708 1884 Sanctus
732 1813 917 1903 Gregorius
942 1808 1139 1899 respondit:
1163 1832 1180 1877 η
1208 1815 1263 1880 ln·-

26 1915 103 1966 saoas
122 1920 181 1992 ego
199 1923 380 1991 nunquam
405 1900 468 1984 lui,
486 1901 543 1972 sed
571 1915 608 1973 tu
633 1902 759 1992 potius,
777 1903 836 1991 qui
862 1905 1051 1970 Creatorem
1079 1911 1176 1968 tuum
1195 1921 1262 1968 non

26 1990 150 2071 agnoscis
181 1990 365 2060 Dominum
389 1995 507 2063 lesum
533 1989 718 2061 Christum.
749 1995 831 2062 Nam
859 1995 991 2070 lovem,
1014 1989 1199 2057 Minervam
1231 1999 1264 2058 et

25 2074 197 2162 lsclepium,
218 2100 309 2166 quos
332 2078 431 2162 dicis,
454 2079 640 2150 daemones
667 2101 742 2149 esse
768 2078 988 2160 manifestum
1014 2089 1075 2146 est.
1098 2099 1115 2144 a

40 2165 118 2256 Δξθ.
136 2167 277 2238 Flaccus
292 2166 388 2238 dixit:
405 2191 423 2236 «
440 2168 599 2259 Golapbis
615 2168 816 2238 contundite
832 2167 988 2237 maxillas
1005 2165 1091 2252 eius,
1107 2165 1263 2234 dicentes

25 2267 54 2346 tr:
68 2254 129 2322 Noli
146 2256 225 2326 deos
252 2257 505 2346 blasphemare,
530 2279 591 2328 nec
615 2269 801 2328 contumax
823 2278 910 2326 esse.
929 2279 947 2323 a
966 2260 1112 2326 Sanctus
1137 2259 1264 2343 Grego-

26 2355 78 2406 nus
98 2345 282 2434 respondit:
300 2369 318 2412 e
337 2350 525 2417 Contumax
551 2369 729 2434 nunquam
752 2344 818 2415 sui:
840 2367 898 2416 vos
918 2367 996 2414 vero
1013 2342 1161 2414 ministri
1180 2343 1263 2414 estis

26 2439 142 2512 satanae,
167 2431 331 2506 facientes
351 2433 560 2505 voluntatem
585 2435 673 2523 ejus.
702 2459 719 2502 a
744 2436 911 2504 Fircanus
934 2433 1035 2503 dixit:
1055 2456 1072 2500 r
1089 2432 1263 2502 ldmoneo

26 2524 55 2590 te,
73 2521 207 2610 Gregori‚
226 2522 370 2593 immola
394 2522 473 2605 diis,
488 2535 672 2611 antequam
699 2544 825 2612 corpus
850 2535 947 2593 tuum
974 2522 1260 2592 exterminetur.»

27 2603 139 2678 Sanctus
160 2611 344 2704 Gregorius
369 2612 563 2702 respondit:
584 2634 603 2679 c
622 2610 743 2683 Melius
762 2624 812 2681 est
837 2612 923 2680 mibi
946 2609 1167 2680 exterminari
1187 2630 1262 2678 cor-

27 2709 73 2788 pus
93 2718 208 2781 meum,
234 2722 342 2788 quam
372 2701 539 2770 animam.
574 2701 686 2772 Facite
710 2700 799 2787 quod
832 2699 946 2770 vultis.
974 2723 993 2766 a
1018 2699 1159 2768 Flaccus
1182 2717 1263 2767 cum

28 2779 139 2855 lucano
153 2787 333 2858 dixerunt:
355 2811 372 2856 η
393 2789 533 2872 Accede,
552 2803 584 2859 et
608 2788 764 2860 sacrifica
789 2789 868 2871 diis,
885 2802 1069 2876 antequam
1098 2788 1218 2876 poenis
1234 2799 1265 2854 te

27 2875 277 2964 excruciemus.»
298 2880 443 2948 Sanctus
468 2879 653 2970 Gregorius
673 2877 870 2967 respondit:
891 2899 908 2944 e
933 2883 1009 2946 lam
1039 2877 1100 2947 tibi
1125 2875 1207 2954 dixi,
1233 2884 1266 2942 et

27 2953 91 3038 l¹⁰⁰‚
107 2983 166 3032 non
192 2966 349 3037 sacrifico
366 2967 559 3038 daemoniis
579 2967 711 3048 vestris,
731 2967 788 3036 sed
816 2965 958 3035 Domino
977 2987 1052 3036 meo
1068 2971 1151 3036 lesu
1168 2964 1265 3033 Chri-

28 3057 71 3124 sto,
85 3053 137 3135 ttui
150 3051 225 3124 lecit
244 3056 380 3126 coelum
396 3067 429 3126 et
446 3069 583 3138 terram,
604 3077 698 3124 mare
714 3069 747 3124 et
765 3055 882 3125 omnia
901 3075 988 3142 quae
1009 3055 1042 3122 in
1065 3055 1115 3123 eis
1135 3068 1228 3123 sunt.
1247 3075 1264 3118 a

29 3131 137 3208 Flaccus
158 3142 261 3215 dixit:
281 3167 300 3210 η
319 3149 437 3215 Fustes
462 3145 610 3216 nodosos
634 3144 762 3225 allerte,
789 3156 821 3214 et
845 3142 988 3216 dorsum
1013 3143 1089 3234 ejus
1114 3141 1264 3228 verberi-

31 3215 76 3290 bus
99 3233 267 3325 rumpite,
306 3233 484 3303 dicentes:
518 3238 607 3303 Haec
633 3233 812 3323 patiuntur
840 3231 899 3319 qui
924 3243 1006 3301 sunt
1029 3232 1095 3302 diis
1122 3229 1266 3300 rebelles

29 3321 49 3375 tt
65 3319 236 3406 principum
263 3333 529 3412 contemptores.
550 3327 732 3394 »Sanctus
756 3321 942 3410 Gregorius
966 3320 1033 3390 ait:
1053 3342 1071 3386 η
1089 3324 1160 3389 Ηηη
1177 3319 1266 3388 scire

31 3403 139 3501 ¹⁰.l9l⁰=
154 3409 281 3493 Flaccc,
300 3433 361 3500 pro
387 3411 499 3492 malis,
515 3432 603 3498 quae
628 3413 662 3480 in
689 3431 764 3480 meo
780 3431 916 3479 exerces
939 3430 1094 3499 corpore,
1112 3406 1267 3497 duplicia

31 3487 90 3558 mla
112 3495 190 3568 bona
209 3501 342 3571 restitui
368 3499 402 3568 in
427 3500 533 3570 coelo.
563 3522 580 3565 »
607 3499 748 3569 Flaccus
772 3499 880 3568 dixit:
908 3520 925 3564 η
953 3497 1075 3567 Vertite
1100 3495 1268 3578 illum,·et

32 3591 145 3652 ventrem
168 3589 239 3677 ejus
266 3588 417 3659 fustibus
441 3588 619 3679 dissipate.
643 3612 661 3655 a
685 3592 771 3657 Tum
798 3591 830 3656 S.
853 3587 1039 3676 Gregorius
1065 3586 1204 3656 intuens
1230 3585 1266 3654 in

33 3665 143 3764 tulum,
168 3676 212 3756 ita
230 3679 375 3750 orabat:
403 3700 421 3744 <r
453 3678 611 3747 Miserere
634 3697 731 3747 servo
755 3688 825 3757 tuo,
846 3681 946 3756 Deus,
967 3685 1110 3758 sanctus
1134 3672 1264 3760 lsrael:

34 3767 159 3848 rumore
181 3766 315 3836 inimici
339 3766 433 3856 eripe
457 3768 609 3836 animam
641 3787 764 3837 meam.
799 3764 1010 3834 »Fircanus
1038 3785 1117 3832 cum
1146 3762 1267 3836 Flacco

35 3835 173 3935 luerunt:
195 3877 212 3921 e
238 3855 397 3926 Miserere
412 3857 474 3938 tui,
492 3869 676 3943 antequam
703 3851 881 3924 moriaris:
902 3853 934 3921 jd
951 3853 1043 3922 enim
1065 3852 1125 3921 tibi
1141 3873 1268 3922 consu-

37 3921 110 4030 lpus
130 3953 163 4008 ut
183 3945 299 4014 amici.
319 3968 337 4012 a
359 3949 504 4015 Sanctus
521 3944 706 4034 Gregorius
730 3939 931 4032 respondit:
959 3964 977 4009 <t
1003 3940 1134 4011 Recede
1154 3963 1172 4010 a
1199 3961 1265 4022 me,

40 4031 155 4095 ηηηηῑηη
175 4046 336 4104 satanae:
364 4044 484 4103 vacant
516 4033 706 4102 oblationes
731 4044 821 4102 tuae.
856 4029 957 4100 Adest
990 4031 1076 4100 nribi
1101 4029 1268 4101 Dominus

41 4099 106 4178 lesus
122 4117 265 4192 Christus
288 4123 332 4192 ad
353 4121 616 4193 confortandum
640 4143 694 4190 me
710 4120 746 4189 in
772 4119 975 4191 vulneribus
1000 4120 1134 4190 mele.»

68 4195 130 4278 ll.
152 4208 288 4283 Flaccus
313 4212 417 4282 dixit:
436 4235 454 4278 e
480 4215 570 4281 llaec
594 4222 645 4280 est
670 4210 807 4279 insania
831 4222 901 4291 tua,
926 4210 1041 4290 miser,
1061 4229 1150 4294 quae
1170 4218 1200 4276 te
1218 4207 1268 4278 vi·

46 4295 159 4362 tlteuon
176 4301 349 4387 permittit.
371 4323 389 4367 a
415 4305 561 4371 Sanctus
585 4299 770 4390 Gregorius
796 4298 992 4387 respoudit:
1016 4321 1034 4365 e
1056 4295 1198 4367 Etiamsi
1220 4310 1268 4367 to·

46 4371 218 4475 llucorpus
243 4412 360 4460 meum
384 4389 551 4470 occidas,
587 4387 753 4458 Dominus
787 4388 940 4456 animam
974 4408 1082 4456 meam
1115 4384 1203 4456 fovet
1237 4397 1269 4458 et
