2960 4824
66 253 128 317 ott.
153 253 188 318 43
322 273 362 318 nr
386 271 430 319 ss.
457 271 644 331 uusrnarro,
671 271 830 320 curenno
853 268 922 318 arc.
949 271 1006 318 uu.
1194 255 1257 320 317

63 355 86 422 in
104 355 241 426 secundo
256 355 330 444 ejus
353 355 439 426 libro
455 377 494 425 ea
518 377 607 442 quae
631 355 680 426 sic
701 367 781 426 suut
802 356 929 444 posita:
958 361 1046 425 Deus
1065 357 1230 442 quoniam
1247 370 1299 428 est

62 443 155 524 bonus,
178 445 334 516 omniurn
357 443 524 514 bonorum
541 443 643 514 luerit
658 467 775 525 causa,
798 445 886 516 sicut
907 444 1008 514 veluti
1029 444 1200 516 dicimus:
1222 468 1295 516 ma·

60 531 145 601 lorum
158 547 268 604 antem
288 554 504 620 nequaquam
521 555 638 602 causa.
654 537 692 602 Et
705 534 874 603 bonorum
885 533 1025 620 quidem
1037 531 1171 604 nullum
1187 535 1295 606 aliurn

58 620 185 691 dicemus
200 643 276 693 esse
295 643 449 702 causam,
469 622 534 691 nisi
558 627 680 691 Deum:
700 619 869 691 malorum
894 634 1006 691 autem
1035 642 1102 692 non
1127 645 1297 694 essecau·

58 731 122 778 sam.
146 710 202 779 Sed
229 709 313 797 quid
340 730 427 798 opus
449 723 500 779 est
526 710 570 779 ab
588 710 656 779 alio
681 713 867 797 quaerere?
892 715 962 780 Non
993 723 1044 780 est
1067 732 1148 802 ergo
1172 711 1297 782 admit-

57 798 154 867 tendus
171 803 342 869 Homerus
365 812 397 868 et
419 798 479 868 alii
497 801 624 880 Poetae,
647 799 706 884 qni
731 798 852 870 dicunt
878 804 994 868 Jovem
1023 821 1099 870 esse
1122 812 1295 870 auctorem

56 885 195 956 bonorum
215 887 449 957 etmalorum.
470 886 586 957 violati
605 909 687 974 ergo
701 887 934 977 jurlsjurandi
952 901 984 957 et
998 887 1132 960 consusi
1150 888 1298 958 foederis

53 975 226 1046 alendoro
251 975 416 1046 adversus
432 979 576 1046 Graecos
601 977 779 1056 rationem,
808 997 875 1044 non
901 976 958 1046 hic
981 977 1126 1067 Jupiter,
1156 990 1192 1048 nt
1216 977 1303 1048 dicit

53 1067 142 1144 Poeta,
156 1065 349 1154 procuravit
361 1086 420 1155 per
437 1065 633 1134 Minervam.
656 1069 726 1134 Non
752 1063 974 1134 laudabimus
989 1077 1102 1136 autem
1120 1067 1297 1155 optionem

52 1151 84 1220 ad
99 1175 192 1240 quam
207 1155 282 1244 ipse
295 1152 392 1223 duxit
404 1174 474 1234 eos,
496 1174 583 1240 qnos
601 1167 635 1222 tn
652 1152 734 1224 deos
746 1153 932 1222 existimas.
954 1153 1041 1222 Dixit
1059 1176 1135 1224 vero
1152 1154 1301 1244 descby·

54 1239 106 1314 lus.
123 1246 221 1311 Deum
248 1264 388 1312 causam
416 1240 604 1331 producere
620 1240 833 1322 mortalibus,
852 1241 990 1329 quando
1016 1241 1088 1313 vult
1106 1243 1227 1313 domos
1248 1241 1300 1312 as-

53 1327 146 1400 noce
160 1344 193 1400 et
207 1342 358 1400 evertere
374 1328 548 1402 funditus:
576 1329 668 1400 Plato
688 1345 803 1400 antem
830 1331 862 1398 in
881 1353 943 1400 sua
960 1330 1096 1401 civitate
1120 1332 1297 1402 neminem

52 1383 107 1487 vult
124 1419 204 1489 baec
224 1419 339 1490 dicere
355 1433 415 1490 aut
428 1419 561 1501 audire,
590 1440 700 1506 neque
718 1419 895 1508 juvenem,
915 1440 1024 1506 neque
1049 1441 1179 1490 senem.
1202 1419 1302 1492 Nesa-

48 1505 122 1576 rium
146 1509 238 1578 enim
264 1521 327 1590 est,
355 1512 459 1578 Deum
486 1506 592 1576 luisse
615 1507 847 1598 parricidam,
874 1507 963 1578 sicut
988 1507 1042 1577 bic
1065 1510 1211 1598 iupiter,
1239 1511 1300 1598 qui

49 1615 126 1664 nunc
142 1597 303 1667 colitura
321 1597 426 1678 vobis,
445 1594 534 1678 lecit,
556 1597 615 1683 qni
633 1618 735 1666 suum
754 1609 882 1687 patrem
909 1600 1095 1666 Saturnum
1122 1597 1244 1687 dejecit
1261 1597 1303 1667 de

47 1683 145 1764 coelis,
172 1697 207 1755 et
235 1706 315 1754 eum
339 1686 514 1755 contrivit:
538 1698 599 1754 aut
622 1683 749 1754 lactum
774 1706 848 1754 esse
873 1705 1036 1774 cygnum,
1057 1698 1094 1754 nt
1120 1685 1299 1756 mortalem

48 1771 204 1862 deciperet
228 1773 407 1844 mulierem
433 1787 465 1843 et
488 1796 562 1844 eam
582 1773 724 1844 vitiaret.
747 1779 921 1844 Praeterea
952 1793 1029 1844 vero
1055 1795 1176 1846 rursus
1200 1797 1303 1865 aegre

49 1859 99 1930 lert
117 1862 221 1942 Plato,
243 1862 334 1949 quod
356 1863 438 1933 ssetn
452 1874 484 1933 et
506 1861 665 1932 muliebri
692 1862 826 1932 insania
850 1875 1028 1950 correptus
1052 1861 1138 1934 deus
1164 1877 1255 1946 tuus,
1284 1883 1303 1932 o

46 1950 165 2034 tuder,
192 1951 318 2022 defleat
352 1949 643 2022 inconsolabiliter
669 1961 810 2020 mortem
842 1951 1060 2041 Sarpedonis.
1088 1955 1135 2020 dn
1163 1974 1228 2022 non
1258 1953 1303 2021 ita

46 2043 104 2106 est?
120 2045 166 2110 An
189 2061 260 2110 non
278 2053 359 2110 sunt
383 2041 510 2129 scripta
527 2040 561 2108 in
587 2038 686 2110 libris
699 2041 819 2109 vestris
838 2041 955 2109 omnia
972 2039 1153 2110 sabulosa?
1178 2043 1211 2110 Si
1231 2039 1304 2129 ipse

46 2139 143 2197 autem
161 2129 304 2218 sapiens
321 2128 413 2198 Plato
430 2141 537 2202 vester
555 2129 712 2217 scriptor,
738 2149 817 2200 eum
847 2127 949 2197 deum
982 2149 1055 2198 esse
1083 2128 1241 2219 denegat,
1268 2140 1301 2199 et

43 2215 126 2298 jnbet
148 2217 325 2286 neminem
345 2217 532 2296 bominem,
553 2217 611 2286 cui
628 2216 736 2286 virtus
750 2229 801 2286 est
816 2238 919 2286 curae
939 2215 1067 2287 imitari
1093 2219 1177 2290 tales
1195 2217 1302 2286 animi

48 2306 326 2386 perturbationes:
353 2326 416 2374 cur
432 2327 489 2376 vos
515 2305 607 2395 ipsos
631 2304 845 2386 submittitis,
872 2325 1017 2392 quarum
1040 2306 1139 2396 impii
1157 2306 1302 2378 convicti

46 2391 182 2474 luerunt,
203 2393 411 2475 actionibus,
433 2407 466 2464 et
482 2415 544 2464 nos
561 2415 619 2464 eos
638 2392 738 2462 bodie
756 2392 899 2463 adorare
915 2395 1060 2482 cogitis?
1077 2418 1094 2462 »

79 2482 95 2567 l
116 2488 196 2558 88.
222 2483 312 2553 Dixit
330 2487 488 2554 Praeses:
505 2504 524 2548 r
543 2488 648 2551 Tuam
667 2480 737 2550 lero
753 2481 933 2552 andaciam
953 2495 1091 2572 propter
1107 2505 1195 2562 eam,
1215 2504 1302 2568 quae

44 2569 70 2634 in
97 2592 147 2639 me
176 2573 292 2652 inest,
328 2570 593 2661 philosophiam.
621 2569 685 2639 Sed
711 2582 747 2640 tn
766 2592 902 2658 quoqne
920 2569 977 2642 dic
996 2571 1097 2642 mihi:
1126 2575 1233 2654 Quem
1259 2585 1296 2641 tu

41 2656 113 2728 colis
132 2664 255 2740 Deum,
276 2660 448 2747 quomodo
466 2681 545 2728 cum
563 2671 651 2730 esset
667 2658 780 2740 bomo,
801 2659 1038 2746 deductusque
1062 2658 1165 2730 luerit
1181 2658 1224 2728 ad
1243 2659 1301 2748 ju·

40 2743 172 2830 dicium,
192 2750 279 2818 etin
297 2769 434 2820 crucem
452 2759 561 2828 actus,
581 2752 669 2818 Deus
683 2769 768 2828 esse,
786 2760 836 2818 est
852 2770 871 2818 a
890 2747 984 2818 vobis
1001 2752 1161 2839 putatus?
1179 2772 1197 2815 »
1215 2752 1299 2818 San-

40 2849 106 2904 ctns
120 2837 209 2908 dixit
227 2837 438 2908 Eustratius:
456 2859 475 2904 «
493 2837 526 2906 Si
544 2858 598 2906 me
619 2836 785 2926 patienter
807 2836 941 2918 audias,
970 2837 1119 2925 primurn
1142 2849 1173 2908 te
1193 2837 1298 2908 inter·

42 2926 156 3008 rogabo
180 2947 236 3005 ea,
263 2947 350 3012 quae
366 2925 565 3017 cogitationi
582 2945 676 2994 meae
695 2938 777 2994 sunt
802 2925 995 3014 proposita:
1022 2937 1054 2994 et
1078 2937 1160 2995 tunc
1184 2926 1297 2996 dicam

40 3011 151 3083 ordine
169 3013 204 3084 id
222 3013 314 3101 quod
331 3037 349 3082 a
366 3035 420 3084 me
435 3013 625 3102 quaesiisti.
643 3036 661 3080 v>
676 3013 761 3082 Dixit
782 3019 937 3082 Praeses:
958 3035 977 3079 v
1000 3014 1140 3084 Dabitur
1159 3015 1303 3084 omnino

40 3099 92 3170 tibi
101 3114 260 3258 potestas
275 3114 307 3171 et
322 3116 515 3202 opportune
530 3116 562 3171 et
579 3103 774 3191 importuna
789 3101 926 3172 dicendi
943 3101 1035 3188 quod
1054 3103 1115 3172 vis.
1129 3104 1187 3173 Dic
1204 3103 1305 3174 nobis

40 3209 99 3274 quo
144 3191 243 3263 velis.
266 3213 283 3258 »
304 3191 390 3261 Dixit
405 3191 618 3262 Eustratius:
645 3194 826 3260 «Omnem
847 3190 1021 3260 bominem
1040 3193 1101 3278 qui
1125 3204 1175 3261 cst
1200 3213 1305 3262 sanae

40 3279 169 3362 mentis,
190 3280 353 3350 convenit
373 3283 476 3352 Deum
502 3279 696 3348 existimare
715 3279 862 3368 justum,
890 3279 950 3366 qui
968 3278 1215 3370 comprehendi
1237 3301 1304 3350 non

41 3381 152 3451 potest,
172 3389 288 3456 neque
313 3365 441 3468 effingi,
461 3389 571 3456 neque
597 3367 709 3438 verbis
721 3367 907 3458 explicari:
925 3380 1044 3455 estque
1062 3367 1303 3464 immutabilis,

38 3466 65 3522 et
79 3455 212 3527 divinis
235 3455 310 3528 suis
334 3456 433 3527 bonis
451 3477 589 3526 omnem
606 3467 748 3544 superat
765 3467 961 3545 potestatem
980 3479 987 3542 ;
1013 3479 1056 3526 an
1079 3478 1146 3527 non
1172 3457 1219 3526 ita
1239 3456 1302 3527 tibi

39 3543 177 3626 videtur,
196 3543 311 3616 Judex
324 3544 597 3634 sapientissime?
611 3567 628 3612 »
643 3544 731 3615 Dixit
745 3549 881 3616 Praeses
894 3568 930 3612 :v
947 3549 997 3616 lta
1013 3545 1200 3616 arbitror.»
1216 3546 1305 3616 Dixit

38 3647 173 3704 sanctus
205 3633 417 3705 Eustratius:
445 3657 463 3702 v<
492 3636 563 3704 lloc
586 3654 722 3720 quoque
749 3631 965 3723 adjiciemus,
986 3635 1017 3704 ei
1042 3635 1183 3704 omnino
1216 3633 1306 3704 nibil

38 3719 162 3794 deesse.
194 3728 374 3794 »Praeses
398 3722 501 3792 dixit:
531 3744 549 3788 v
577 3722 775 3792 Omnino.»
805 3725 950 3792 Sanctus
978 3722 1063 3792 dixit
1091 3723 1306 3794 Eustratius:

38 3811 156 3894 «Quid
187 3815 295 3902 ergo?
315 3810 478 3880 Dabimus
503 3831 546 3878 ne
568 3809 703 3896 aliquos
729 3809 832 3882 etiam
859 3809 945 3880 alios
970 3831 1044 3880 esse
1067 3810 1172 3894 deos,
1194 3823 1226 3882 et
1249 3833 1308 3882 eos

36 3901 221 3971 consistere
245 3901 333 3970 intra
358 3900 458 3980 banc,
480 3920 584 3987 quam
609 3897 770 3978 dicimus,
792 3897 837 3968 ab
859 3899 998 3969 interitu
1017 3898 1165 3970 alienam
1187 3919 1306 3972 essen-

39 3985 139 4057 tiam?
156 3987 226 4060 Sed
245 4002 296 4060 est
312 3987 501 4059 absurdum
519 3986 610 4075 quod
627 3986 764 4058 dicitnr.
785 3987 926 4070 Quodsi
943 3987 994 4058 vel
1013 4010 1136 4078 parum
1156 3989 1240 4078 quid
1257 3991 1309 4061 eis

39 4075 117 4147 lesit
134 4077 247 4166 bujns
263 4077 380 4148 beatae
395 4075 616 4156 conditionis,
644 4098 712 4146 non
736 4067 896 4158 arbitror,
923 4099 980 4147 eos
1011 4078 1199 4148 existimari
1225 4077 1307 4150 deos

41 4163 75 4232 ab
100 4165 320 4238 bominibus.
349 4171 416 4237 Deo
439 4166 532 4236 enim
559 4163 645 4236 nihil
676 4165 780 4246 deest,
809 4176 847 4234 ut
877 4167 973 4254 prius
995 4166 1125 4237 dictum
1151 4180 1223 4238 est:
1251 4164 1308 4238 cui

40 4255 185 4332 credere,
207 4269 241 4325 et
257 4277 358 4343 quem
379 4256 524 4327 adorare
538 4265 669 4345 oportet
688 4273 807 4324 omnes
822 4253 989 4326 homines.
1011 4279 1029 4324 v>
1045 4256 1132 4326 Dicit
1148 4262 1309 4328 Praeses:

44 4347 122 4412 elta
140 4345 260 4414 habet.
281 4351 462 4416 »Sanctus
485 4345 568 4414 dicit
589 4339 794 4414 Eustratius:
816 4343 937 4426 «Quid
958 4348 1060 4436 ergo?
1078 4343 1176 4418 multi
1195 4345 1245 4415 tui
1261 4345 1311 4415 dii
