2960 4824
228 334 292 398 350
573 351 613 398 nr
637 351 665 398 s.
692 349 826 398 nussam
850 351 900 398 aa.
926 349 1072 399 vascam.
1295 333 1369 397 utu.
1394 335 1426 397 lo·

227 437 246 524 ἓ
269 439 315 508 8.
337 435 398 506 llis
421 455 502 525 ergo
533 433 616 504 dum
642 433 815 505 afficimur
838 434 1126 524 cogitationibus,
1153 449 1187 506 et
1207 457 1339 507 omnem
1359 457 1425 504 eon-

184 523 384 594 solationem
406 522 563 604 fratrum,
581 523 642 610 qui
658 523 702 593 ad
718 545 776 594 vos
792 545 810 592 e
826 523 971 594 diversis
995 525 1177 595 veniebant
1196 524 1377 616 provinciis,
1391 521 1425 592 ad

183 613 337 684 dolorem
363 611 474 702 magis
491 611 666 682 absentiae
688 624 831 693 vestrae,
856 635 960 700 quam
978 613 1020 682 ad
1042 611 1204 685 laetitiam
1232 627 1424 693 verteremus,

183 702 248 772 hoc
274 712 445 792 praestare
465 700 628 802 dignatus
651 713 703 772 est
725 701 905 783 Dominus,
927 713 966 772 ut
990 701 1037 784 id,
1063 701 1106 771 de
1122 725 1191 790 quo
1207 724 1299 772 eram
1322 700 1427 771 solliei-

183 802 250 873 tus,
271 811 338 860 non
359 789 471 859 solum
497 789 619 859 litteris
643 789 850 860 sinceritatis
879 803 1019 872 vestrae,
1042 791 1100 860 sed
1130 805 1162 862 et
1188 791 1369 882 praesentia
1384 811 1427 858 ca·

183 901 299 949 rorum
322 891 531 960 nostrorum,
554 877 631 967 Syri
645 878 781 948 diaconi
799 891 831 949 et
848 879 1013 949 Victorini
1028 881 1227 960 exorcistae,
1250 897 1427 969 cognoscere

183 966 366 1058 potuerim.
393 967 521 1057 Agnovi
546 967 672 1054 itaque,
701 967 822 1038 iratres
843 967 1026 1049 carissimi,
1048 990 1118 1052 vos,
1136 981 1175 1039 ut
1197 967 1423 1046 desiderabam,

182 1077 256 1126 esse
280 1055 482 1126 incolumes.
511 1059 550 1124 Et
597 1055 671 1124 uasi
692 1055 807 1127 subito
831 1068 968 1146 raptum
993 1059 1089 1126 omni
1115 1057 1360 1148 longinquitate
1381 1067 1427 1122 ter·

182 1167 299 1215 rarum
324 1143 378 1234 (ut
401 1077 714 1214 uabacuclaetum
738 1156 807 1226 est,
834 1146 895 1246 qui
928 1167 988 1236 per
1011 1146 1177 1236 Angelum
1212 1157 1360 1238 portatus
1379 1143 1427 1212 luit

181 1255 292 1320 usque
307 1233 348 1302 ad
360 1231 559 1322 Danielem),
575 1233 625 1302 sic
640 1253 694 1302 me
706 1233 862 1323 judicant
874 1233 915 1303 ad
937 1255 995 1304 vos
1012 1235 1218 1324 pervenisse.
1237 1240 1320 1305 Dum
1335 1245 1425 1303 autem

182 1321 399 1412 singulorum
425 1320 555 1392 litteras
582 1321 738 1412 accipio,
764 1321 918 1411 dumque
941 1335 1078 1393 sanctos
1105 1323 1243 1394 animos
1272 1335 1388 1393 vestros
1406 1331 1427 1388 et

182 1431 332 1481 amorem
348 1411 382 1480 in
399 1409 537 1510 scriptis
552 1410 674 1482 vestris
691 1432 866 1501 percurro,
882 1411 1116 1483 miscebantur
1130 1413 1217 1482 mibi
1232 1433 1310 1482 cum
1327 1409 1427 1500 gaudio

183 1500 253 1569 laer
280 1520 366 1580 mae,
381 1499 546 1568 etavrdus
558 1497 600 1568 ad
615 1498 798 1588 legendum
815 1501 966 1583 animus,
982 1503 1207 1591 occupatione
1221 1502 1426 1591 laerymarum

97 1598 100 1606 '
181 1522 371 1658 tenebatur.
395 1591 434 1657 Et
449 1603 547 1658 erant
570 1600 714 1688 utraque
740 1590 945 1671 necessaria,
964 1601 1003 1659 ut
1026 1589 1156 1691 singuli
1180 1611 1306 1660 sensus
1330 1589 1361 1657 in
1383 1587 1428 1654 boc

181 1675 471 1767 complementum
505 1675 667 1746 desiderit
699 1698 761 1746 sua
790 1676 984 1748 dilectionis
1013 1677 1125 1747 officia
1159 1690 1327 1770 cuperent
1357 1695 1428 1766 prae·

181 1765 309 1836 venire.
336 1765 390 1835 Sic
415 1787 476 1855 per
504 1763 579 1834 dies
604 1765 639 1833 in
664 1766 888 1856 occupatione
913 1765 977 1836 bac
1001 1767 1177 1837 vobiscum
1210 1789 1267 1838 me
1295 1761 1428 1836 famulari

176 1853 352 1945 judicans,
381 1853 578 1943 praeteritos
603 1853 736 1926 labores
761 1853 997 1925 obliviscebar.
1025 1860 1076 1926 lta
1098 1857 1189 1925 enim
1214 1856 1366 1942 undique
1382 1853 1430 1920 eir·

180 1943 392 2014 cumdabant
416 1963 469 2012 me
493 1941 632 2033 gaudia,
660 1943 741 2012 hinc
765 1942 921 2013 stabilem
950 1943 1078 2026 iidem,
1106 1945 1187 2014 binc
1208 1944 1427 2016 dilectionem.

179 2032 262 2102 hinc
285 2031 435 2101 fructum
463 2031 683 2120 porrigentia.
709 2040 748 2100 ut
772 2031 806 2100 in
839 2043 886 2102 tot
909 2043 942 2102 et
971 2033 1074 2104 tantis
1097 2034 1307 2105 constitutus
1331 2031 1428 2102 bonis.

180 2120 294 2277 anguto
319 2142 373 2190 me
394 2121 458 2210 (ut
482 2120 642 2210 superius
666 2119 763 2210 dixi)
787 2141 854 2190 non
882 2121 916 2189 in
940 2119 1072 2204 exsilio,
1092 2122 1150 2192 scd
1177 2123 1355 2194 vobiscum
1377 2137 1430 2188 esse

196 2232 218 2280 u
246 2231 385 2279 acerem.
876 2229 885 2244 ·

177 2233 190 2298 J
223 2299 308 2386 Μ.
335 2293 473 2367 Gaudeo
492 2295 618 2383 itaque,
646 2295 767 2366 iratres
794 2298 978 2380 carissimi,
1005 2298 1047 2368 de
1072 2297 1139 2368 lide
1165 2313 1302 2380 vestra;
1324 2295 1431 2389 gaudeo

180 2385 222 2456 de
242 2385 365 2466 salute,
387 2405 475 2472 quae
491 2383 595 2454 fidem
620 2385 799 2543 seguitur:
826 2386 960 2477 gaudeo
986 2386 1027 2456 de
1047 2385 1242 2470 fructibus,
1271 2387 1358 2476 quod
1382 2405 1429 2453 non

180 2475 292 2546 solum
313 2473 385 2543 illic
401 2471 590 2554 constituti,
619 2495 654 2544 se
703 2487 735 2544 et
752 2474 853 2566 longe
879 2475 1031 2566 pergitis.
1060 2481 1099 2546 Ut
1114 2477 1207 2546 enim
1235 2475 1380 2566 agricola
1394 2492 1430 2542 ar·

179 2564 252 2635 bori
271 2564 381 2634 bonae
405 2561 550 2631 inseruit
572 2561 634 2644 illi,
662 2583 749 2651 quae
775 2561 950 2633 fructuum
968 2585 1073 2634 causa
1097 2585 1165 2635 non
1191 2567 1342 2636 securim
1367 2561 1431 2653 pati·
1469 2609 1479 2628 -Ν

179 2664 257 2734 tur,
290 2673 357 2722 non
384 2650 526 2739 ignibus
551 2651 791 2742 mancipatur,
819 2653 916 2722 itaet
944 2673 1006 2722 nos
1031 2665 1160 2722 vestrae
1188 2653 1361 2723 sanctitati
1382 2669 1430 2719 non

181 2740 292 2812 solum
314 2739 489 2810 servitium
509 2739 699 2810 secundum
718 2761 857 2810 earnem
875 2740 1036 2812 volumus
1052 2755 1084 2812 et
1097 2743 1264 2834 cupimus
1284 2741 1430 2813 exhibere.

181 2827 240 2900 sed
258 2839 290 2899 et
306 2829 441 2897 animas
462 2840 595 2898 nostras
615 2850 676 2918 pro
697 2841 806 2900 vestra
824 2829 934 2899 salute
951 2829 1162 2920 impendere.

223 2919 301 3006 55.
328 2915 546 2995 Extendistis,
564 2929 602 2987 ut
616 2916 699 2998 diri,
720 2917 838 2988 firmos
854 2917 968 2988 lructu
990 2941 1114 3001 ramos,
1131 2931 1164 2990 et
1185 2939 1247 3009 per
1264 2931 1333 2990 tam
1351 2917 1431 3003 longa

180 3017 348 3076 terrarum
366 3005 477 3094 spatia
500 3003 543 3074 ad
563 3027 617 3074 me
642 3006 835 3097 pertingere
855 3006 1047 3077 laborastis.
1075 3008 1214 3078 Gaudeo
1234 3007 1389 3099 agricola,
1410 3013 1432 3069 et
1465 3022 1471 3113 Ι

181 3095 292 3166 libens
313 3093 420 3164 nostri
438 3091 566 3164 laboris
590 3115 690 3184 poma
715 3094 871 3186 decerpo,
889 3096 972 3202 guia
992 3106 1124 3166 tantum
1143 3096 1256 3166 lacere
1274 3091 1430 3167 voluistis:
1462 3112 1474 3221 1

180 3205 242 3254 nec
267 3182 378 3254 solum
404 3202 489 3272 ego,
516 3181 565 3251 vel
591 3183 652 3270 qui
677 3204 812 3253 mecum
838 3194 920 3254 sunt
943 3183 1153 3256 sanctissimi
1178 3187 1287 3256 nostri
1337 3182 1433 3268 resby·
1465 3234 1472 3288 t

180 3271 242 3343 teri
258 3283 291 3342 et
314 3271 462 3352 diaconi,
483 3269 532 3340 vel
550 3273 672 3342 caeteri
690 3271 823 3354 fratres,
850 3271 909 3343 sed
929 3284 962 3342 ot
985 3293 1117 3355 omnes,
1138 3273 1199 3364 qui
1220 3273 1294 3344 desi
1322 3281 1433 3343 arantes

180 3383 315 3434 sumus.
343 3359 511 3450 Replestis
539 3361 656 3444 enim,
683 3373 721 3430 ut
744 3360 924 3451 Apostolus
949 3361 1171 3434 beatissimus
1197 3360 1299 3443 dicit,
1325 3362 1432 3429 viscera
1476 3429 1477 3442 χ

180 3472 267 3534 mea,
287 3471 367 3519 cum
387 3448 587 3539 complestis
604 3448 765 3520 mandata
781 3449 921 3520 divina:
948 3472 1037 3537 quae
1053 3450 1226 3542 complere
1243 3450 1433 3539 Christianos
1476 3491 1477 3508 .

179 3541 214 3610 in
240 3540 447 3631 Episcopum
474 3537 524 3606 vel
542 3537 793 3610 ecclesiasticos
820 3538 911 3608 viros
931 3538 1039 3620 decet,
1061 3560 1148 3625 quos
1172 3541 1207 3608 in
1228 3539 1347 3610 exsilio
1369 3533 1431 3604 fida

179 3649 285 3700 eausa
300 3627 408 3698 nostis
425 3625 592 3696 laborare.
611 3626 824 3716 complestis,
843 3649 931 3717 quae
947 3629 1126 3718 oportebat
1148 3627 1272 3700 iratres
1290 3624 1432 3696 iratribus

179 3715 301 3799 lacere,
328 3728 360 3786 et
377 3715 465 3804 patri
486 3713 576 3786 filios
592 3716 765 3786 exhibere.

222 3808 240 3895 ὅ
265 3812 311 3877 Β.
339 3804 402 3876 Sed
420 3825 500 3874 cum
526 3825 588 3874 nos
608 3804 802 3874 secundum
828 3804 991 3875 mandata
1010 3805 1154 3887 divina,
1182 3805 1278 3875 robis
1303 3803 1431 3896 volentes

178 3893 221 3964 de
250 3895 392 3965 terrenis
416 3893 600 3975 coelesteS,
627 3892 670 3963 de
697 3891 839 3963 caducis
867 3893 1018 3977 stabiles,
1046 3893 1088 3964 de
1111 3893 1294 3986 fragilibus
1323 3908 1430 3976 sempt-
1474 3967 1475 3976 .

179 3995 294 4054 ternos
317 3983 449 4053 fructus
469 3981 602 4064 lacere,
624 3983 802 4072 coepimus
830 4003 889 4072 per
920 3983 1157 4054 necessitatem
1179 3984 1342 4074 patientes
1362 3995 1431 4072 qut·
1474 3985 1475 4010 ³

180 4073 261 4143 tidie
285 4073 478 4144 seminare:
506 4070 703 4164 gaudebant
727 4069 769 4139 de
793 4072 914 4140 restris
938 4071 1108 4142 fructibus
1133 4092 1319 4163 pauperes,
1340 4067 1429 4158 glou·
1474 4115 1475 4130 2

179 4161 329 4232 ficabant
348 4166 467 4241 Deum,
487 4183 553 4231 non
570 4161 682 4231 solum
700 4159 847 4230 civitatis
865 4161 975 4250 ipsius
992 4161 1161 4241 homines,
1181 4161 1238 4230 sed
1255 4171 1288 4229 et
1303 4173 1427 4252 omnes:

178 4251 238 4337 qui
255 4263 368 4320 autem
389 4248 503 4318 videre
526 4261 721 4339 potnerunt,
740 4271 843 4336 quarn
864 4271 1000 4319 mecum
1016 4249 1232 4320 dilectionem
1253 4248 1426 4317 haberetis,

178 4360 217 4407 ex
240 4338 326 4428 ipsis
341 4337 511 4407 fructibus
531 4337 683 4408 ridentes
708 4337 948 4429 glorificabant
972 4343 1103 4422 Deum,
1130 4352 1162 4409 et
1184 4338 1277 4408 omni
1299 4355 1356 4406 nos
1378 4330 1428 4398 bo·
1473 4367 1474 4370 ¹

180 4447 261 4494 nore
281 4447 360 4495 eum
383 4437 492 4495 vestra
517 4425 753 4496 benedictione
779 4427 1015 4499 nominabant.
