2932 4812
13 283 82 348 oct.
106 283 141 346 3¹
361 297 400 344 oc
423 297 451 344 s.
479 295 676 344 ennearrnno
700 294 899 344 conrnssonn
1157 279 1220 342 615

14 384 167 464 Ecclesia,
197 379 378 450 miraculis
402 379 513 450 luerat
536 378 744 460 nutrienda;
769 381 852 470 quia
880 391 913 448 et
941 400 1002 448 nos
1021 400 1100 449 cum
1126 382 1266 452 arbusta

14 473 206 562 plantamus,
235 468 369 539 tamdiu
392 469 442 540 eis
467 491 591 557 aquam
617 467 821 548 fundimus,
877 489 1033 554 uousquc
1051 489 1090 536 ea
1118 467 1153 537 in
1180 483 1267 540 terra

12 560 208 631 convaluisse
225 558 402 627 videmos:
428 569 461 628 at
481 559 509 628 si
535 557 639 627 semel
666 557 816 627 radicem
847 491 994 639 drerint,
1019 557 1172 646 irrigatio
1195 581 1267 628 ees-

12 651 86 720 sabit
112 651 137 714 ⁴.
165 649 256 717 Hinc
280 659 331 716 est
354 648 473 728 enim,
507 646 598 734 quod
626 646 752 717 Paulus
778 645 882 715 dicit:
909 648 967 715 Lin
993 667 1057 715 aac
1080 647 1116 715 in
1134 649 1267 738 signam

11 751 84 819 snnt,
110 761 173 808 non
187 737 356 827 fidelibus,
375 737 433 805 scd
448 737 638 826 infidelibus
653 735 701 825 (t.
720 740 792 807 Cor.
814 733 892 824 ιιι).
913 740 952 804 Se
993 755 1073 804 curn
1094 735 1158 806 ista
1172 735 1268 806 dica·

13 849 88 908 mus,
106 827 341 914 quaestionem
356 825 457 895 nobis
472 824 555 894 oriri
574 844 642 893 non
660 825 735 894 sine
747 823 864 914 aliqua
879 822 1080 893 difficultate
1095 823 1264 895 videmus.

13 919 39 984 Si
53 917 137 985 enirn
159 916 260 1006 signa
279 905 418 1003 proptei
441 911 597 982 infideles
621 911 701 982 data
723 935 798 982 esse
817 913 992 993 dicuntur,
1014 912 1097 998 quid
1114 925 1165 982 est
1190 913 1264 996 lice,

12 1004 88 1090 quod
113 1003 321 1093 Redemptor
347 1014 461 1072 noster
481 1003 516 1070 in
542 999 652 1090 patria
672 1023 735 1070 sua
752 1014 890 1091 propter
906 1001 1179 1072 incredulitatem
1207 1003 1267 1072 ho-

12 1095 129 1162 minum
149 1094 203 1163 rix
220 1113 351 1182 paucas
366 1091 506 1160 virtutes
522 1089 632 1159 lacere
651 1090 802 1178 potuisse
819 1089 1041 1179 perhibetur?
1066 1091 1160 1160 Sicut
1174 1091 1265 1160 enirn

15 1187 128 1252 llarcus
152 1179 370 1284 Evangelista
395 1192 556 1250 testatur:
583 1182 687 1250 malti
699 1180 873 1250 audientes
890 1180 1148 1248 admirabantur
1162 1181 1198 1249 in
1212 1181 1268 1250 dc·

17 1273 106 1338 rtrina
120 1273 202 1360 ejas,
228 1271 397 1339 decentes:
426 1270 515 1338 Unde
539 1269 617 1336 duic
643 1269 724 1338 doec
747 1271 889 1337 omnia?
914 1271 1051 1359 thaoe
1068 1279 1114 1336 est
1134 1271 1268 1359 sapien-

19 1361 57 1426 tia
71 1383 154 1448 qaae
173 1361 258 1428 data
287 1369 334 1426 est
358 1359 429 1439 itti,
464 1369 495 1426 et
518 1359 659 1426 virtutes
682 1360 766 1426 tatas
792 1379 879 1448 quac
896 1379 957 1447 per
979 1379 1099 1426 mareas
1123 1360 1196 1447 ejas
1220 1361 1268 1446 es-

15 1449 181 1532 firr'cntur?
204 1453 320 1518 Nonne
348 1447 401 1515 tc'c
422 1457 469 1516 est
492 1448 584 1535 sobri
604 1448 698 1535 filius
728 1457 758 1514 ct
789 1447 939 1526 Mariae,
969 1448 1076 1534 frater
1098 1448 1215 1515 Jacode'
1237 1457 1268 1516 ct

16 1535 127 1626 ioseph,
146 1549 175 1605 et
190 1537 304 1605 indae
321 1545 352 1604 et
369 1536 543 1606 Simonis?
566 1538 678 1604 lionae
694 1545 725 1603 ct
749 1557 875 1604 sorores
892 1537 965 1625 cJ'as
981 1535 1146 1604 nobiscnm
1164 1537 1270 1604 sant?

18 1627 47 1690 Et
68 1626 385 1694 scandalizabantur
408 1627 443 1692 in
460 1626 520 1693 illc
536 1623 653 1712 (illaec.
675 1624 732 1710 vr).
762 1622 857 1692 Unde
877 1635 909 1692 et
933 1622 1037 1713 paulo
1058 1636 1134 1711 post
1151 1623 1270 1692 subdi-

18 1723 81 1780 tur:
104 1719 140 1782 Et
163 1737 228 1784 non
253 1723 387 1804 poterat
411 1715 459 1780 idi
481 1714 640 1781 virtatem
663 1715 774 1782 ullam
801 1715 924 1801 facere,
954 1713 1022 1782 nisi
1045 1713 1133 1799 qaod
1144 1733 1269 1802 paucos

20 1801 154 1886 infirmos,
183 1804 350 1892 impositis
373 1801 538 1882 manibus,
564 1804 721 1870 curavit:
749 1811 779 1870 et
804 1802 994 1870 mirabatur
1008 1809 1143 1890 propter
1162 1803 1269 1869 inerc-

21 1889 174 1960 dntr'tatem
203 1894 355 1960 illoram.
382 1888 469 1972 Quid
495 1901 546 1958 est
574 1889 663 1972 lroc,
691 1889 833 1970 iratres,
865 1891 947 1978 quia
975 1888 1102 1958 Paulus
1122 1887 1270 1957 allirmat

22 1977 100 2064 signa
122 2001 181 2068 pro
198 1978 401 2049 infidelibus
417 1977 508 2058 data,
536 1983 669 2048 Marcus
686 1979 808 2048 asserit
832 1991 970 2069 propter
984 1977 1142 2046 infideles
1163 1976 1270 2046 luisse

21 2065 194 2138 subtracta?
218 2067 380 2153 Nunquid
404 2067 594 2138 contrarias
614 2068 702 2136 inter
729 2068 929 2137 seinvicem
957 2065 1106 2155 prolerre
1133 2077 1269 2134 senten-

22 2153 74 2222 tias
89 2170 234 2243 possunt,
253 2159 314 2244 qui
336 2175 403 2226 uno
421 2155 549 2246 Spiritu
568 2155 660 2245 pleni
681 2159 785 2226 sunt?

50 2243 126 2337 ¹58.
152 2245 215 2317 Sed
242 2244 432 2315 notandum
450 2257 512 2327 est,
539 2245 618 2331 quia
645 2245 679 2312 in
699 2245 784 2334 ipsis
809 2243 1010 2314 infidelibus
1033 2257 1105 2313 erat
1126 2242 1269 2330 quidam

28 2326 204 2426 diversitatis
229 2334 366 2404 modus.
387 2339 450 2402 Par
466 2333 607 2421 quidam
625 2355 720 2404 error
741 2335 852 2403 fuerat
867 2334 1023 2402 omnium
1043 2352 1109 2401 nen
1131 2331 1270 2401 creden·

27 2427 105 2499 trum,
122 2427 173 2492 sed
196 2445 322 2513 rnogna
343 2422 523 2492 diversitas
537 2445 734 2492 causarum.
749 2421 846 2491 Aliud
868 2435 918 2490 est
934 2423 1039 2502 enirn,
1060 2423 1089 2490 si
1106 2419 1176 2490 sola
1192 2420 1271 2507 quis

25 2501 140 2580 salietur
155 2512 371 2602 ignorantia;
398 2511 504 2591 aliud,
526 2512 553 2580 si
571 2511 735 2598 adJ'uncta
752 2532 889 2598 quoque
903 2523 991 2580 erret
1009 2509 1151 2578 malitia.
1171 2515 1271 2598 Igno-

26 2598 117 2668 rantia
138 2601 264 2671 Paulus
282 2612 491 2690 peccaverat,
518 2601 577 2689 qui
594 2600 751 2670 dicebat:
778 2601 844 2682 Qui
861 2602 1029 2755 priaspai
1043 2599 1267 2688 blasphemas,

25 2693 48 2748 ct
66 2701 266 2773 praesecutor,
300 2700 330 2758 et
361 2691 570 2781 injuriosas:
603 2691 660 2758 scd
683 2690 756 2757 idco
786 2689 958 2758 misericor
982 2690 1050 2756 iam
1081 2697 1272 2756 consecutas

24 2791 94 2852 llll,
119 2781 195 2866 qaia
211 2782 372 2869 ignorans
394 2780 462 2868 [eci
481 2777 530 2866 (l.
553 2781 689 2861 Timr).
712 2783 774 2846 Per
794 2776 960 2846 malitiam
981 2775 1087 2845 ludas
1105 2774 1268 2865 peccavit,

25 2861 130 2954 etideo
144 2887 360 2956 nequaquam
379 2867 493 2936 venire
517 2865 558 2935 ad
581 2866 831 2956 indulgentiam
851 2867 988 2934 meruit.
1011 2869 1074 2934 Pro
1097 2863 1167 2934 illis
1191 2883 1273 2953 ergo

26 2947 201 3028 rnlldelibus
222 2957 322 3046 signa
338 2954 416 3024 data
433 2968 524 3036 sunt,
542 2977 630 3044 quos
644 2954 759 3023 divina
775 2953 988 3043 providentia
1008 2952 1274 3022 misericorditer

26 3035 138 3110 salvare
155 3043 358 3114 decreverat.
386 3050 525 3132 Propter
548 3043 626 3114 illos
644 3065 721 3112 vero
739 3042 910 3113 subtracta
927 3053 1019 3122 sunt,
1042 3063 1129 3130 quos
1145 3041 1189 3110 ab
1205 3040 1274 3110 ele-

27 3135 139 3220 ctorum
163 3147 273 3213 sorte,
299 3133 513 3224 exigentibus
533 3153 650 3202 eorum
682 3132 847 3221 peccatis,
880 3131 1053 3202 districtae
1084 3129 1274 3200 severitatis

25 3216 137 3293 iustitia
157 3221 351 3311 repellebat.
378 3221 581 3292 Christianis
601 3233 714 3290 autem
734 3234 799 3290 tem
828 3221 965 3302 oribus,
987 3241 1067 3288 curn
1088 3220 1161 3308 jarn
1188 3239 1275 3308 pene

29 3309 102 3373 totns
122 3307 246 3398 ubique
263 3325 429 3380 terrarum
447 3309 541 3380 orbis
559 3309 592 3377 in
610 3309 778 3379 catholica
796 3243 863 3378 doc
881 3309 1085 3409 persisteret,
1104 3319 1136 3376 et
1155 3327 1272 3396 pacem

30 3405 146 3492 sanctae
167 3399 334 3469 Ecclesiae
350 3401 403 3468 vix
427 3397 498 3468 ulle
523 3411 781 3499 persecutorum
800 3399 938 3468 saevitia
963 3395 1189 3488 perturbaret,
1212 3415 1275 3464 cur

31 3472 225 3576 beatissimus
248 3487 422 3558 confessor
454 3487 577 3556 Christi
611 3487 836 3556 Barbatianus
862 3499 907 3556 tot
936 3485 1182 3556 miraculorum
1208 3485 1275 3553 vir-

32 3567 140 3658 tutibus
155 3573 286 3658 claruit,
315 3577 380 3646 nisi
398 3577 479 3664 quia
500 3587 577 3646 ante
599 3574 735 3645 divinae
755 3575 942 3666 majestatis
966 3574 1085 3644 oculos
1108 3571 1275 3643 excellen-

34 3661 101 3720 trnrn
124 3665 315 3734 meritorum
338 3665 520 3735 virtutibus
537 3664 659 3734 fulsit?
684 3669 772 3745 Erat,
799 3666 887 3733 sicut
904 3664 946 3732 de
965 3669 1098 3733 toanne
1122 3661 1273 3742 dicitur,

36 3733 151 3816 lucerna
176 3753 298 3823 ardens
322 3766 353 3823 et
379 3753 521 3823 lucens:
547 3753 672 3822 ardens
693 3753 849 3823 videlicet
873 3774 933 3841 per
958 3773 1110 3821 amorem
1136 3749 1273 3831 cordis,

37 3821 134 3931 lucens
155 3839 331 3928 splendore
360 3843 506 3912 eximiae
535 3843 816 3912 conversationis.
843 3841 906 3910 Sed
932 3852 1014 3909 tunc
1044 3839 1184 3910 lucerna
1211 3838 1276 3937 sub

38 3919 129 3990 modio
150 3930 308 4000 occultari
331 3930 494 4012 voluerat,
521 3953 614 4013 curn,
641 3931 734 4001 sicut
757 3933 791 4000 in
822 3929 1059 3999 sanctissimae
1088 3927 1176 3996 ritae
1200 3946 1276 4012 ejus

39 4019 170 4098 narratur
192 4017 355 4100 historia,
384 4018 492 4089 latens
516 4019 550 4090 in
575 4019 712 4098 cellula,
741 4016 949 4088 manifestari
977 4015 1193 4106 principibus
1217 4013 1276 4082 de-

43 4095 151 4188 tttabas.
176 4105 312 4177 Nolebat
334 4108 455 4178 mundi
481 4108 622 4199 regibus
650 4109 875 4191 innotescere,
901 4117 939 4175 ut
962 4106 1044 4196 Regi
1071 4125 1188 4194 regom
1217 4123 1277 4191 po-

45 4181 138 4282 tnrsspt
151 4189 350 4267 familiarius
367 4196 565 4282 adhaerere;
581 4195 762 4267 recusabat
778 4194 821 4264 ab
836 4194 1037 4272 horninibus
1055 4191 1276 4280 temporalem

47 4280 187 4362 suscipere
201 4283 356 4372 gloriam,
382 4297 420 4354 ut
439 4307 519 4356 curn
536 4283 674 4375 Angelis
690 4284 866 4370 acquirere
887 4293 1075 4352 mercretur
1090 4292 1275 4350 aeternam.

67 4386 136 4441 Ἧι
144 4401 262 4459 &egonus
272 4409 381 4454 similiter
390 4411 470 4455 sentit.
