2994 4832
1480 189 1481 224 l

1480 247 1481 292 t

248 327 323 390 '458
612 344 651 389 nn
674 343 702 390 s.
730 343 809 390 ssna
832 342 903 389 ann.
930 341 968 389 ur
991 341 1081 390 conr.
1150 331 1152 336 '
1340 322 1450 387 buta

215 442 247 498 et
274 428 369 498 alios
390 426 529 515 quidem
565 448 605 496 ex
634 427 704 508 eis,
741 427 962 496 suasionibus
985 440 1017 497 et
1045 425 1354 506 admonitionibus,
1383 425 1451 494 alios

215 530 328 588 autem
360 517 462 586 etiarn
493 515 818 605 reprehensionibus
845 537 1030 585 revocans:
1062 527 1095 585 et
1124 536 1243 585 omnes
1293 513 1451 584 erlundens

216 607 312 762 {um
338 604 437 674 melle
464 627 546 676 suae
562 604 750 687 doctrinae,
776 615 809 673 et
832 605 959 694 optimc
978 603 1147 674 inducens
1170 603 1213 672 ad
1235 537 1338 696 'fidem
1359 603 1451 672 ortbn-

241 716 381 763 oram...

260 784 374 869 §aa
401 787 506 869 Atque
530 781 742 868 sicquidem
768 783 875 852 Sabae
894 781 1030 851 animae
1053 781 1168 850 divina
1198 779 1362 867 quaedam
1386 779 1451 848 insi-

216 870 318 942 debat
341 870 471 960 gratia,
497 891 734 956 quaecumque
758 869 831 959 ipse
857 871 1016 960 petiisset,
1043 891 1188 960 operans
1212 867 1452 938 admirabiliter:

216 971 248 1028 et
260 981 386 1048 corpus
403 957 542 1045 quidem
560 979 694 1047 semper
709 958 855 1028 babebat
871 959 995 1029 cedens
1011 959 1085 1046 ejus
1106 957 1283 1038 voluntati,
1310 969 1346 1026 ut
1368 977 1455 1042 neque

216 1047 459 1137 defatigaretur
483 1047 638 1117 laborum
659 1046 870 1129 assiduitate,
900 1068 1009 1134 neque
1027 1047 1197 1136 voluptate
1218 1067 1339 1116 rursus
1362 1045 1454 1112 remit·

216 1148 353 1206 teretur.
380 1141 463 1206 Nam
490 1148 557 1205 tcto
580 1133 719 1222 quidem
744 1146 895 1224 tempore
914 1137 1125 1226 jejuniorum
1153 1135 1371 1223 permanebat
1387 1134 1455 1223 jeju·

217 1247 295 1294 nus
323 1224 457 1294 Solebat
484 1237 598 1293 autam
623 1223 726 1292 semel
753 1235 884 1294 tantum
913 1225 1003 1294 vesci
1027 1225 1060 1292 in
1088 1223 1316 1293 bebdomada.
1345 1223 1454 1292 sivero

216 1313 402 1400 aliquando
426 1313 468 1383 ab
488 1312 604 1400 aliquo
629 1323 767 1383 vocatus
794 1326 882 1384 essct
907 1313 950 1383 ad
978 1334 1145 1396 coenam,
1173 1323 1233 1381 aut
1261 1313 1335 1402 ipse
1358 1331 1454 1380 rursus

216 1401 350 1488 aliquos
373 1401 527 1472 convivio
546 1400 725 1558 exciperet,
752 1401 805 1471 bis
826 1423 926 1491 saepe
946 1423 1085 1470 vescens
1110 1401 1142 1468 in
1168 1400 1234 1481 die,
1256 1401 1342 1470 nibil
1359 1398 1452 1467 damni

217 1513 256 1560 ae
285 1489 478 1562 detrimenti
510 1489 615 1561 sentie
640 1502 675 1558 at
705 1490 913 1560 stomachus.
948 1489 1075 1560 Deinde
1109 1501 1290 1579 postquam
1324 1487 1452 1558 rediisset

216 1579 424 1668 Scythopoli‚
446 1578 633 1648 admodum
644 1578 824 1667 jucundus
839 1591 951 1648 autem
968 1592 1000 1649 at
1016 1590 1151 1668 optatus
1168 1599 1341 1668 apparens
1355 1575 1454 1646 loanni

213 1668 500 1756 lerosolymitano
530 1666 683 1736 Pontifici
709 1666 827 1756 (quod
853 1667 1088 1737 intercesserat
1115 1667 1207 1737 enim
1236 1677 1391 1756 tempus,
1411 1685 1454 1731 au·

215 1768 308 1826 xerat
332 1756 561 1834 desiderium,
581 1767 619 1824 ut
643 1754 726 1825 solet
750 1755 969 1845 amicorum),
1000 1756 1137 1845 abipso
1165 1768 1306 1825 vocatus
1329 1765 1406 1824 esset
1423 1749 1453 1818 nl

214 1845 421 1928 convivium,
446 1844 608 1931 quoniam
634 1865 704 1913 una
727 1843 829 1912 etiam
847 1844 964 1914 aderat
980 1845 1146 1914 Antonius
1170 1844 1362 1933 Episcopus
1379 1847 1452 1910 lsca-

215 1932 401 2016 lomtanus,
419 1934 480 2021 qui
499 1944 570 2002 erat
589 1932 692 2002 irater
711 1932 977 2022 archiepiscopi,
1003 1955 1082 2003 cunr
1108 1931 1158 2001 illi
1187 1933 1312 2003 Sabam
1333 1929 1452 2000 medinm

218 2022 487 2113 intercepissent,
514 2021 564 2091 illi
592 2021 702 2090 amice
726 2021 966 2111 propinabant,
992 2035 1025 2092 et
1049 2043 1109 2110 pro
1137 2021 1267 2090 viribus
1293 2043 1371 2090 eum
1393 2016 1455 2086 inri-

216 2110 332 2181 tabant
354 2123 387 2181 et
409 2110 635 2200 accipiebant.
658 2108 721 2179 Sed
739 2130 849 2197 neque
870 2131 990 2182 rursus
1007 2123 1124 2180 sancto
1140 2121 1236 2179 erant
1252 2131 1377 2179 manus
1394 2106 1455 2174 ctio·
1480 2137 1481 2178 t

214 2221 292 2270 sae:
320 2201 378 2269 sed
403 2212 441 2270 ut
458 2221 520 2289 par
533 2211 615 2280 erat,
643 2210 772 2268 remota
795 2198 890 2267 omni
907 2199 1043 2269 fictione
1066 2211 1099 2268 et
1113 2198 1347 2278 simulatione,
1366 2215 1453 2288 resce-¹

215 2287 316 2358 batur
338 2287 516 2378 appositis.
542 2287 664 2357 Aderat
687 2299 800 2357 autem
825 2298 966 2358 sanctus
994 2309 1130 2375 quoque
1159 2286 1393 2366 Theodosius,
1413 2301 1454 2368 qut

214 2390 286 2446 erat
308 2377 338 2444 ei
357 2376 454 2446 valde
478 2377 610 2446 amicus
629 2374 872 2457 etfamiliaris,
895 2389 933 2445 ut
949 2376 1018 2462 jam
1039 2399 1059 2445 a
1080 2399 1133 2446 me
1149 2397 1249 2465 saepe
1265 2375 1395 2444 dictum
1410 2383 1454 2444 est.

214 2466 274 2550 qui
299 2465 500 2537 cumveluti
517 2463 689 2551 quoddam
715 2463 987 2546 condimentum,
1015 2463 1113 2534 vellet
1138 2463 1274 2534 mensae
1293 2465 1455 2554 speciosam

214 2553 365 2638 aliquam
386 2568 417 2623 et
434 2564 564 2654 gratam
580 2552 720 2638 injicere
739 2553 939 2648 orationem,
957 2554 1092 2623 urbane
1107 2552 1296 2623 admodum
1314 2564 1347 2622 et
1371 2547 1458 2637 lapide

214 2640 386 2724 inserena,
420 2641 504 2710 duit
528 2654 684 2711 sanctum
716 2641 837 2712 Sabam
870 2641 916 2711 ita
935 2643 1091 2722 exurite,
1126 2653 1163 2710 ut
1190 2664 1231 2709 ne
1261 2663 1324 2712 vos
1342 2638 1458 2727 quiden

214 2729 326 2811 ambo,
354 2731 477 2820 ajebat,
503 2730 562 2818 qui
580 2729 737 2799 sullicitis
752 2729 795 2798 ad
812 2740 914 2799 totam
936 2730 1040 2800 simul
1061 2729 1219 2800 alendam
1237 2729 1458 2800 Palaestinam.

215 2818 353 2907 possitis
369 2820 445 2907 ejus
461 2831 610 2888 ventrem
629 2818 719 2886 alere
738 2819 780 2887 ad
799 2819 999 2889 satietatem.
1021 2818 1098 2888 Tale
1117 2831 1149 2888 et
1175 2830 1242 2888 tam
1262 2818 1412 2888 validum
1433 2833 1460 2880 ac

214 2905 394 2976 robustum
419 2928 544 2997 corpus
571 2907 658 2977 beati
685 2907 792 2976 Sabae
815 2928 999 3007 generosae
1015 2908 1205 2998 contigerat
1228 2907 1378 2976 animae.
1403 2908 1461 2971 Erat

213 3007 326 3064 autem
353 2999 489 3066 summa
515 2995 679 3064 modestia
714 2995 909 3084 praeditus,
936 3009 968 3065 et
989 2995 1143 3066 moribus
1174 2995 1260 3064 lenis
1292 3017 1335 3064 ac
1357 2991 1460 3062 facilis.

214 3087 253 3152 Et
270 3082 311 3152 ad
332 3105 409 3152 enm
428 3083 566 3172 quidem
583 3083 855 3154 conveniendum
873 3083 984 3154 lacills
1002 3085 1137 3174 patebat
1161 3083 1296 3153 aditus:
1317 3096 1387 3154 erat
1402 3097 1462 3146 vern

213 3171 248 3240 in
270 3193 426 3242 sermone
449 3170 639 3262 jucundus,
662 3185 694 3242 et
722 3173 875 3243 moribus
899 3172 1037 3259 quidem
1066 3174 1129 3244 sim
1159 3172 1371 3242 licissimus:
1398 3189 1462 3258 pru·

215 3259 330 3330 (lentie
347 3275 460 3330 autem
478 3261 789 3340 constantissimus,
817 3260 1015 3331 charitatem
1046 3283 1112 3332 non
1130 3195 1245 3330 datam
1261 3272 1294 3330 et
1311 3261 1463 3328 sinceram

213 3350 304 3440 apud
327 3371 446 3420 omnes
470 3371 688 3420 conservans.
715 3353 793 3419 Erat
807 3371 886 3419 vero
906 3349 1002 3420 valde
1025 3351 1166 3421 allectus
1182 3350 1216 3418 in
1235 3348 1460 3418 Theodosium.
1480 3385 1481 3402 .

213 3437 297 3508 adeo
319 3450 357 3508 ut
375 3438 527 3527 quotidie
544 3437 585 3508 ad
603 3461 639 3508 se
665 3439 807 3507 invicem
831 3439 1043 3520 ventitarent,
1069 3452 1101 3509 et
1126 3441 1213 3508 inter
1230 3460 1266 3508 se
1289 3437 1332 3506 de
1356 3435 1462 3504 virtute

211 3526 414 3608 conferrent,
437 3541 469 3598 et
485 3539 598 3599 essent
616 3528 717 3598 ambo
735 3528 843 3596 instar
859 3526 1084 3598 luminarium
1102 3527 1276 3608 omnibus,
1295 3527 1357 3613 qui
1377 3523 1481 3590 vitant

212 3615 508 3707 amplectebantur
532 3615 769 3686 monasticam.
796 3613 860 3684 Sed
885 3615 941 3686 ille
964 3615 1103 3702 quidem
1129 3637 1261 3694 eorum,
1289 3613 1351 3702 qui
1377 3613 1462 3702 vitam

211 3705 412 3775 exercebant
426 3725 667 3776 communem:
694 3704 750 3774 bic
774 3715 913 3785 autem,
940 3705 1065 3784 Sabas,
1094 3704 1247 3792 inquam,
1274 3723 1392 3772 eorum
1415 3715 1464 3782 qm

209 3795 493 3883 acongressione
526 3805 718 3884 separatam
743 3805 775 3862 et
798 3793 961 3879 quietam,
996 3803 1193 3882 susceperat
1218 3791 1481 3882 praefecturam-p

209 3880 339 3950 Dicitur
361 3895 461 3964 certe,
489 3884 625 3952 beatum
652 3882 775 3952 Sabam
800 3880 931 3951 urbane
955 3903 1056 3971 saepe
1083 3881 1210 3952 dixisse
1230 3891 1347 3950 sancto
1371 3876 1481 3944 rnen-³

209 3968 328 4126 posia,
356 3971 454 4042 illum
480 3971 619 4058 quidem
647 3991 844 4061 puerorum,
872 3993 907 4042 se
930 3983 1044 4041 autem
1063 3991 1137 4042 esse
1153 3969 1359 4060 praelectum
1377 3958 1481 4054 prae-l

225 4069 390 4128 actorum.
1480 4053 1481 4098 l

255 4149 377 4234 559.
404 4152 485 4217 Cum
511 4162 624 4218 autem
643 4150 790 4218 multum
817 4147 979 4238 temporis
998 4147 1266 4227 intercessisset,
1294 4155 1326 4213 et
1352 4109 1481 4232 magno*

210 4237 317 4306 Sabae
341 4237 383 4306 ad
415 4237 586 4327 octoginta
617 4250 649 4307 et
673 4261 729 4308 sex
753 4259 861 4308 annos
892 4251 984 4308 aetas
1008 4250 1165 4326 provecta
1197 4246 1306 4314 esset,
1330 4223 1457 4331 decedit

209 4324 349 4411 quidem
374 4327 544 4406 loannes,
572 4325 688 4396 relicto
713 4349 909 4397 successore
934 4331 1054 4407 Petro,
1087 4327 1158 4394 viro
1183 4324 1303 4393 virtute
1329 4333 1453 4413 insigm-

210 4414 319 4483 Tertio
335 4425 447 4482 autem
469 4413 631 4504 deinceps
655 4437 746 4484 anno
765 4420 954 4506 Imperator
972 4437 1109 4504 quoque
1123 4413 1277 4484 lustinus
1294 4405 1386 4477 valde
1393 4417 1453 4490 pam
