2972 4826
67 307 122 368 ult.
143 305 159 368 6
352 321 388 370 na
411 323 647 372 rnansnanronn
671 327 699 371 s.
726 323 854 372 utconar
878 325 927 370 sa.
1172 309 1232 373 tuat

63 407 215 496 spiramina,
239 405 437 493 quandoque
458 407 555 496 prius
575 407 771 478 inconsulte
786 421 973 499 gesserant,
997 407 1038 478 de
1062 431 1101 478 eo
1127 423 1277 498 postmo-

61 495 115 564 dum
132 518 161 564 se
175 495 252 564 bene
266 495 477 568 consuluisse
502 510 619 587 aperte
641 509 887 588 cognoverunt.

86 587 175 670 §ll
200 584 309 654 Flante
331 607 411 674 ergo
472 608 529 656 ros
556 608 613 656 ero
642 600 764 667 vento,
787 587 966 673 latumque
994 585 1124 656 carinis
1148 609 1276 676 aequor

58 673 237 753 sulcantibus,
259 675 390 744 Domini
408 607 645 746 collaurbnres
670 676 856 766 magnalia,
887 675 1066 746 laetissimi
1091 698 1197 747 cursu
1224 699 1277 746 vc·

57 761 186 833 labantur
206 763 378 840 citissimo.
404 776 436 834 et
455 765 545 835 sicut
569 778 686 854 postea
711 767 832 834 itinere
845 764 916 850 jam
943 778 1078 852 peraeto
1102 786 1277 856 compere-

57 865 118 931 mnt,
135 851 330 939 praedictum
356 851 425 922 illis
448 852 513 923 luit
529 852 696 940 quiddam
716 853 813 922 valde
838 853 1006 924 mirabile.
1040 859 1192 942 Namque
1216 854 1279 924 uni

53 960 80 1008 er
96 940 201 1022 nautis,
225 941 323 1030 cujus
341 963 463 1011 nornen
482 957 555 1012 erat
579 941 742 1032 Disigius,
768 965 848 1012 curn
869 944 966 1029 quies
992 941 1180 1032 soporifera
1203 944 1279 1032 eius

53 1029 169 1098 membra
187 1043 318 1111 teneret,
346 1051 518 1120 apparens
534 1031 650 1120 imago
668 1032 728 1100 viri
755 1031 958 1102 venerabilis
989 1031 1096 1102 fertur
1122 1032 1273 1102 dixisse:

50 1116 159 1188 «Nolite
179 1119 304 1200 timere,
335 1119 394 1190 sed
428 1132 624 1190 constantes
651 1132 777 1190 estote:
803 1121 885 1208 quia
911 1119 1087 1194 vobiscum
1113 1144 1183 1190 ero.
1203 1144 1220 1188 t>
1240 1125 1279 1192 tm

51 1204 104 1274 ille:
118 1209 219 1290 «Quis
242 1222 291 1290 tu,
316 1209 441 1296 inquit,
468 1231 505 1279 es
523 1209 724 1280 dontinel»
748 1210 807 1278 Cui
826 1209 875 1280 sic
892 1231 1096 1298 responsum
1115 1230 1280 1279 veneran-

50 1292 98 1362 dus
110 1295 240 1366 reddidit
254 1298 376 1368 beros:
394 1320 413 1364 a
428 1304 510 1368 Sum
526 1298 686 1368 Nicolaus
702 1319 777 1388 ego,
794 1297 971 1368 vobiscum
983 1298 1043 1385 qui
1060 1299 1160 1368 modo
1176 1297 1277 1389 dego.

51 1387 76 1450 Et
94 1399 121 1452 ut
140 1407 188 1455 me
204 1409 321 1456 verum
346 1387 573 1474 experiamini
596 1387 721 1469 dicere,
740 1386 797 1456 die
816 1387 989 1466 vicesimo
1015 1409 1033 1455 a
1057 1408 1125 1474 quo
1152 1409 1280 1478 corpus

49 1491 133 1540 naum
155 1473 352 1556 abstulistis
380 1475 542 1546 Barinnm
570 1487 706 1565 portum
733 1475 942 1546 intrabitis.»
962 1479 1053 1544 Haec
1072 1476 1133 1546 ubi
1165 1479 1280 1566 imago

47 1559 89 1628 illa
107 1560 204 1633 locuta
226 1576 289 1644 est,
313 1564 357 1633 ab
372 1563 484 1634 oculis
507 1564 603 1634 illius
626 1565 777 1634 evanuit.
804 1569 875 1634 Hoc
898 1577 1011 1634 autern
1030 1563 1088 1633 ille
1111 1565 1280 1657 evigilans

46 1650 173 1720 omnibus
201 1653 383 1722 enarravit.
411 1657 518 1740 Atque
550 1653 584 1722 id
610 1655 655 1723 ita
680 1653 846 1734 demum,
879 1666 918 1722 ut
951 1652 1162 1742 praedictum
1188 1653 1278 1736 suit,

45 1737 164 1810 evenisse
185 1755 327 1812 constat.
348 1741 434 1810 Hinc
459 1741 566 1833 igitur
583 1753 675 1812 tanto
699 1743 821 1813 confisi
840 1742 1020 1822 miraculo,
1043 1743 1187 1813 minime
1206 1745 1279 1834 jam

47 1825 131 1916 pelagi
151 1830 255 1901 minas
278 1830 519 1912 exhorrebant,
536 1853 597 1902 neo
615 1831 754 1902 rabidos
771 1843 950 1902 ventorum
972 1831 1133 1920 impetus,
1149 1843 1188 1902 ut
1208 1854 1282 1922 per·

48 1917 131 2000 pavidi
151 1933 270 1990 nautae
290 1917 413 2001 solent,
429 1921 683 2009 exspectabant,
702 1943 763 1991 nec
785 1932 983 2010 potestatem
1010 1921 1181 2008 ponticam
1198 1943 1282 1991 con·-

50 2017 84 2070 tra
100 2005 285 2078 seluturam
313 2009 531 2078 metuebant:
552 2011 682 2100 quippe
705 2010 765 2098 qui
786 2009 899 2088 illum,
927 2029 987 2099 per
1020 2030 1122 2096 quern
1154 2023 1281 2098 tempe-

52 2105 121 2165 states
139 2097 304 2168 terribiles
321 2097 522 2186 saepissime
541 2099 755 2185 quieverunt,
782 2119 898 2168 senum
919 2119 979 2188 per
1002 2096 1148 2198 pelagus
1169 2099 1280 2168 securi

54 2175 149 2275 ferrent.
171 2191 273 2257 Porro
292 2186 363 2256 illis
379 2185 623 2276 gaudentibus,
649 2202 682 2258 et
706 2188 820 2257 medio
845 2187 964 2277 pelago
986 2187 1115 2256 carinrs
1138 2207 1283 2255 curren-

55 2267 126 2364 ttbus,
144 2276 273 2348 avicula
300 2275 468 2363 quaedam
494 2299 533 2345 ex
567 2276 752 2366 improviso
780 2277 954 2366 apparuit:
986 2297 1075 2363 quae
1099 2275 1167 2344 huc
1188 2275 1282 2344 illuc

54 2369 123 2459 rutra
133 2385 237 2434 navem
257 2386 356 2434 nunc
376 2365 532 2446 volitans,
554 2387 645 2435 nunc
668 2365 812 2456 pedibus
827 2367 915 2436 inter
940 2379 1062 2434 nautas
1081 2364 1279 2444 ambulans,

52 2465 123 2528 quast
137 2468 309 2525 mansueta
326 2465 358 2522 et
373 2453 573 2536 domestica,
593 2467 625 2523 et
641 2476 730 2542 quae
751 2455 828 2543 capi
863 2475 931 2524 non
961 2465 1129 2534 renueret,
1157 2453 1227 2524 ibat
1250 2465 1282 2523 et

51 2535 154 2632 redibat,
177 2541 390 2613 ascendebat
408 2553 441 2611 et
455 2541 694 2614 descendebat.
723 2549 830 2627 Quam
858 2543 909 2614 illi
934 2543 1030 2613 vultu
1059 2543 1158 2612 lrilari
1192 2543 1283 2632 ospi-

45 2639 160 2721 creutes,
187 2633 410 2700 mirabantur
435 2651 501 2700 non
528 2632 639 2703 solum
664 2633 742 2718 ejus
771 2631 1070 2702 mansuetudinem
1096 2645 1129 2700 et
1157 2632 1284 2701 circui-

43 2727 133 2799 tannes,
156 2720 211 2790 scd
236 2721 345 2789 etiam
371 2717 569 2790 adventum.
594 2725 630 2790 ln
651 2721 763 2790 rnedio
778 2721 870 2790 enim
889 2742 1035 2806 aequore
1053 2719 1200 2789 ventosis
1219 2719 1285 2790 alis

41 2801 202 2878 volantibus
239 2807 408 2888 navibus,
441 2808 485 2878 ab
520 2807 646 2880 insulis
669 2825 701 2878 et
727 2809 846 2880 tellure
880 2807 1081 2898 longissimo
1106 2807 1285 2878 intervallo

39 2897 159 2988 separati
177 2896 407 2966 videbantur:
436 2910 537 2986 atque
563 2897 643 2966 inde
671 2897 981 2967 animadvertentes
1005 2897 1097 2966 unde
1120 2919 1158 2966 ea
1184 2896 1284 2967 adve-

38 2995 121 3051 nisset
142 2985 316 3066 volucris,
350 2983 512 3055 laetitiam
544 2985 647 3056 simul
680 3001 713 3056 et
748 2985 1009 3055 admirationem
1039 2999 1282 3075 conceperunt.

36 3071 99 3138 tuna
118 3088 225 3144 antem
245 3074 499 3163 aliquantisper
528 3075 617 3144 intra
643 3087 746 3144 ratem
773 3075 836 3144 lanc
855 3075 932 3143 illac
956 3074 1222 3150 deambulasset.
1241 3075 1285 3144 ab

35 3160 123 3231 oculis
139 3165 298 3234 omniunt
324 3176 376 3234 est
398 3163 523 3244 ablata,
542 3185 603 3234 nec
619 3185 767 3252 usquam
789 3161 941 3252 amplius
963 3163 1045 3233 visa.
1064 3165 1152 3232 Laeti
1180 3165 1286 3252 igitur

33 3267 62 3316 ex
80 3271 115 3320 eo
131 3253 240 3323 effecti
256 3263 350 3332 sunt,
376 3251 467 3338 quod
486 3251 562 3322 visu
586 3274 748 3342 corporeo
768 3266 1035 3341 conspexerant:
1069 3252 1285 3338 quandoqui-

34 3335 93 3432 dem
115 3340 206 3410 aliud
223 3344 260 3410 in
278 3340 340 3410 illa
358 3339 506 3412 volucris
530 3342 643 3430 speeie
659 3341 777 3419 luisse,
797 3341 950 3410 interiori
969 3339 1203 3429 speculatione
1218 3341 1285 3408 col·

35 3421 162 3512 ligabant
184 3443 217 3500 et
231 3428 431 3500 credebant.

65 3519 168 3600 318.
204 3518 270 3588 Sed
309 3519 430 3608 majori
455 3519 608 3608 quotidie
641 3517 848 3588 exultatione
878 3515 1136 3616 alliciebantur..
1163 3517 1286 3588 Crebro

35 3621 160 3693 tamque
174 3607 265 3678 inter
282 3606 393 3677 lucem
423 3619 456 3678 et
483 3610 640 3678 tenebras
655 3607 794 3678 odorem
812 3607 1070 3684 suavissimum,
1091 3605 1284 3676 marabilem
1317 3635 1319 3642 ’

34 3705 56 3756 et
75 3694 281 3786 incognitam
302 3719 319 3764 s
346 3697 490 3768 irantem
515 3696 753 3786 fragrantiam,
780 3695 994 3765 sentiebant„
1010 3698 1116 3781 Atque
1147 3693 1190 3764 iis
1214 3717 1287 3764 om·

35 3779 118 3851 nibus
135 3787 255 3856 merito
280 3719 473 3867 exbilarati,
499 3785 540 3854 ad
570 3798 703 3872 portum
723 3790 756 3854 S.
784 3784 918 3874 Georgii
941 3783 1061 3882 paucis
1086 3781 1208 3852 diebus
1225 3807 1269 3872 ap

36 3869 198 3954 ptulerunt:
223 3873 287 3962 qui
315 3873 410 3944 locus
434 3897 453 3942 a
479 3874 613 3943 Barinis
646 3873 826 3944 moenibus
856 3894 924 3941 non
954 3870 1107 3961 amplrus
1135 3873 1289 3963 quinque

35 3955 111 4028 abest
126 3961 314 4032 milliariis.
326 3963 395 4032 ‘Ubi
419 3984 460 4031 ex
483 3961 622 4032 vasculo
639 3985 743 4051 supra
761 3972 947 4030 memorato
964 3972 1100 4030 sanctas
1115 3974 1289 4032 extraxere

35 4046 189 4136 reliquias,
211 4065 246 4120 et
266 4051 301 4119 in
321 4051 472 4142 capsella
488 4051 614 4146 lignea,
634 4073 737 4137 quarn
753 4052 786 4119 in
813 4051 933 4119 itinere
950 4063 1164 4138 paraverant,
1181 4051 1288 4140 digna

38 4137 115 4216 prius
137 4141 357 4210 veneratione
380 4161 438 4209 eas
470 4139 726 4219 exosculantes,
753 4152 920 4226 quantum
961 4137 1100 4224 quidem
1128 4153 1287 4227 potuere,

39 4217 204 4299 honorifice
227 4251 288 4298 eas
310 4228 551 4311 condiderunt,
569 4243 602 4298 et
626 4229 836 4298 extrinsecus
862 4225 965 4316 pallio
990 4227 1105 4296 stricte
1137 4241 1291 4298 contexe-

41 4327 111 4382 runt.
138 4319 280 4387 Interim
298 4316 468 4404 quosdam
492 4317 533 4386 de
550 4319 623 4388 suis
649 4317 789 4386 nuntios
814 4317 1066 4404 praemiserunt
1088 4316 1129 4385 ad
1156 4317 1290 4388 Clerum

42 4403 258 4494 populumque
291 4411 491 4474 Barensem:
525 4408 583 4493 qui
617 4429 696 4476 curn
730 4405 807 4474 illos
838 4404 1073 4487 audivissent,
1110 4407 1290 4476 confestim

100 4527 216 4585 surina
230 4554 245 4570 ·
266 4523 349 4585 Vrtoa
366 4521 420 4585 SS.
435 4523 522 4586 -Vol
537 4522 598 4585 Xll.
1178 4520 1214 4582 l3
