2960 4824
51 263 106 328 itit.
128 265 162 331 io
285 285 324 332 nir
348 286 394 332 ss.
419 285 605 346 irusrairio,
634 287 792 334 iuxaivrio
816 286 882 335 iirc.
909 287 965 333 iiii.
1155 270 1218 335 3⁴3

48 367 166 448 aninam,
185 369 214 436 iii
232 367 303 439 loco
327 369 442 457 aliquo
465 391 645 441 nemoroso
664 384 697 440 et
716 371 848 440 deserto
870 371 970 439 linem
998 370 1102 460 hujus
1127 386 1262 441 senten·

49 455 87 522 iiie
103 457 264 547 accipiens,
286 471 325 527 ut
343 459 436 548 justa
456 460 634 548 sepultura
660 459 778 528 infelix
796 461 871 548 ejus
894 480 1020 548 corpus
1045 475 1167 528 careat.
1196 462 1260 544 Qui

44 557 121 611 antem
137 567 233 616 aiisns
247 561 297 616 est
316 567 353 616 se
371 569 479 638 nuper
498 548 708 638 reliquorum
725 550 837 618 coetui
861 548 1062 638 adjungere,
1091 548 1260 637 perduca-

44 643 78 728 iiii
89 633 114 698 in
132 635 292 717 medium,¹
302 635 456 706 celeriter
471 650 721 708 consecuturus
747 639 922 719 honorem,
945 638 1003 723 qui
1021 636 1064 706 ab
1088 658 1126 705 eo
1145 639 1260 726 requi·

41 733 146 788 ritui.»

69 815 160 888 sis.
185 815 343 882 Sanctum
366 835 443 883 vero
469 814 677 884 Mardarium
704 813 916 884 solventibus
942 813 1134 896 militibus,
1162 815 1206 884 ab
1230 817 1261 884 ei

39 895 167 985 inpositis
183 900 377 984 collaribus,
400 903 457 972 hic
473 903 594 973 beatus
613 902 766 972 dicebat:
794 925 812 968 t(
838 901 979 972 Domine
1004 903 1051 971 mi
1076 904 1255 992 Cyrisices,

38 1005 214 1082 supreme,
234 1011 315 1081 rogo
334 1002 376 1072 te,
394 1003 427 1060 et
445 991 528 1062 doce
546 1013 611 1073 me,
630 991 714 1080 quid
735 1013 812 1061 sum
838 1013 1068 1080 responsurus
1086 991 1167 1063 huic
1184 993 1255 1062 exi-

39 1083 137 1176 tioso-et
152 1078 302 1167 pastilam
319 1079 463 1161 homini,
488 1103 530 1149 ne
554 1101 608 1149 me
623 1092 799 1168 tamquam
817 1094 983 1171 agrestem
1001 1093 1032 1149 et
1046 1079 1258 1151 illitteratum

37 1160 169 1264 hominem
194 1168 333 1237 irrideat
356 1169 520 1239 immanis
544 1169 607 1238 iste
631 1169 748 1258 lupus.
776 1173 957 1239 »Sanctus
981 1182 1094 1238 autem
1121 1171 1151 1238 ei
1176 1169 1262 1240 dixit

37 1253 204 1348 lustratius:
231 1279 249 1323 ii
270 1257 328 1326 Dic
349 1257 460 1328 solum
485 1269 692 1338 constanter,
708 1256 812 1326 irater
828 1259 874 1326 mi
890 1257 1049 1339 Mardari,
1069 1261 1150 1327 Sum
1166 1259 1261 1328 Chri-

36 1349 142 1424 stianus,
166 1365 240 1413 sum
265 1345 391 1416 Christi
415 1367 556 1417 servus:
583 1358 615 1416 et
639 1345 725 1414 nihil
751 1345 846 1414 aliud
872 1346 1090 1435 respondeas,
1119 1348 1147 1415 si
1176 1348 1257 1436 quid

34 1441 118 1498 contra
139 1432 223 1503 dicat
238 1447 299 1504 aut
321 1433 433 1504 iaciat.
458 1457 476 1500 v
497 1439 579 1504 Cum
607 1446 788 1504 vernasset
812 1433 995 1514 adductus,
1014 1434 1099 1504 dixit
1118 1435 1255 1506 cohors:

34 1517 354 1593 ildestllardarius.
373 1546 392 1590 v
413 1528 485 1594 Dux
509 1523 609 1592 dixit:
637 1546 655 1590 i<
681 1523 746 1605 Qui
770 1544 805 1591 se
826 1544 937 1612 nuper
954 1523 1093 1593 tradidit
1114 1525 1259 1594 interro-

34 1605 139 1703 gationi,
156 1611 183 1679 is
200 1632 323 1681 nomen
349 1611 478 1692 doceat,
505 1612 673 1692 studium,
700 1633 788 1700 quac
804 1633 883 1682 euin
911 1609 988 1680 tulit
992 1613 1261 1768 patriam,con-

34 1689 180 1794 ditionem,
202 1712 234 1768 et
262 1721 433 1790 quaenam
459 1702 502 1771 sit
525 1702 556 1771 ei
581 1700 752 1791 religio.»
778 1700 968 1770 hlardarius
1019 1700 1100 1769 ixit:
1128 1723 1146 1768 ii
1177 1707 1258 1770 Sum

35 1780 216 1857 Christianus.
238 1811 256 1855 v
280 1793 365 1858 Cum
384 1805 496 1858 autem
524 1803 701 1880 rogaretur
729 1791 772 1858 ab
791 1789 1048 1879 apparitoribus
1071 1802 1109 1858 ut
1133 1789 1261 1859 diceret

35 1887 134 1954 nomen,
158 1889 188 1946 et
209 1877 455 1959 conditionem,
477 1891 509 1948 et
526 1879 684 1967 patriam,
706 1878 931 1966 perseveravit
950 1877 1117 1946 clamare:
1139 1883 1256 1948 «Sum

34 1957 216 2034 Christianus.
238 1971 310 2036 »iit
329 1989 407 2036 cum
428 1966 489 2035 diu
507 1979 694 2068 rogaretur,
713 1966 797 2034 nihil
820 1965 913 2036 aliud
933 1965 1018 2034 dixit
1036 1966 1102 2034 nisi
1121 1965 1233 2035 solum
1252 1990 1258 2033 :

34 2051 116 2146 alum
140 2053 362 2136 Christianus,
389 2077 465 2126 sum
487 2056 610 2124 Christi
635 2077 804 2126 servus.»
829 2060 913 2124 Cum
933 2056 1010 2140 ejus
1036 2054 1149 2141 itaque
1174 2054 1257 2123 sim·
1341 2099 1343 2102 -

34 2133 178 2220 plicitatem
197 2157 230 2213 et
254 2144 438 2233 puritatem
460 2143 601 2216 vidisset
621 2149 694 2214 Dux
717 2143 915 2224 sceleratus
943 2142 1043 2212 dixit:
1072 2166 1089 2209 «
1116 2143 1261 2212 Terebra

34 2227 206 2300 terebrenlur
223 2233 379 2302 calcanei
395 2231 521 2323 pedum
539 2233 626 2321 ejus,
640 2245 673 2302 et
691 2231 834 2303 funibus
851 2233 993 2321 trajecti,
1010 2231 1053 2300 ab
1071 2231 1152 2300 orbe
1170 2242 1261 2301 rotae

33 2313 182 2395 pendeant:
208 2321 396 2390 candentes
413 2333 526 2390 autem
546 2321 699 2402 obelisci,
723 2321 798 2410 ejus
824 2333 916 2412 tergo
940 2319 1198 2400 admoveantur,
1226 2333 1263 2388 ut

32 2417 61 2466 ex
75 2401 123 2472 boc
136 2409 265 2479 ambitu
287 2409 346 2479 fiat
363 2431 466 2481 sanae
483 2412 618 2491 mentis,
638 2422 670 2479 et
692 2409 734 2478 ad
756 2407 871 2478 danda
889 2431 1052 2500 responsa
1074 2408 1261 2496 idoneus.»

32 2489 91 2556 luni
108 2495 161 2566 hoc
184 2511 301 2568 autem
322 2497 448 2568 iactum
467 2513 565 2577 esset,
588 2510 620 2568 et
636 2498 709 2598 ipse
733 2498 793 2566 diii
816 2497 977 2586 penderet
992 2521 1010 2566 a
1028 2498 1210 2576 calcaneis,
1229 2511 1261 2566 et

32 2594 150 2673 unietur
167 2587 317 2668 subulis,
340 2587 453 2656 emisit
470 2607 598 2667 vocem,
625 2586 759 2656 dicens:
787 2607 805 2652 i<
831 2587 981 2667 Domine,
1008 2587 1157 2676 egotibi
1183 2603 1261 2674 gra-

31 2674 82 2746 ltt,
104 2674 184 2760 quod
210 2697 265 2744 me
292 2675 346 2744 his
371 2675 470 2745 bonis
494 2679 541 2744 sis
564 2676 738 2766 dignatus.
763 2674 953 2744 Desiderari
979 2674 1129 2744 salutare
1146 2687 1260 2754 tuum,

30 2763 51 2818 tt
67 2762 158 2829 amavi
182 2764 298 2854 ipsum
318 2763 432 2840 valde,
451 2765 593 2854 Suscipe
613 2765 764 2833 animam
784 2785 893 2832 meam
915 2765 949 2831 in
973 2785 1067 2853 pace.
1088 2786 1105 2830 >i
1124 2767 1162 2832 lli
1180 2783 1260 2833 cum

30 2835 88 2912 haer
108 2847 251 2936 dixisset,
272 2851 414 2922 tradidit
430 2853 603 2942 spiritum.

59 2935 147 3018 tia.
171 2942 337 3012 Demissis
367 2962 446 3011 vero
475 2941 589 3010 Sancti
619 2943 694 3028 eJ'us
719 2939 885 3028 reliquiis,
904 2944 974 3009 Dux
990 2939 1099 3010 dixit:
1122 2963 1140 3007 t(
1165 2940 1262 3010 Nudo

29 3037 137 3118 torpore
150 3028 345 3101 adducatur
366 3029 469 3100 etiam
487 3030 516 3101 is
563 3029 599 3099 ui
616 3041 667 3099 est
685 3049 725 3098 ex
741 3029 952 3099 Sataleorum
971 3029 1119 3120 regione,
1151 3034 1263 3120 Euge-

28 3125 99 3198 nius;
121 3117 176 3203 qni
199 3139 280 3188 cum
298 3118 341 3188 de
360 3119 529 3189 Eustratio
578 3119 737 3188 aberetur
750 3119 916 3208 quaestio,
936 3139 1043 3186 ausus
1060 3131 1111 3188 est
1127 3118 1258 3191 subire.

29 3213 102 3280 liiem
125 3225 186 3276 non
214 3207 294 3276 dico
323 3207 567 3288 Christianum,
586 3219 624 3278 ut
652 3207 718 3296 ipsi
745 3218 898 3276 errantes
918 3205 1049 3288 dicunt,
1078 3205 1135 3274 sed
1158 3206 1262 3294 plane

29 3287 184 3376 achreston,
203 3295 269 3366 boc
293 3309 355 3376 est,
374 3295 544 3365 inutilem.
565 3319 583 3362 ii
608 3301 691 3366 Cum
711 3296 783 3384 ipse
808 3308 921 3364 autem
947 3293 1145 3374 adstitisset,
1165 3293 1263 3363 dixe·

29 3385 365 3472 rtntapparitoresdii
385 3383 484 3453 Adest
504 3386 689 3474 Eugenlus.
709 3407 727 3450 »
750 3389 820 3452 Dux
836 3382 935 3452 dixit:
955 3405 973 3448 t(
995 3384 1050 3453 Dic
1069 3383 1166 3464 mibi,
1187 3405 1261 3452 sce·

30 3457 207 3558 laetissime,
233 3473 315 3561 quis
335 3472 448 3542 malus
472 3472 617 3542 daemon
640 3485 671 3542 te
697 3472 796 3541 malis
822 3470 899 3542 latis
925 3487 1038 3540 actum
1064 3472 1106 3540 ad
1132 3483 1262 3540 tantam

30 3557 135 3643 inpulit
155 3561 350 3641 audaciam,
369 3574 406 3631 ut
422 3581 501 3632 cum
519 3575 612 3631 tanta
629 3573 661 3631 te
678 3562 850 3651 ingereres
867 3560 1095 3648 impudentia,
1110 3573 1142 3628 et
1158 3559 1261 3628 nihili

30 3633 126 3716 laceres
148 3649 274 3738 judicii
298 3651 557 3720 austeritatem?
584 3673 602 3716 ii
633 3650 718 3719 Dixit
746 3663 886 3718 sanctus
907 3649 1101 3738 Eugenius:
1132 3671 1150 3715 ii
1173 3653 1264 3718 Deus

30 3744 108 3812 nens,
132 3740 202 3827 qui,
227 3761 317 3826 quos
343 3750 379 3808 tu
397 3739 493 3820 colis,
513 3738 696 3808 daemones
720 3737 842 3816 abolet,
863 3741 936 3827 ipse
964 3736 1058 3806 dedit
1084 3737 1169 3805 mihi
1196 3739 1263 3805 vir-

30 3823 117 3902 nien,
137 3839 168 3896 et
184 3828 235 3896 lar
262 3829 329 3897 itus
346 3839 396 3896 est
410 3827 495 3896 mihi
513 3827 676 3897 fiduciam
693 3839 725 3896 et
738 3825 877 3895 dicendi
894 3827 1096 3906 libertatem,
1115 3838 1152 3895 ut
1168 3835 1262 3895 tuam

30 3921 180 4010 ttnspuam
194 3852 442 3996 infelicitatem,
459 3915 596 3989 sordide
613 3916 721 3996 caniS,
738 3915 897 3985 thesaure
912 3919 1066 3995 Satanae,
1079 3914 1138 4001 qui
1151 3927 1263 3983 tecum

32 3995 142 4096 llttliltii·
172 4005 204 4073 iii
228 4005 418 4074 interitum.
447 4027 465 4071 »
496 4009 566 4074 Dux
590 4005 688 4074 dixit:
715 4026 733 4071 «
764 4002 1016 4072 contumeliosa
1040 4002 1114 4092 ejus
1144 4002 1265 4093 lingua

32 4090 211 4178 scindatur:
232 4115 314 4162 ense
331 4114 409 4162 vero
426 4095 579 4182 privetur
597 4094 752 4180 utrisque
772 4091 946 4173 manibus,
968 4104 1000 4162 et
1025 4089 1158 4162 baculis
1182 4111 1265 4161 con-

34 4161 189 4265 fliguntur
204 4182 281 4272 ejus
298 4182 412 4262 tibiae,
431 4195 469 4253 ut
493 4181 528 4250 in
555 4203 617 4250 nos
632 4203 667 4253 se
691 4193 787 4284 gerat
804 4182 1060 4270 temperantius.
1084 4181 1180 4250 »llis
1204 4201 1265 4249 aii·

35 4266 74 4326 ltin
88 4266 187 4348 lactis,
209 4271 284 4360 ipse
303 4287 440 4358 quoque
458 4270 598 4339 tradidit
618 4271 791 4360 spiritum.

60 4349 150 4434 ils.
175 4363 268 4430 Haec
291 4381 370 4429 cum
392 4359 529 4429 lecisset
552 4363 622 4428 Dux
639 4359 835 4440 sceleratus,
862 4358 941 4427 exiit
966 4358 998 4426 in
1025 4379 1201 4446 campum,
1227 4370 1267 4427 ut
