2946 4798
30 298 86 362 titt
121 299 159 362 28
369 316 408 362 nx
432 316 477 363 ss.
506 314 591 374 inor,
619 313 724 364 nonai
749 311 817 364 are.
845 315 901 362 iiii.
1165 301 1229 364 529

59 403 74 486 ξ
95 403 169 470 w.
195 399 354 487 Quinque
373 399 446 470 dies
465 399 682 478 transierant,
698 410 731 468 et
748 397 839 488 ignis
859 397 1064 489 depascebat
1080 403 1271 472 materiam.

26 493 90 555 tam
107 510 179 558 iero
195 489 335 558 flamma
355 487 428 578 jam
446 501 623 568 cessasset,
644 486 764 556 nullus
788 487 927 577 quidem
951 500 1035 558 teter
1048 487 1133 560 odor
1149 495 1273 562 sentie-

25 577 117 656 batur,
144 599 257 648 neeex
280 577 496 666 corporibus,
528 597 590 646 nec
620 597 660 646 ex
688 575 803 646 suino:
836 575 989 666 spirabat
1020 589 1134 650 autem
1161 581 1275 669 potius

25 664 143 750 quidam
170 666 285 736 suavis
308 679 342 734 et
366 665 452 736 mire
476 665 634 766 fragrans
662 663 757 734 odor.
797 665 989 755 Apparebat
1023 687 1101 736 vero
1132 669 1274 755 quidam

25 753 133 836 radius,
150 755 224 826 auri
249 754 423 825 rutilantis
447 776 597 844 speciem
622 775 704 844 prae
721 775 757 823 se
781 752 905 835 serens,
930 755 1273 845 variumquemdam

23 842 111 911 edens
125 856 155 913 et
177 843 274 914 valde
290 856 425 934 gratum
442 843 660 934 splendorem
678 866 685 909 :
708 842 881 930 quomodo
898 843 952 914 Sol
968 843 1070 927 lucet,
1097 846 1156 932 qui
1174 847 1278 918 modo

23 944 146 1020 apparet
163 933 197 1002 in
221 933 371 1004 Oriente.
399 932 627 1002 Maximianus
651 943 766 1001 autem
791 932 992 1002 existimans
1008 934 1130 1035 sejam
1156 955 1276 1007 omnes

25 1021 139 1104 vicisse,
162 1034 194 1092 et
217 1022 405 1092 relaxatum
431 1043 507 1091 esse
530 1043 550 1090 a
576 1020 670 1090 curis
700 1020 912 1102 certaminis,
940 1021 1081 1093 theatris
1118 1026 1279 1113 pascebat

24 1109 134 1192 oeulos,
152 1124 183 1181 et
198 1132 367 1198 equorum
385 1109 517 1180 scilicet
531 1121 564 1180 et
584 1109 765 1180 bominum
782 1109 978 1182 curriculis.
1007 1111 1097 1182 Illud
1116 1135 1194 1184 vero
1209 1137 1276 1184 noii

25 1209 87 1266 erat
104 1199 240 1281 vincere,
267 1198 326 1270 sed
353 1199 468 1288 potius
492 1198 619 1268 victum
644 1219 736 1268 esse:
761 1197 864 1286 idque
894 1200 1003 1288 magis
1030 1201 1165 1272 induxit
1186 1205 1272 1292 pios,

27 1297 59 1353 ut
79 1285 169 1358 libere
184 1289 419 1376 loquerentur.
438 1287 625 1358 Ostendent
643 1299 770 1370 autem,
789 1308 876 1375 quae
896 1303 1166 1376 consequuntur.
1192 1295 1274 1363 Ante

27 1374 171 1446 theatrum
191 1377 333 1465 quidem
355 1389 427 1447 erat
442 1375 661 1446 aedificatum
681 1375 869 1445 maximum
887 1375 1006 1446 lanum
1025 1378 1167 1460 Cereris,
1186 1402 1273 1468 quae

24 1476 83 1532 erat
102 1466 187 1556 apud
216 1489 277 1539 eos
300 1465 364 1536 dea
393 1465 553 1536 maxima.
581 1463 752 1534 decedens
776 1476 891 1534 autem
922 1464 980 1534 ille
1007 1487 1087 1536 cum
1115 1469 1275 1540 universo

26 1554 179 1640 populosi
205 1556 376 1636 exercitu,
396 1553 587 1626 execranda
611 1554 795 1644 peragebat
818 1553 999 1624 sacrificia.
1027 1554 1173 1636 Quidam
1200 1579 1276 1628 vcro

24 1661 56 1706 ex
77 1663 208 1714 numero
230 1644 385 1724 militari,
406 1649 493 1714 Zeno
507 1643 524 1677 *
549 1643 699 1724 nomine,
718 1641 790 1712 zelo
810 1642 933 1733 plenus
948 1641 1114 1713 adversus
1136 1645 1274 1736 impios,

25 1750 80 1798 non
102 1729 208 1804 serens
234 1733 284 1804 sic
309 1732 468 1822 pietatem
487 1730 577 1802 allici
597 1731 819 1812 contumelia,
849 1746 942 1802 stans
967 1731 1001 1800 in
1027 1731 1111 1802 alto:
1132 1739 1274 1816 «Erras,

26 1816 165 1903 inquito
189 1827 392 1912 Imperator,
409 1820 671 1890 insensibilibus
690 1820 891 1890 sacrificans
911 1820 1098 1909 lapidibus,
1120 1833 1152 1892 et
1172 1824 1277 1895 mutis

27 1903 123 1994 lignis
142 1910 203 1980 boc
223 1911 316 1980 enim
335 1922 396 1993 est,
423 1909 513 1998 quod
532 1921 689 1999 apparet:
718 1908 750 1979 id
776 1922 903 1990 autem,
929 1909 1021 1998 quod
1044 1921 1095 1980 est
1115 1931 1230 1982 revera
1246 1925 1278 1982 et

27 1993 216 2088 intelligitur,
245 2011 296 2070 est
320 1998 414 2069 fraus
438 1999 660 2079 daemonum,
683 2019 772 2086 quae
795 2019 877 2067 suos
892 1999 1041 2069 cultores
1068 1998 1210 2070 abducit
1234 2001 1275 2070 ad

27 2081 190 2158 interitum.
218 2087 389 2178 Intellige,
416 2087 676 2167 ollarimiane,
698 2099 731 2156 et
760 2087 822 2155 lios
851 2086 969 2158 oculos
997 2100 1030 2157 et
1063 2087 1217 2158 internos
1241 2091 1276 2158 iii

27 2173 137 2244 eoelum
154 2178 290 2258 tollens,
317 2198 443 2264 quaere
466 2199 507 2246 ex
531 2175 585 2258 iis,
604 2197 692 2262 quae
718 2174 893 2256 videntur,
920 2189 1129 2246 creatorem:
1163 2178 1277 2264 qualis

30 2259 183 2351 sitopilex,
203 2266 302 2336 disce
320 2265 551 2357 exoperibus,
573 2277 606 2334 et
624 2263 718 2334 disce
743 2268 848 2334 Deum
876 2264 930 2353 pie
953 2264 1084 2346 colere,
1119 2266 1180 2352 qui
1208 2288 1276 2336 non

30 2353 173 2439 sanguine
195 2366 231 2426 et
255 2354 374 2424 nidore
399 2353 542 2424 rationis
558 2353 748 2443 expertium
774 2352 1018 2434 animantium,
1051 2353 1110 2424 sed
1138 2355 1278 2426 mundis

29 2433 185 2512 hominum
211 2443 403 2514 delectatur
425 2443 564 2524 animis,
591 2454 623 2512 et
639 2439 772 2512 inundo
791 2440 905 2511 corde.
927 2465 945 2508 ii

63 2529 178 2612 idi).
205 2537 298 2602 llaec
326 2555 405 2603 oum
428 2531 594 2602 audiisset
619 2530 858 2612 Maximianus,
887 2530 983 2622 jubet
1016 2531 1167 2620 pondere
1191 2532 1279 2623 lapi·

28 2613 95 2684 duni
119 2620 189 2708 ejus
214 2620 374 2692 maxillas
391 2620 575 2710 confringi;
601 2633 634 2688 et
658 2617 762 2688 simul
795 2617 977 2701 clamabat,
1000 2619 1179 2690 lictoribus
1202 2623 1280 2711 qui·

28 2701 104 2786 dein,
128 2720 164 2777 ut
186 2709 319 2780 sortiter
351 2721 579 2800 percuterent;
609 2720 726 2778 sancto
753 2720 887 2790 autem,
915 2730 957 2778 ne
980 2708 1063 2778 deos
1088 2708 1280 2780 maledictis

27 2807 190 2882 appeteret.
210 2798 266 2868 Sic
291 2819 372 2888 ergo
390 2797 531 2886 patienti
555 2810 673 2868 sancto
693 2818 813 2866 omnes
829 2795 968 2883 quidem
986 2797 1105 2870 dentes
1122 2813 1203 2870 sunt
1216 2799 1280 2867 iiii-

28 2883 157 2954 maniter
178 2888 337 2969 excussi,
375 2886 534 2956 maxillae
566 2907 644 2956 iero
675 2899 757 2956 sunt
785 2887 971 2956 contritae:
1002 2887 1126 2974 etjam
1158 2907 1279 2978 parum

27 2971 207 3058 spirantem,
234 2987 267 3046 et
292 2998 369 3046 mox
394 2975 599 3045 moriturum
623 2973 722 3065 jubet
749 2973 875 3044 abduci
903 2987 996 3044 extra
1026 2975 1220 3059 civitatem,
1247 2987 1280 3046 et

26 3063 180 3149 amputari
198 3075 315 3154 caput,
338 3063 429 3152 quod
449 3063 556 3133 libere
569 3075 641 3132 eret
657 3061 822 3132 locutum.
851 3069 888 3132 Et
912 3065 960 3134 sic
985 3069 1072 3134 Zeno
1089 3065 1280 3154 generosis·

28 3146 131 3231 simus,
148 3174 227 3224 cum
245 3175 371 3242 magna
388 3151 560 3222 celeritate
570 3152 763 3308 1peregisset
778 3152 916 3222 beatum
935 3152 1085 3224 stadium
1112 3154 1279 3243 martyrii,

28 3244 189 3312 truncatur
208 3245 332 3332 capite,
358 3253 391 3311 et
405 3262 544 3312 sursum
583 3253 677 3310 artur
711 3239 752 3308 ad
786 3241 956 3310 Christum
982 3253 1086 3330 caput
1109 3243 1279 3312 omnium.

29 3325 265 3421 Sacerquoque
281 3331 421 3411 chorus,
447 3329 507 3417 qui
531 3341 603 3399 erat
626 3330 717 3399 cirea
742 3329 961 3411 Dorotheum,
979 3331 1040 3416 qui
1062 3351 1080 3398 a
1100 3341 1170 3400 tam
1193 3332 1283 3401 bono

29 3414 255 3491 instituebatur
279 3419 455 3521 magistro,
489 3418 619 3498 divino,
646 3419 800 3505 inquam,
837 3417 1017 3500 lntbimo,
1051 3439 1118 3488 non
1140 3419 1188 3490 sic
1212 3431 1285 3489 erat

30 3497 193 3578 habiturus
217 3507 331 3599 capita
347 3522 563 3579 incoronata:
590 3506 648 3576 sed
666 3507 749 3578 haec
768 3527 905 3593 quoque
922 3528 1071 3597 superne
1101 3506 1283 3598 dispensa-

31 3585 139 3663 bantur
154 3618 194 3667 ac
209 3597 511 3686 providebantura
535 3595 652 3666 divina
669 3597 790 3686 gratia.
808 3600 883 3666 Eia
902 3607 1118 3666 sacrosancto
1142 3596 1283 3686 quidem

31 3679 171 3774 lntbimo
194 3686 238 3755 ad
262 3708 320 3758 eos
345 3686 569 3757 mittebantur
598 3684 748 3766 litterae,
788 3684 862 3774 ipso
896 3684 1037 3776 quidem
1073 3684 1284 3786 inquodam

33 3784 92 3836 vico
106 3771 333 3856 delitescente,
361 3775 438 3844 illos
457 3787 571 3844 autem
602 3785 717 3864 aperte
745 3773 968 3856 decertantes,
995 3771 1038 3842 ad
1064 3773 1287 3863 suscipienda

33 3863 153 3952 strenue
176 3864 366 3934 certamina
391 3864 552 3954 precibus
568 3863 763 3954 adjuvante.
791 3866 860 3932 Hoc
883 3874 1064 3952 postquam
1085 3864 1193 3933 evasit
1213 3883 1287 3932 ma·

33 3943 176 4020 nilestum
206 3952 362 4023 scelerati
389 3953 610 4043 Imperatoris
643 3949 862 4031 satellitibus,
890 3963 922 4021 et
946 3951 1041 4042 ipsas
1075 3952 1216 4032 litteras,
1254 3962 1287 4020 et

35 4047 109 4114 eum,
126 4041 295 4113 coierant
312 4041 422 4123 datae,
440 4040 621 4112 adducunt
637 4041 680 4110 ad
703 4045 962 4130 Imperatorem.
988 4040 1049 4110 llle
1069 4053 1184 4112 autem
1205 4061 1284 4110 cum

37 4136 98 4188 eum
118 4127 266 4213 vidisset,
293 4144 326 4200 et
342 4130 481 4222 legisset
504 4151 593 4218 quae
610 4130 739 4220 scripta
762 4141 878 4198 crant:
913 4129 1040 4219 scripta
1072 4153 1148 4200 varo
1176 4139 1285 4224 erant¹

39 4217 68 4274 tlt
86 4226 128 4283 est
144 4218 338 4302 verisimile,
365 4241 453 4307 quae
477 4218 535 4288 ille
557 4217 698 4306 quidem
720 4217 866 4300 nolebat,
896 4219 1017 4309 pulcra
1041 4231 1155 4290 autem
1187 4231 1286 4288 erant

62 4331 70 4354 ¹
81 4333 166 4384 ristun
174 4344 197 4385 S.
205 4345 306 4388 zenonis
315 4346 353 4389 dle
363 4347 390 4388 αἳ
398 4345 473 4396 hujus
483 4345 624 4386 celebratur.

104 4422 215 4486 surius
230 4457 242 4472 -
262 4426 346 4488 Vitae
361 4425 414 4490 SS.
429 4457 440 4472 ·
455 4424 524 4488 Vol.
541 4422 604 4486 llll.
1172 4421 1211 4484 34
