2960 4824
218 273 282 338 338
541 291 580 336 nu
604 291 630 338 s.
658 290 819 338 nurnnnro
843 291 893 337 re.
908 277 1075 338 'munnae
1280 269 1353 334 [tllf.
1376 269 1407 332 ll

173 373 340 464 templum
367 373 500 443 Domini
526 396 632 444 manu
658 374 808 445 hominis
832 373 919 443 vidit
943 371 1176 456 metiritluod
1200 372 1256 442 ille
1276 392 1407 451 cernens,

172 464 343 564 revelante
370 463 507 552 spiritu,
533 463 699 532 visionem
724 463 883 554 cognovit
909 463 1115 554 angelicam.
1146 459 1307 532 lntellerit
1324 460 1410 617 igitur

173 552 225 622 vir
243 557 310 632 Der,
326 551 463 622 beatum
480 549 661 622 vedastum
683 551 777 635 illuc,
800 565 973 622 annuente
990 551 1133 632 Christo,
1151 549 1328 622 transferen
1352 569 1409 618 um.

216 643 235 730 fi
259 646 328 713 ld.
351 645 473 710 Beatus
489 639 595 730 igitur
612 639 761 740 pontifex
784 639 841 710 tali
859 639 1061 712 revelatione
1078 640 1201 709 certior
1219 638 1333 719 lactus,
1350 637 1411 706 bea·

173 742 245 801 turn
263 729 496 800 Andomarum
516 728 622 817 *,qu1
646 750 686 798 ea
709 741 910 819 tempestate
925 729 1151 799 Tervanensis
1178 729 1273 798 urbis
1298 745 1413 818 gregem

172 841 256 889 cura
297 817 431 909 ervigili
452 817 600 908 regebat,
620 817 661 886 ad
689 831 756 888 tam
782 817 935 888 solemne
960 818 1193 888 translationis
1216 815 1355 887 officinm
1372 815 1414 882 in-

172 841 349 978 vitandum
376 905 578 978 aestimavit.
605 906 669 989 Qui
685 905 765 977 lieet
788 907 884 976 senio
909 928 1061 996 pressus,
1079 919 1112 976 et
1127 907 1309 976 amissione
1330 901 1415 972 lumi·

173 1018 256 1066 num
274 995 421 1068 debilior
435 994 557 1077 factus,
578 994 812 1066 imbecillioris
829 1009 940 1066 tamen
963 996 1117 1086 corporis
1135 1007 1265 1066 tantum
1285 1015 1347 1063 non
1361 991 1416 1060 for-

172 1084 326 1155 midabat
356 1084 530 1165 laborem,
562 1097 730 1171 quantum
756 1084 845 1154 beati
870 1083 1020 1154 fulberti
1053 1083 1214 1154 mandato
1245 1080 1415 1154 satisfacere
1475 1119 1476 1122 =

173 1172 354 1264 gaudebat.
382 1171 619 1242 Difficultatem
646 1171 751 1262 igitur
765 1173 918 1262 corporis
933 1173 1118 1263 superabat
1136 1173 1284 1243 ebaritas
1302 1169 1414 1246 mentis,
1468 1188 1475 1253 2

175 1261 373 1349 Christoque
397 1283 537 1352 gressus
556 1275 704 1350 regente,
723 1260 865 1332 devotus
882 1260 924 1331 ad
943 1262 1175 1332 venerandum
1196 1260 1342 1351 pervenit
1354 1257 1415 1347 Epi·
1474 1261 1475 1268 ³

174 1371 330 1439 scopum.
357 1355 395 1420 lt
419 1350 572 1420 illecum
597 1350 680 1437 qnid
706 1350 822 1422 animo
846 1363 986 1440 gereret,
1017 1365 1049 1421 et
1076 1350 1158 1438 quid
1184 1351 1251 1422 sibi
1275 1348 1418 1419 divinitus
1469 1352 1474 1372 “

175 1450 466 1519 essetostensum,
493 1437 642 1520 referret,
668 1439 973 1530 congratulabatur
996 1439 1132 1520 visioni,
1158 1453 1191 1510 et
1215 1461 1251 1510 se
1275 1438 1418 1508 fraternae
1471 1447 1472 1475 ³

175 1526 366 1599 sedulitatis
392 1527 507 1598 studio
542 1527 739 1597 obedienter
767 1527 925 1598 accinxit.
959 1535 1035 1598 lam
1071 1549 1148 1598 vero
1173 1526 1345 1600 aestimari
1367 1544 1417 1592 non

175 1629 294 1707 potest,
312 1629 440 1704 quanta
464 1616 670 1688 confluentis
684 1616 801 1707 populi
825 1617 923 1687 turba
943 1639 982 1686 eo
999 1617 1054 1687 die
1069 1617 1111 1686 ad
1129 1639 1209 1686 eum
1230 1617 1340 1686 locum
1355 1633 1418 1682 con·
1470 1649 1471 1652 π

173 1706 320 1776 venerit:
347 1705 460 1776 clerus
484 1704 640 1775 videlicet
664 1719 695 1775 et
720 1707 900 1796 utriusque
915 1728 1017 1777 serus
1042 1728 1108 1775 non
1126 1705 1279 1796 ignobile
1302 1703 1416 1792 vulgus.
1466 1758 1470 1789 ἶ

174 1798 293 1865 Parato
317 1794 422 1884 igitur
441 1793 575 1876 feretro,
592 1806 624 1864 et
644 1793 807 1864 omnibus
823 1816 912 1881 quae
932 1795 1125 1864 necessaria
1150 1793 1361 1871 videbantur,
1374 1789 1418 1858 de·

173 1895 260 1954 tecto
276 1883 447 1972 sepulcro,
465 1895 498 1952 et
514 1883 674 1972 imposita
690 1883 890 1973 antiphona,
910 1905 991 1954 cum
1012 1905 1137 1971 magna
1156 1883 1341 1953 reverentia
1356 1901 1418 1950 san·
1477 1968 1478 1971 Ἴ

174 1984 266 2042 ctum
299 1971 498 2042 thesaurum
526 1971 762 2054 sustulerunt,
790 1973 987 2062 paratisque
1011 1971 1177 2043 Crucibus
1197 1985 1232 2042 et
1254 1972 1374 2048 cereis,
1396 1977 1419 2034 et
1467 2048 1468 2052 Ἰ

173 2061 368 2151 omnigenis
386 2058 549 2132 solemnis
574 2081 718 2218 pompae
743 2061 935 2142 ornatibus,
958 2083 1038 2130 curn
1066 2083 1191 2150 magna
1218 2061 1327 2152 plebis
1346 2053 1418 2127 exul·
1467 2091 1468 2095 ¹

173 2150 466 2220 tationesanctum
483 2170 644 2240 corpusa
682 2148 795 2219 locum
812 2150 1020 2220 destinatum
1040 2150 1226 2220 transferre
1241 2155 1416 2239 coeperunt.

173 2243 401 2308 Transeuntes
420 2249 532 2308 autem
559 2237 771 2328 praedictum
802 2239 996 2320 fluviolum,
1021 2259 1101 2309 oum
1122 2239 1195 2329 jam
1223 2237 1419 2310 suburbanos

172 2327 259 2396 fines
283 2326 530 2415 contingerent,
553 2337 584 2396 et
612 2327 732 2398 beatus
755 2327 971 2398 ludomnrus
995 2328 1104 2398 sancti
1127 2327 1281 2398 notberti
1302 2321 1419 2412 vestigia
1464 2331 1468 2410 j

174 2415 377 2506 pedetentim
398 2428 670 2504 prosequeretur,
684 2416 796 2486 statim
819 2437 987 2518 supernae
1003 2416 1212 2508 operationis
1227 2417 1263 2485 in
1282 2437 1317 2487 se
1334 2432 1418 2510 agno·
1466 2445 1468 2504 3

172 2504 219 2574 vit
243 2505 423 2575 virtutem:
450 2516 487 2578 ut
509 2504 540 2573 ei
562 2517 677 2593 aperte
700 2504 840 2576 daretur
865 2505 1008 2596 intelligi
1038 2506 1155 2594 quanli
1176 2517 1294 2577 essent
1316 2500 1417 2575 meriti,
1477 2576 1478 2586 χ

172 2605 205 2663 et
227 2593 333 2680 isqui
358 2591 568 2682 portabatur,
595 2606 626 2662 ot
651 2593 680 2662 is
703 2615 804 2682 quem
824 2594 991 2684 portando
1015 2595 1235 2682 sequebatur.
1263 2599 1355 2672 llam,
1377 2587 1419 2656 dt*
1477 2597 1478 2602 ’

170 2681 271 2840 pulsa
292 2682 414 2782 longae
437 2681 611 2752 caecitatis
631 2696 739 2762 nocte,
768 2683 880 2753 statim
907 2682 1084 2754 oculorum
1110 2683 1229 2753 lumen
1249 2682 1373 2771 recipit,
1394 2675 1419 2743 it
1477 2761 1478 2766 ,

183 2793 244 2841 oco
266 2769 420 2840 videlicet
441 2770 498 2840 ubi
516 2771 549 2837 in
571 2771 772 2840 memoriam
791 2771 880 2842 beati
896 2773 1048 2842 notberti
1065 2771 1212 2842 ecelesia
1228 2767 1416 2842 constructa.
1477 2771 1478 2778 ’

170 2882 188 2929 a
215 2859 454 3016 praesentibus
479 2857 592 2928 adbuc
617 2861 769 2930 cernitur
793 2861 826 2930 in
855 2861 1087 2931 testimonium
1121 2861 1312 2950 praesentis
1339 2855 1420 2926 mira·

169 2969 212 3019 ou
230 2947 250 3014 i.
279 2946 341 3016 Sed
371 2947 452 3035 quia
473 2947 688 3018 venerandus
713 2949 764 3018 vir
787 2947 1003 3019 tudomams
1028 2949 1300 3040 parvipendebat
1323 2947 1418 3016 lumen

169 3035 361 3106 carnalium
386 3035 564 3106 oculorum
590 3037 651 3123 qui
675 3034 792 3106 lumen
817 3051 906 3109 certe
929 3037 1056 3107 civium
1081 3037 1300 3110 desiderabat
1323 3051 1419 3123 supet·

170 3147 308 3206 norum,
334 3124 428 3195 illico
447 3125 606 3215 precibus
630 3125 787 3206 eandem,
813 3146 917 3213 quarn
943 3126 1122 3198 ultroneus
1149 3126 1290 3208 ferebat,
1320 3139 1419 3194 rursus

169 3213 363 3304 impetravit
379 3215 588 3284 caecitatem.
608 3219 679 3297 Qua
695 3215 729 3282 in
748 3213 956 3285 exhibitione
973 3215 1133 3285 miraculi
1150 3237 1219 3286 non
1240 3214 1320 3286 latet
1332 3213 1420 3280 virtus

168 3303 354 3394 operantis,
381 3301 438 3372 sed
456 3315 611 3393 superest
626 3325 788 3391 quaerere
810 3305 969 3373 meritum
994 3317 1128 3394 optatae
1145 3304 1296 3376 virtutis.
1315 3307 1419 3392 Verum

167 3393 331 3464 subtilius
348 3389 607 3480 speculantibus
632 3391 776 3462 dubium
801 3413 875 3464 esse
900 3413 967 3463 non
989 3406 1109 3483 potest,
1136 3394 1219 3481 quia
1246 3397 1419 3484 praeeunte

146 3481 234 3551 bus
256 3480 385 3552 meritis
405 3480 515 3552 sancti
539 3479 696 3557 vedasti.
725 3479 833 3561 fides,
863 3494 903 3552 ut
930 3481 1140 3564 alliceretur,
1171 3481 1322 3553 obtinuit
1347 3479 1418 3571 bealt

166 3571 330 3642 notberti.
358 3569 583 3660 Stupentibus
602 3583 716 3640 autem
741 3569 800 3657 qui
831 3569 973 3641 aderant
998 3571 1090 3641 vario
1113 3583 1236 3642 eventu
1266 3561 1416 3640 miracul.

165 3658 303 3730 beatum
329 3681 456 3748 eorpus
475 3657 516 3728 ad
536 3657 650 3728 locum
675 3660 718 3730 ab
738 3657 860 3749 angelo
885 3659 1104 3750 designatum
1123 3659 1313 3730 honorifice
1328 3667 1418 3725 trans·

165 3748 330 3820 tulerunt.
352 3752 425 3831 Quo
447 3747 481 3816 in
498 3746 573 3818 loco
590 3748 794 3819 venerabilis
808 3749 998 3839 Episcopus
1016 3749 1262 3820 monasterium
1281 3735 1418 3815 eonslru·

163 3837 223 3919 xit,
251 3851 283 3908 et
307 3857 344 3906 ex
371 3837 472 3906 rebus
497 3835 552 3906 sui
577 3837 749 3928 Episcopii
775 3838 809 3906 in
836 3861 937 3908 usum
965 3837 1208 3908 famulantium
1235 3859 1297 3926 pro
1320 3847 1416 3903 rerunt

165 3926 420 4018 opportunitate
451 3926 609 3996 donavit:
644 3927 703 3996 ubi
734 3927 832 4014 juxta
863 3948 1051 4016 congruam
1088 3948 1203 3996 rerum
1240 3922 1415 3995 facultatem
1477 3939 1478 3948 ¹

163 4014 285 4087 fratres
310 4016 343 4084 in
369 4014 535 4102 obsequia
561 4013 669 4084 divini
696 4014 810 4084 cultus
835 4015 1021 4104 deputavit.
1047 4019 1092 4084 De
1119 4015 1216 4086 obitu
1244 4034 1338 4094 vero,
1361 4021 1416 4096 (111⁰
1461 3996 1478 4090 l

165 4115 230 4173 tem
238 4127 317 4192 pore
337 4116 453 4173 sanata
472 4104 562 4173 beati
578 4103 728 4174 fulberti
739 4103 773 4138 *⁴
786 4105 903 4174 anima
919 4127 1021 4174 carne
1038 4104 1162 4186 soluta,
1179 4119 1357 4193 supernam
1374 4093 1416 4191 le·

165 4191 316 4262 rusalem
336 4193 442 4281 petiit,
470 4203 600 4262 certum
632 4191 714 4279 quid
741 4191 781 4262 ad
814 4206 964 4264 nostram
990 4193 1145 4264 notitiam
1168 4215 1233 4264 non
1261 4191 1413 4282 pervenit.

191 4351 204 4377 *
218 4351 295 4398 Rutu·
305 4351 391 4391 fastum
402 4349 439 4390 dia
449 4353 461 4390 s
471 4352 613 4400 septembris
623 4353 761 4394 celebratur.
775 4355 831 4393 vtde
843 4355 945 4402 surium,
953 4355 997 4403 liae
1008 4353 1052 4396 die.

192 4404 219 4431 ²³*
235 4405 257 4444 8.
267 4405 394 4446 autbertus
404 4405 491 4446 obuiae
501 4406 594 4446 videtur
604 4416 663 4448 enno
674 4409 718 4448 tlte.
732 4427 754 4436 -
767 4409 803 4448 lta
812 4407 905 4450 Batttet.
