2946 4798
559 499 684 574 VITA

43 721 168 822 tatu
203 723 417 823 lOtiNNlS
455 721 694 822 trostott
735 723 792 822 at
829 721 1215 823 attotattstru

275 984 332 1028 PER
360 981 518 1028 stauortsu
542 981 788 1027 UETAPHRASTEN
814 979 955 1027 scalers.

403 1173 497 1228 obiit
518 1173 609 1228 circa
631 1187 757 1228 annum
780 1175 847 1228 101.

51 1367 112 1450 §l-
136 1375 237 1450 Quam
268 1389 389 1457 parum
409 1367 501 1438 absit
518 1368 619 1438 lromo
644 1371 687 1438 ab
712 1368 861 1458 augelis,
888 1369 1050 1458 quodque
1079 1371 1147 1459 ipsi
1181 1391 1258 1458 pos·

17 1453 94 1524 sibile
114 1461 151 1526 sit
167 1480 233 1527 una
249 1479 330 1528 cum
349 1455 417 1526 illis
435 1459 574 1537 versari,
592 1457 807 1543 viciniusqua
827 1459 998 1538 assistere,
1022 1459 1129 1528 immo
1154 1459 1257 1528 etiam

19 1545 98 1612 deum
121 1547 239 1616 imitari
268 1547 385 1636 possit,
405 1547 566 1633 quodque
593 1546 701 1616 multo
721 1547 834 1635 majus
851 1561 912 1627 est,
932 1546 1026 1616 filias
1052 1547 1258 1637 illiusjuata

18 1635 130 1718 gratiam
153 1635 249 1716 ellici,
274 1635 423 1705 ostendit
449 1657 529 1725 prae
545 1635 709 1706 omnibus
739 1657 888 1724 magnus
910 1635 964 1704 hic
991 1636 1205 1724 Evangelista
1225 1649 1259 1706 at

18 1723 174 1808 apostolus,
197 1737 305 1794 matre
322 1723 461 1811 quidem
483 1723 619 1814 Virgine
643 1724 783 1803 ditatus,
808 1725 936 1813 dignus
967 1738 1081 1794 autem
1106 1725 1255 1806 habitus,

19 1811 61 1894 qui
81 1811 187 1883 t‘lrristi
205 1813 310 1882 trater
335 1827 523 1892 vocaretur,
541 1814 676 1901 ipsique
693 1813 804 1884 lactus
824 1813 940 1882 socius
956 1825 988 1882 et
1013 1813 1184 1902 particeps
1202 1838 1258 1882 ar-

19 1919 160 1970 canorum.
180 1908 302 1973 Verum
326 1903 470 1991 ipsamet
486 1901 603 1971 divina
620 1901 759 1971 oracula
785 1923 864 1972 voce
890 1901 1039 1970 rrtaxinta
1058 1902 1259 1990 praedicant

22 1988 61 2054 ltei
81 1990 106 2056 iu
129 1991 236 2078 seipso
258 1991 444 2080 magnalia.
467 1996 620 2060 Attamen
648 1990 679 2058 id
708 1991 924 2060 manifestius
948 2013 1061 2058 sermo
1084 1990 1182 2060 nohis
1204 2013 1259 2060 ex·

21 2074 138 2158 plicabit.
163 2082 223 2151 Hic
240 2080 334 2150 enim
355 2081 447 2150 verbi
472 2101 545 2159 vor,
569 2078 663 2148 filius
685 2079 838 2158 tonitrui,
862 2081 1061 2148 uuiversum
1083 2078 1259 2168 praedica-

22 2164 89 2234 tione
109 2167 398 2260 aomprehendens
422 2169 552 2248 orbem,
580 2181 627 2246 et,
655 2167 746 2253 quod
781 2168 892 2256 majus
916 2181 987 2248 cst,
1014 2168 1196 2254 solumque
1224 2169 1257 2236 in

23 2255 224 2336 sesutliciens,
243 2257 393 2328 dilectus
410 2257 454 2326 ab
479 2259 553 2346 ipso
577 2256 708 2326 Christo
736 2277 821 2334 meo,
869 2257 991 2326 atriam
1017 2255 1157 2342 quidem
1190 2278 1256 2326 non

25 2337 115 2412 habuit
137 2347 303 2418 civitatem
330 2345 495 2432 aliquam,
527 2345 584 2414 sed
610 2365 649 2414 ex
676 2344 732 2412 vili
765 2279 914 2430 quodam
938 2366 1037 2434 pago,
1070 2358 1102 2414 et
1127 2344 1258 2433 abjecta

24 2430 127 2512 regione
149 2449 246 2506 natus
271 2449 322 2504 est
338 2435 366 2500 ⁴.
394 2433 604 2504 Confirmant
625 2434 718 2502 hunc
743 2455 936 2504 sermonem
968 2434 1112 2512 scribae,
1141 2433 1258 2502 dicen-

24 2531 67 2584 tes:
82 2525 261 2612 l'ropltctam
288 2546 332 2592 aaa
360 2525 518 2593 Galilaea
540 2545 606 2592 noa
632 2525 821 2592 sarraat'sse
844 2523 956 2612 (loco.
980 2523 1050 2611 vn);
1077 2522 1259 2592 confirmat

21 2619 43 2669 a
59 2606 103 2675 ille
124 2632 192 2680 vere
216 2611 383 2688 Israelita,
410 2611 622 2681 contendens
648 2611 783 2682 nullum
802 2611 932 2682 bonum
951 2635 1024 2683 esse
1044 2633 1141 2700 posse
1159 2634 1179 2680 a
1195 2617 1256 2680 Na·

21 2698 105 2765 tareth
119 2700 175 2788 (ib.
193 2701 228 2789 1).
251 2705 299 2770 Ex
325 2701 388 2770 hac
409 2701 514 2790 igitur
539 2701 606 2778 hic,
633 2713 721 2768 etex
742 2701 800 2768 tali
818 2712 934 2770 tantus
959 2701 1131 2780 sacerdos,
1155 2700 1259 2770 veluti

22 2789 255 2881 tantusquidam
278 2789 476 2880 productus,
498 2802 591 2879 patre
615 2809 763 2876 quoque,
790 2789 1012 2858 conformiter
1027 2789 1069 2858 ad
1096 2790 1256 2879 patriam,

22 2867 142 2958 abjectus
159 2891 188 2948 et
210 2879 391 2958 obscurus,
420 2899 541 2969 nempe
568 2878 735 2967 piscatore
759 2901 799 2948 ac
819 2901 967 2968 paupere
982 2878 1027 2944 μ.
1053 2883 1090 2946 st
1108 2877 1162 2948 hic
1183 2877 1259 2964 qui-

22 2957 77 3054 dem
101 2967 251 3052 puerilem
269 2969 343 3058 jam
369 2979 511 3038 aetatem
536 2982 802 3056 egressuscrat:
832 2989 932 3056 porro
944 2979 1048 3124 (pater
1072 2966 1184 3038 silium
1216 2966 1259 3036 ad

23 3045 88 3144 tdem
115 3055 282 3143 opificium
314 3056 470 3138 assumit,
500 3056 701 3145 piscatoriae
728 3056 811 3124 artis
841 3057 1021 3124 haeream
1049 3057 1163 3145 ipsum
1189 3055 1260 3124 effi-

22 3155 101 3234 rtens.
119 3145 197 3214 artis
221 3145 335 3232 itaque
358 3145 474 3216 socius
490 3160 562 3214 erat
581 3145 672 3214 lilius
697 3146 795 3234 patri,
823 3143 1053 3214 etfamiliaris
1078 3163 1118 3214 ac
1142 3144 1256 3214 dome·

23 3235 84 3320 sttca
106 3246 169 3301 erat
186 3234 323 3321 utrique
352 3246 546 3324 paupertas.
575 3233 661 3316 Quid
692 3235 782 3302 enirn
811 3235 1000 3321 pauperius
1026 3247 1058 3302 et
1086 3231 1257 3319 abjectius

23 3309 108 3384 dicere
128 3323 291 3412 quispiam
312 3324 443 3413 poterit,
466 3345 569 3412 quam
589 3323 658 3391 sint
683 3323 869 3412 piscatores
885 3325 1064 3404 lQuorum
1087 3321 1142 3390 ltic
1166 3343 1260 3390 unus

23 3417 73 3500 titt
94 3426 203 3504 praeco
219 3413 377 3492 veritatis,
405 3435 444 3482 ac
464 3425 672 3500 praeceptor.
693 3411 858 3498 Quodque
880 3413 993 3498 majus
1020 3423 1071 3478 est
1096 3409 1138 3478 ad
1164 3409 1257 3510 abje3

25 3503 118 3564 atronts
135 3497 466 3580 demonstrationem,
501 3523 567 3569 nou
600 3501 631 3568 in
659 3501 745 3570 mari
771 3499 987 3589 piscabatur,
1022 3499 1137 3568 sedin
1166 3498 1259 3568 brevi

25 3581 139 3680 tudam
164 3587 247 3670 lacu,
274 3611 343 3658 una
367 3611 445 3660 cum
475 3604 579 3678 patre,
600 3600 632 3659 et
650 3587 751 3658 fratre
774 3589 901 3658 lacobo
920 3588 1131 3669 versabatur,
1154 3599 1258 3676 rupta

27 3683 144 3742 sarotens
164 3679 242 3746 retia
263 3678 366 3764 (quod
384 3691 416 3748 et
440 3679 555 3766 ipsam
570 3692 739 3746 extremae
766 3677 1089 3767 paupertatiscrat)‚
1117 3697 1156 3746 ac
1184 3699 1255 3746 ma-

28 3771 107 3856 ssaum
123 3765 257 3834 artificio
280 3767 462 3837 consolans
480 3767 751 3836 necessariorum
774 3766 1012 3855 indigentiam.
1028 3771 1145 3852 Itaque
1161 3787 1260 3855 grae·

28 3859 132 3943 caricae
153 3851 350 3943 disciplinae
368 3877 409 3926 ne
426 3856 460 3924 in
488 3855 622 3926 modica
639 3853 778 3942 quidem
799 3856 970 3944 particeps
986 3866 1069 3924 erat.
1089 3854 1194 3943 Cujus
1212 3854 1259 3922 rei

30 3937 97 4022 tasas
110 3951 154 4008 est
169 3955 304 4014 sanctus
320 3949 439 4023 Lucas,
457 3945 517 4030 qui
533 3944 645 4032 ipsum
662 3944 802 4012 idiotam
818 3957 913 4014 vocat
928 3956 959 4012 et
973 3943 1125 4012 alienum
1141 3943 1260 4011 alitte-

31 4034 69 4085 m,
84 4027 177 4122 Unum
195 4031 255 4101 hoc
271 4033 379 4103 solum
400 4031 545 4102 habebat
564 4034 709 4122 insigne,
729 4055 797 4118 qua
809 4046 1064 4122 agnosceretur,
1078 4046 1110 4102 et
1125 4031 1257 4100 bonum

32 4101 74 4213 *¹⁰9
91 4119 246 4188 t'tnculutn
269 4145 288 4190 a
306 4123 459 4211 patribus
477 4123 642 4200 trahebat,
665 4143 787 4210 nempe
805 4123 977 4210 pietatem.

62 4200 123 4276 {²-
147 4207 204 4276 Ubi
220 4223 328 4280 autem
356 4211 566 4280 umbraticae
586 4210 730 4279 nebulae
757 4210 904 4280 elevatae
925 4223 1016 4289 suut,
1039 4221 1142 4288 elea,
1172 4231 1261 4296 quae

54 4355 200 4423 :uprobobtlitar
210 4371 231 4409 iu
242 4373 365 4414 Bethsaida
375 4375 413 4412 vul
424 4363 555 4421 Memmi
568 4383 633 4422 1²⁰8&

82 4411 187 4462 zabedaaas
199 4427 334 4466 sambatus:
344 4430 363 4466 is
376 4427 403 4466 ad
415 4428 490 4466 larum
502 4427 647 4465 ttanazareth
660 4427 738 4466 sedern
750 4426 856 4468 habebat.
870 4429 944 4468 stater
955 4436 1010 4468 sero
1022 4431 1073 4468 arat
1083 4427 1185 4468 salome.
