2932 4812
49 256 128 321 truc.
157 257 199 322 29
426 275 464 322 nr.
489 277 516 324 s.
543 275 707 324 annonario
731 274 930 323 conrassona
1206 260 1264 324 tat

45 359 226 430 concordes
251 359 458 430 recederent.
480 363 607 430 Omnes
631 360 674 430 ad
700 360 814 448 ipsum
841 361 1025 442 venientes,
1046 359 1190 440 nobiles,
1213 361 1312 450 igno·

44 447 149 528 biles,
180 470 346 538 pauperes
369 461 402 519 et
427 469 505 540 pere
532 450 626 519 rinos
646 448 803 536 jucundo
831 447 928 518 vultu
957 462 990 518 et
1016 471 1096 518 cum
1121 449 1311 538 gratiarum

42 537 172 606 actione
196 536 397 628 excipiebat,
426 560 487 608 nec
507 471 612 608 labile
645 539 721 607 sine
753 537 869 625 aliquo
898 537 1059 625 quamvis
1088 539 1212 627 exiguo
1236 560 1313 608 mu·

43 625 188 695 nusculo
211 649 230 696 a
255 649 291 698 se
314 625 518 696 dimittebat.
537 625 634 697 nolti
654 627 812 696 homines
837 627 1009 699 seculares
1032 627 1125 698 lehre
1148 628 1308 715 correpti,

41 715 197 804 petebant
221 737 241 783 a
266 715 424 785 ministro
440 716 516 816 ejus
532 715 718 798 luuiculos,
741 716 869 804 quibus
886 716 1073 787 virbeatus
1093 715 1307 806 accingeret,

41 816 96 872 aut
118 802 301 894 quippiam
316 826 357 874 ex
381 804 593 874 vestimentis
616 805 704 894 ejus:
723 818 756 875 et
779 818 947 894 quotquot
970 827 1049 874 cum
1075 804 1143 874 tide
1166 805 1311 894 accipie-

40 892 131 973 bant,
154 892 378 963 sanabantur.
409 893 583 976 Quaedam
611 894 770 984 religiosa
794 893 942 964 foemina
961 895 1080 964 morbo
1096 895 1227 974 allecta,
1252 915 1312 1050 pet·

43 982 185 1051 nuncios
209 982 307 1072 petiit
329 981 487 1052 fimbrias
515 983 708 1054 vestimenti
728 983 815 1072 ejus.
835 983 881 1051 lis
905 983 1067 1072 acceptis,
1085 1005 1164 1052 cum
1195 1005 1253 1051 mu
1271 984 1314 1054 tis

46 1072 131 1138 venit
149 1067 192 1139 ad
213 1093 294 1140 eum
315 1071 512 1141 incolumis.

91 1159 171 1244 §ss
193 1159 250 1228 Bis
266 1160 301 1228 in
318 1181 409 1229 enno
427 1159 596 1248 pendebat
612 1182 652 1229 ex
677 1173 751 1230 voto
773 1159 938 1229 tributum
962 1160 1104 1230 Domino
1131 1165 1207 1240 Deo,
1230 1172 1313 1249 puta

52 1247 82 1314 in
99 1247 218 1319 Christi
235 1248 425 1330 Nativitate,
442 1262 475 1318 et
495 1249 592 1319 tertio
616 1249 671 1318 die
688 1262 765 1318 ante
788 1248 928 1318 Pascha:
945 1249 1074 1334 quibus
1091 1249 1215 1318 diebus
1231 1269 1311 1317 cen-

54 1347 115 1404 tum
139 1358 177 1405 ar
201 1338 273 1406 enti
297 1336 425 1408 solidos
449 1337 553 1408 dabat
582 1337 817 1428 pauperibus;
844 1335 936 1423 quod
963 1349 1074 1406 tamen
1099 1337 1201 1406 etiam
1226 1336 1312 1405 alias

49 1445 103 1512 pro
120 1359 251 1496 virihus
274 1425 431 1496 iaciebat.
449 1425 686 1516 Pauperculus
710 1425 851 1516 quidam
872 1447 912 1494 ex
929 1424 997 1495 alia
1022 1425 1171 1514 regione,
1193 1426 1312 1495 morbo

48 1512 138 1582 valde
160 1512 350 1596 coniectus,
374 1515 465 1586 venit
485 1515 528 1585 ad
553 1537 631 1585 eum
656 1515 911 1603 eleemosynam
934 1514 1113 1602 petiturus.
1138 1514 1239 1583 Illam
1263 1514 1314 1582 vir

48 1601 99 1670 Dei
122 1604 367 1693 conspicatus:
390 1627 408 1670 a
433 1609 471 1674 Et
498 1603 683 1692 quomodo,
714 1605 836 1690 inquit,
866 1602 980 1684 irater,
1013 1613 1144 1672 tantum
1174 1602 1313 1692 potuisti

48 1689 211 1780 explicare
228 1693 291 1762 iter
314 1692 477 1762 exhausto
492 1697 655 1784 corporet
674 1717 691 1760 a
709 1691 772 1762 lilo
796 1691 942 1773 dicente,
963 1713 999 1760 se
1023 1693 1139 1780 inopia
1154 1691 1313 1782 eompul·

49 1801 116 1848 sum
143 1780 176 1850 id
204 1779 336 1862 secisse,
354 1783 401 1850 ait
426 1783 478 1851 vir
501 1785 616 1850 Dei:«
644 1787 794 1851 Praestat
814 1793 845 1851 te
870 1780 925 1850 hic
943 1801 1092 1860 manere,
1118 1800 1223 1867 quam
1249 1781 1314 1849 ali-

49 1867 120 1937 cuhi
138 1870 286 1941 canibus
312 1870 534 1941 lacerandum
561 1871 687 1940 offerri.
707 1895 724 1937 r
742 1870 864 1940 Mansit
888 1870 1004 1958 igitur,
1032 1881 1064 1938 et
1089 1867 1182 1937 brevi
1209 1869 1312 1956 profi-

50 1956 144 2038 ciens,
165 1980 226 2028 coe
254 1959 279 2028 it
302 1959 440 2029 hortum
466 1960 597 2029 colere:
619 1959 744 2028 deinde
771 1981 871 2029 verus
895 1957 1006 2028 sactus
1032 1970 1081 2028 est
1106 1955 1310 2026 monachus.

51 2044 133 2116 llius
151 2048 213 2134 qui
240 2068 296 2117 am
327 2049 429 2118 rebus
456 2070 597 2138 pauper,
617 2048 676 2118 sed
701 2069 844 2136 corpore
873 2046 1071 2124 incolumis,
1096 2057 1311 2116 contractum

51 2135 284 2217 assimulavit,
308 2149 345 2206 ut
370 2137 448 2226 plus
472 2139 614 2208 caeteris
629 2138 798 2227 acciperet
822 2159 842 2206 a
862 2137 933 2207 viro
955 2135 1023 2206 Dei.
1044 2135 1107 2204 Ubi
1125 2145 1238 2204 autem
1258 2155 1312 2202 ae·

54 2225 130 2324 cepit
158 2225 292 2325 aliquid
325 2227 454 2306 abeo,
489 2248 565 2296 mon
592 2225 685 2296 febre
711 2247 918 2316 percussus,
947 2226 1037 2295 intra
1076 2244 1204 2314 paucos
1240 2222 1313 2290 dies

54 2325 233 2384 castravit.

90 2335 160 2486 §pt
181 2407 265 2473 Cum
283 2402 355 2492 jam
384 2402 434 2472 vir
458 2417 599 2474 sanctus
623 2403 871 2492 octogesimum
896 2403 1016 2472 aetatis
1038 2423 1170 2471 annum
1198 2420 1312 2468 eroes-

52 2487 151 2571 sisset,
182 2491 273 2560 sicut
301 2491 344 2561 ab
372 2490 447 2581 ipso
477 2491 676 2574 didicimus
708 2491 869 2581 cupiebat
892 2490 1049 2571 dissolvi,
1078 2503 1110 2560 et
1134 2511 1208 2559 esse
1232 2509 1311 2588 curn

51 2576 193 2649 Christo:
213 2579 348 2650 dicebat
372 2579 463 2649 enim
489 2580 662 2650 infidelem
688 2601 762 2650 esse
788 2602 937 2661 servum,
956 2580 1017 2667 qui
1038 2579 1122 2649 nolit
1145 2577 1312 2647 venirem

50 2681 261 2756 conspectum
287 2669 421 2737 Domini
444 2671 510 2738 sui.
531 2669 655 2738 lncidit
678 2681 791 2739 autem
825 2668 859 2736 in
887 2669 1045 2738 morbum
1075 2688 1226 2758 gravem,
1253 2664 1312 2735 sed

49 2755 279 2826 corroborante
303 2779 382 2826 eum
401 2758 530 2848 Spiritu
549 2763 684 2839 Sancto,
705 2779 772 2827 non
798 2759 905 2828 sensit
922 2756 1085 2837 dolorem,
1104 2754 1162 2826 sed
1175 2753 1314 2846 jacebat

51 2841 201 2916 afflictus.
219 2850 285 2915 Nec
304 2867 382 2915 vero
401 2847 587 2934 quicquam
609 2846 825 2917 esculentum
851 2859 910 2916 aut
936 2845 1158 2936 poculentum
1177 2864 1312 2916 sumere

51 2934 161 3028 potuit,
183 2945 315 3024 praeter
332 2957 457 3024 aquarn
484 2935 604 3006 solam.
624 2934 728 3005 Paulo
745 2949 819 3024 post
836 2934 1057 3004 veneruntad
1074 2943 1152 3004 eu'm
1170 2932 1311 3021 quidam

50 3021 106 3088 nri
123 3023 337 3110 spectabiles,
364 3023 482 3092 vinnm
501 3045 619 3094 secum
644 3025 834 3105 afferentes,
854 3023 947 3093 unde
972 3045 1094 3114 parum
1112 3022 1240 3104 hausit,
1264 3033 1313 3090 at-

50 3126 110 3191 que
133 3111 178 3180 ita
201 3111 276 3180 sine
293 3111 371 3180 cibo
388 3113 469 3182 vixit
492 3112 566 3182 dies
586 3112 815 3202 quadraginta
833 3124 975 3202 septem,
997 3113 1063 3183 nisi
1079 3111 1170 3200 quod
1189 3109 1314 3180 Christi

50 3215 165 3287 corpus
188 3212 221 3270 et
244 3201 450 3291 sanguinem
479 3202 699 3291 percipiebat.
718 3207 755 3271 Et
773 3200 1002 3270 nihilominus
1023 3214 1199 3288 tamquam
1227 3198 1313 3268 bene

52 3298 137 3356 satur
160 3309 225 3358 non
251 3289 408 3362 cessabat
433 3289 632 3380 praedicare
652 3289 815 3360 fratribus
841 3290 981 3360 verbum
1010 3291 1078 3359 hei.
1098 3287 1313 3378 Rogantibus

51 3391 120 3442 eum
143 3375 317 3458 iratribus
345 3392 383 3448 ut
409 3401 531 3468 parum
556 3379 625 3449 cibi
650 3392 796 3470 caperet,
818 3377 874 3448 ille
904 3377 1099 3468 respondit:
1121 3399 1139 3442 t<
1166 3383 1310 3458 Quaeso,

53 3456 172 3546 iratres,
195 3487 237 3536 ne
258 3466 364 3554 hujus
388 3469 438 3537 rei
454 3467 582 3538 mentio
606 3469 668 3538 sit:
692 3468 777 3537 mihi
797 3468 888 3536 enim
915 3465 1091 3536 fastidium
1112 3465 1212 3566 parit.
1235 3469 1313 3565 ¹»Ut

53 3563 154 3622 autem
179 3555 278 3628 liceat
302 3555 388 3624 mihi
407 3554 587 3646 paululum
607 3557 793 3643 quiescere,
810 3556 902 3626 loras
916 3555 1134 3646 egredimini.
1153 3577 1171 3620 n
1187 3550 1313 3625 Deinde

56 3651 174 3714 vertens
200 3665 236 3715 se
259 3643 302 3714 ad
325 3646 501 3734 parietem,
529 3648 714 3715 Dominum
740 3645 1001 3736 deprecabatur,
1034 3655 1146 3713 mente
1170 3641 1213 3711 ad
1238 3661 1313 3710 coe-

56 3719 138 3798 lestia
166 3732 467 3816 sublevaremus
492 3745 605 3804 autem
633 3755 751 3824 preces
776 3734 905 3804 solebat
930 3755 1036 3806 sanus
1059 3731 1227 3810 sundere,
1255 3749 1313 3799 eas

57 3812 173 3888 volebat
194 3821 239 3892 ab
263 3821 341 3892 aliis
373 3845 487 3892 coram
522 3846 558 3893 se
583 3824 741 3912 persolvi.
777 3822 976 3892 Dicentibus
1010 3842 1089 3891 vero
1122 3819 1311 3889 iratribus:

58 3905 147 3974 «Cur
161 3929 232 3992 nos,
252 3922 359 4000 pater,
379 3911 413 3980 in
439 3912 570 3982 alienas
595 3912 702 3982 tradis
727 3915 876 3982 manus?
892 3916 956 3982 hut
972 3909 1055 3999 qaid
1075 3930 1148 3988 nos,
1170 3919 1200 3977 te
1217 3905 1315 3976 dece-

59 3986 166 4078 dente,
192 3999 314 4068 lacturi
339 4022 463 4072 sumus
475 4007 489 4069 l
517 4023 534 4067 a
561 4000 621 4070 ille
655 4000 832 4091 respondit
866 4000 1035 4070 sententia
1072 3994 1310 4096 memorabili:

62 4083 216 4156 tltaneat
241 4087 328 4156 inter
359 4110 418 4158 vos
443 4089 638 4160 animorum
660 4089 858 4180 conjunctio
878 4100 911 4159 ct
933 4089 1096 4169 charitas,
1129 4106 1189 4155 nec
1216 4107 1315 4172 quis-

65 4183 228 4274 blemyes
253 4175 401 4266 diripere
422 4178 556 4268 poterit.
577 4179 625 4249 Sit
649 4179 683 4247 in
707 4178 802 4249 vobis
822 4178 988 4267 spiritalis
1003 4176 1153 4258 dilectio,
1171 4186 1203 4244 et
1219 4171 1312 4261 quod

69 4263 251 4334 tronisrstis
274 4267 358 4346 Deo,
388 4264 421 4334 id
455 4267 599 4356 implere
630 4267 807 4337 studeatis.
840 4272 983 4337 Precum
1009 4277 1200 4337 vestrarum
1230 4285 1313 4352 pen-

69 4355 127 4410 Suu
150 4347 302 4421 lubentes
327 4354 517 4443 persolvite,
535 4355 724 4426 castitatem
743 4357 938 4436 sectemini·
954 4353 1170 4424 iracundiam
1192 4351 1311 4443 fugite,
