2960 4824
60 283 113 345 ott.
131 281 159 346 ll
428 301 465 346 nr
489 301 516 346 s.
543 300 679 348 neumas
703 300 830 348 srvnrrn
1159 283 1217 347 att

55 397 73 450 et
88 399 229 473 stuporem
257 397 289 452 et
313 396 438 454 metum
462 384 560 454 affert
584 383 771 455 sacerdoti:
798 396 973 472 stuporem
998 384 1152 475 quidem,
1179 407 1267 476 quo·

54 493 104 540 nam
130 472 217 542 modo
242 473 291 542 sic
319 473 398 563 ejus
420 474 578 564 cognovit
601 472 808 543 adventum:
847 473 1004 542 timorem
1032 488 1146 544 autem
1172 474 1267 564 quod

53 581 117 630 mens
135 562 198 650 ejus
217 583 340 651 magno
359 575 429 632 erat
444 562 577 632 Danieli
594 562 787 632 manilesta.
806 566 921 648 Neque
935 562 1028 632 enirn
1047 562 1114 631 nisi
1127 576 1268 634 coactus

50 645 133 718 luisset
151 650 189 720 ab
206 655 421 740 Imperatore,
446 650 489 719 ad
513 671 592 720 eum
618 673 771 740 unquam
796 651 913 720 venire
936 651 1128 720 annuisset.

76 739 160 824 §Db
178 743 252 808 Cum
272 751 384 810 autem
398 751 431 809 et
443 739 646 829 Episcopus,
665 741 773 829 etqui
790 739 1025 826 sequebantur
1040 741 1264 831 Episcopum,

49 825 156 895 multum
171 829 376 918 rogavissent
394 839 432 898 ut
448 828 712 898 admoverentur
730 828 855 908 scalae,
873 840 906 898 et
929 827 973 899 ad
997 849 1076 898 eum
1103 827 1266 898 ascende·

48 927 88 994 ret,
105 915 283 1002 prohibebat
306 938 384 986 vero
407 917 555 986 invictus
581 916 718 986 Daniel:
752 915 956 986 imminebat
980 930 1094 987 autem
1122 917 1189 986 'am
1214 917 1266 987 sol

48 1001 134 1072 mediis
153 1026 263 1076 eorum
287 1005 470 1094 capitibus,
488 1003 610 1076 calidis
628 1027 686 1076 eos
705 1004 832 1075 feriens
848 1005 966 1086 radiis,
985 1018 1018 1076 et
1037 939 1173 1076 videbat
1189 1006 1268 1096 Epi·

46 1111 83 1158 sco
102 1113 135 1162 us
155 1093 401 1164 multitudinem
427 1094 485 1164 siti
508 1106 540 1164 et
563 1107 660 1164 aestu
684 1095 816 1174 torreri,
838 1095 938 1183 jubet
957 1094 1104 1166 inferius
1122 1093 1265 1185 quidem

44 1113 243 1253 lrcbdiacono
260 1204 375 1273 preces
399 1181 512 1252 dicere
535 1195 729 1253 consuetas.
751 1187 829 1272 lpse
845 1195 959 1253 antero
985 1205 1065 1254 cum
1083 1195 1172 1254 esset
1190 1205 1266 1272 pre·

44 1281 121 1348 catus,
140 1271 268 1342 ordinat
291 1293 455 1361 magnum
473 1269 647 1341 Danielem
668 1271 770 1342 etiam
789 1293 857 1342 noo
877 1287 1102 1361 praesentem,
1123 1273 1267 1362 presby-

45 1365 131 1437 terum,
155 1373 183 1428 et
206 1359 308 1431 simul
335 1359 520 1430 multitudo
538 1359 581 1428 de
595 1381 646 1440 en,
666 1360 813 1450 quierat
830 1360 1060 1452 verediguus,
1080 1361 1263 1432 clamabat:

42 1444 145 1532 Dignus.
167 1452 245 1518 Cum
264 1448 313 1520 sic
336 1447 532 1520 Patriarcha
557 1449 755 1519 Geovredius
779 1448 952 1531 Danielem
975 1450 1187 1519 nominasset
1210 1471 1266 1520 sa-

40 1532 192 1618 cerdotem,
218 1551 250 1606 et
274 1559 292 1604 v(
319 1559 417 1618 eece,
444 1537 608 1623 dixissetf,
633 1549 666 1608 et
690 1537 751 1608 tibi
777 1536 928 1627 populus
946 1539 1078 1628 iustam
1102 1538 1145 1608 de
1171 1559 1266 1608 more

40 1636 176 1716 pmpterea
196 1625 310 1697 emisit
334 1647 475 1708 vocem,
501 1637 534 1696 et
557 1631 646 1698 Deus
669 1624 819 1715 desuper
855 1626 913 1695 tibi
946 1647 1008 1715 per
1039 1647 1092 1695 me
1123 1647 1265 1696 manum

39 1712 183 1798 imposuit;
206 1729 237 1786 et
259 1715 389 1794 omnia,
408 1726 446 1784 ut
462 1713 567 1785 semel
592 1714 719 1796 dicam,
745 1714 928 1803 suscepisti
953 1715 1051 1804 signa
1066 1715 1263 1785 sacerdotii.

39 1799 120 1868 Restat
135 1823 208 1894 ergo
231 1815 269 1874 ut
294 1803 406 1874 scalae
429 1802 676 1873 admoveantur
698 1803 893 1884 columnae,
916 1817 954 1872 ut
978 1805 1025 1874 sis
1048 1804 1151 1873 etiam
1175 1805 1266 1874 sacri

38 1889 168 1979 particeps
189 1890 375 1972 sacrificii,
396 1903 429 1960 et
449 1897 516 1962 Deo
543 1892 676 1962 vocanti
707 1893 850 1963 omnino
884 1891 997 1962 cedas.
1022 1915 1040 1960 ι
1066 1897 1160 1962 Tunc
1184 1914 1263 1962 cum

36 1969 124 2046 letus
138 1981 344 2070 cognovisset
359 1979 476 2050 Daniel
496 1980 581 2050 haec
604 2002 673 2050 nou
694 1981 768 2050 fieri
786 1983 862 2052 sine
883 1982 942 2052 Dei
966 1982 1122 2061 numine,
1149 1981 1208 2050 sed
1232 1983 1265 2050 ei

36 2079 241 2158 quoquegrata
259 2091 335 2139 esse
358 2081 391 2139 et
413 2081 550 2227 accepta
575 2091 664 2156 quae
687 2069 775 2140 lacta
799 2083 891 2153 sum,
910 2068 1263 2170 jubetuponiscales,

35 2164 56 2217 et
66 2155 217 2228 coelestem
232 2179 310 2228 mar
334 2157 468 2237 aritam,
513 2158 653 2238 ivioam,
673 2159 828 2246 inquam,
845 2179 1139 2238 communionem,
1154 2169 1187 2227 et
1206 2157 1265 2228 dat

35 2253 57 2306 et
73 2245 184 2333 accipit.
208 2249 293 2316 Dein
319 2269 339 2316 e
362 2269 441 2318 cum
458 2247 560 2316 etiam
585 2245 721 2318 fecisset
737 2247 803 2317 ulia
829 2248 944 2318 omnia
959 2268 1048 2335 quae
1064 2246 1175 2316 solent
1190 2247 1264 2316 lieri

37 2332 276 2418 esacerdotibus,
304 2347 336 2407 ct
362 2347 519 2424 precatus
533 2346 623 2406 esset
639 2357 700 2425 pro
717 2335 952 2418 multitudine,
969 2359 1028 2406 eos
1044 2335 1177 2406 dimisit
1197 2335 1264 2404 lae·

40 2423 220 2494 taotessimul
238 2437 272 2494 et
292 2423 524 2494 admirantes:
540 2424 664 2513 partim
681 2424 821 2511 quidem
843 2437 982 2515 propter
1026 2425 1262 2496 raescientiam

40 2513 61 2570 et
74 2527 124 2580 vere
138 2511 346 2584 laudabilem
367 2512 605 2593 timiditatem;
632 2513 756 2603 partim
775 2526 902 2594 auum,
944 2535 968 2584 u
1035 2515 1088 2583 vix
1106 2512 1261 2600 quidem,

39 2597 218 2675 persuadetur
243 2615 358 2672 tamen
383 2600 458 2690 ipse
481 2601 619 2688 quidem
645 2602 801 2691 accipere
824 2535 1067 2683 sacerdotium,
1091 2601 1161 2670 illis
1186 2622 1264 2670 vero

35 2685 156 2766 praebere
171 2712 290 2780 preces
306 2701 339 2758 et
353 2689 639 2760 benedictionem.
665 2695 756 2761 llaec
779 2690 983 2780 Imperatori
997 2710 1134 2780 quoque
1154 2689 1261 2779 signi-

33 2767 152 2857 ficantur,
168 2792 198 2848 et
214 2775 325 2850 simili
341 2799 420 2848 eum
440 2777 571 2879 replent
587 2777 713 2849 laetitia
729 2792 762 2850 et
778 2779 1018 2849 admiratione.

60 2861 159 2945 ΜΒ.
185 2871 269 2938 Cum
291 2887 415 2936 nomer
438 2879 642 2958 cingentes,
669 2867 827 2956 quisunt
847 2867 983 2956 imperii
1010 2867 1152 2956 proprii,
1170 2887 1263 2936 snm·

31 2948 121 3050 lasset
141 2957 294 3045 spiritnS,
322 2955 380 3026 sed
404 2889 582 3026 ‹boictsset
604 2969 773 3043 quantum
799 2957 842 3028 sit
865 2956 975 3026 virtus
996 2955 1140 3044 imperio
1166 2977 1264 3043 prae-

31 3047 148 3124 stantior,
173 3045 244 3136 ipse
267 3065 408 3134 quoque
431 3044 475 3115 ad
498 3065 579 3114 euno
596 3044 760 3126 aseendit,
787 3058 818 3114 et
846 3043 987 3135 perinde
1010 3065 1050 3113 ac
1075 3044 1105 3113 si
1129 3045 1262 3132 regium

30 3121 121 3199 fastum
141 3148 171 3205 et
188 3133 419 3225 supercilium
448 3133 643 3220 reliquisset
661 3131 818 3214 inferius,
845 3148 930 3206 etse
952 3133 1112 3212 exuisset,
1133 3134 1262 3218 sequi-

30 3209 83 3282 dem
103 3217 191 3291 humi
251 3222 433 3294 rosteruit:
460 3221 569 3311 tangit
601 3233 715 3293 autem
741 3243 856 3293 sacros
882 3221 975 3292 illius
1008 3219 1133 3310 pedes,
1164 3220 1264 3306 quasi

30 3297 86 3374 laec
107 3246 254 3382 laciendb
280 3311 393 3402 magis
420 3311 794 3408 honoraretur,·quam
827 3311 920 3398 quod
949 3323 1039 3410 esset
1061 3311 1262 3408 Imperator.

29 3391 175 3468 tuosoum
196 3402 252 3471 teti
283 3399 376 3481 isset,
403 3398 567 3488 impletur
590 3398 828 3478 admiratione,
855 3399 945 3472 sicut
969 3419 1066 3488 prrus
1090 3395 1258 3466 Gelasrus:

28 3497 96 3574 erant
115 3488 200 3558 enim
226 3423 280 3558 ab
304 3487 406 3578 pedes
422 3487 521 3558 valde
544 3499 732 3567 tumentes,
759 3498 792 3556 et
816 3489 957 3556 omnino
980 3499 1148 3558 scatentes
1173 3484 1263 3554 ulce·

28 3567 251 3664 minuuntque
267 3575 374 3648 simul
392 3574 555 3647 horribile
567 3588 600 3646 et
617 3573 811 3645 miserabile
835 3574 913 3645 illos
928 3575 1042 3646 videre
1056 3587 1089 3645 et
1109 3587 1260 3663 tangere.

28 3653 93 3726 lucc
112 3684 187 3754 ergo
211 3670 405 3755 Imperator
420 3664 525 3734 donat
551 3685 631 3734 eum
661 3664 735 3736 basi
759 3664 976 3754 geminarum
1005 3663 1260 3744 columnarum,

28 3759 88 3823 toas
108 3750 173 3839 ipse
203 3753 344 3842 posuit,
376 3751 550 3843 duplicem
583 3774 660 3822 eam
692 3750 892 3822 columnam
926 3752 1122 3822 nominans.
1150 3756 1258 3833 Quam

27 3836 177 3912 ascendens
196 3841 391 3912 laetabatur
405 3841 530 3912 Daniel.
551 3845 634 3912 llam
652 3853 684 3912 et
699 3839 759 3910 illa
774 3854 848 3910 erat
866 3840 1048 3909 sublimior
1064 3837 1259 3938 altitudine,

30 3931 49 3986 et
65 3923 132 3998 lvaec
154 3931 254 4002 etium
281 3929 528 4003 extendebatur
554 3929 597 4000 ad
622 3929 921 4010 exercitationem,
951 3940 1078 3998 aestate
1102 3927 1260 4014 quidem,

30 4009 166 4089 lrdeotius
189 4041 271 4092 eum
298 4019 369 4090 sole
392 4017 545 4098 feriente
571 4018 694 4108 hyeme
724 4031 851 4099 autem,
874 4020 951 4087 aere
973 4015 1146 4108 trigidius.
1179 4019 1263 4084 Cum

31 4113 117 4199 verost
132 4108 179 4176 vis
196 4121 391 4188 ventorum,
410 4107 566 4195 nivisque
582 4119 615 4177 et
630 4105 811 4196 grandinis
836 4107 1052 4177 vehementer
1071 4105 1261 4195 impeteret,

32 4193 237 4267 todennam
263 4194 484 4267 ostenderent
508 4195 649 4264 minime
674 4193 898 4276 tolerabilem,
926 4207 1015 4266 certe
1039 4193 1147 4264 multa
1176 4214 1260 4262 con-

34 4283 219 4377 alebamur
249 4283 441 4356 miracula:
469 4305 557 4372 quae
580 4282 720 4370 quidem
747 4283 856 4365 milri,
884 4285 1003 4354 vitenti
1035 4282 1261 4373 prolixitatem

35 4373 164 4456 tutionis,
191 4395 258 4444 non
292 4386 373 4446 suut
395 4374 514 4445 omnia
538 4371 632 4444 dictu
656 4371 789 4454 facilia,
824 4371 884 4443 sed
914 4373 1044 4455 solum,
1070 4384 1158 4460 quae
1181 4383 1264 4442 suut
