2994 4832
264 272 328 336 438
617 287 708 334 urs.
737 287 911 334 sannam.
938 283 1090 334 arcear.
1196 233 1206 252 ⁶
1290 265 1456 330 ·nttt.5

242 372 433 446 raeelarum
454 393 534 443 vero
548 372 722 444 Paschatis
739 370 863 441 lestum
880 370 1053 460 praeclare
1070 369 1105 438 in
1123 390 1162 438 ea
1181 366 1381 446 celebrasset,
1396 368 1457 452 qui·
1484 393 1485 450 t

215 397 364 534 busdam
381 483 498 531 secum
517 461 706 550 assumptis
720 460 897 540 lratribuS,
915 459 1053 528 venitin
1072 455 1278 537 castellium,
1294 455 1458 540 collemque
1484 453 1485 538 ἲ

217 552 427 643 repurgavit,
453 563 486 620 et
501 571 590 636 quae
608 561 681 619 erat
700 550 734 618 in
756 572 795 619 eo
813 549 965 627 materia,
991 570 1078 620 usus
1100 560 1152 617 est
1174 546 1216 616 ad
1242 545 1340 616 cellas
1361 543 1458 613 aedili-
1484 573 1485 652 p

216 641 358 712 caudas.
386 639 525 732 Interim
548 653 662 709 autern
689 637 772 710 dum
803 661 883 708 cnm
914 637 1079 708 fratribus
1104 637 1259 706 intensus
1280 646 1347 703 erat
1370 633 1456 722 operi,
1484 653 1485 670 t

217 731 393 800 invenitur
417 727 542 798 domus
562 727 744 818 cujusdam
770 727 806 796 in
824 728 955 797 mundo
980 725 1166 815 splendidi,
1192 746 1232 792 ex
1259 722 1458 814 pulcherrimo

217 819 333 908 lapide
356 829 565 896 constructa,
586 829 671 886 tecto
694 815 839 896 excelsa,
867 814 1107 904 magnitudine
1131 813 1258 902 ampla,
1290 825 1459 881 ornatam

217 908 325 998 piosis
343 905 463 996 gratiis
479 921 512 974 et
528 905 718 996 elegantiis.
738 911 820 976 Com
839 927 913 974 eant
930 909 1012 1004 erg'o
1028 903 1213 973 invenisset
1237 902 1351 970 beatus
1363 897 1456 969 Sabas.

217 1010 250 1066 et
270 997 343 1086 ipse
358 1015 494 1081 quoque
513 1015 587 1063 eam
612 993 815 1064 reddidisset
838 993 1094 1084 elegantiorem,
1112 1014 1152 1060 cx
1171 1013 1210 1062 ea
1230 991 1378 1058 divinum
1396 1001 1459 1056 ten-

218 1085 314 1177 plum
340 1085 461 1154 effecit.
494 1084 582 1152 Hinc
612 1082 798 1152 arbitratus
829 1081 918 1162 lore,
946 1095 983 1150 ut
1006 1103 1060 1152 res
1083 1082 1115 1151 ei
1139 1079 1333 1150 succederet
1358 1099 1393 1146 er
1418 1075 1458 1144 net

183 1205 187 1214 ·
218 1175 404 1252 voluntate,
432 1173 550 1242 statuit
575 1171 673 1261 plura
698 1171 880 1242 aedificare
904 1169 1112 1250 habitacula,
1139 1181 1171 1238 et
1196 1169 1308 1238 locum
1335 1166 1459 1254 redigere

218 1264 253 1332 in
270 1262 487 1332 coenobium.
516 1266 697 1348 Postquam
723 1273 837 1330 autem
861 1261 1065 1328 coenobium
1092 1258 1155 1327 boc
1181 1257 1244 1326 luit
1274 1256 1413 1332 finitum,
1435 1254 1457 1320 in

219 1351 425 1420 monasterio
437 1349 851 1420 collocatmultitudinem
865 1347 1050 1418 electorum
1070 1346 1329 1427 monachorum,
1342 1342 1457 1416 Paulum

217 1439 416 1528 quemdam,
442 1439 502 1525 qui
532 1439 738 1508 anachoreta
768 1438 878 1508 luerat
908 1437 1010 1538 longo
1037 1451 1187 1524 tempore
1211 1457 1291 1504 eum
1316 1431 1459 1502 Theodoro

218 1528 389 1618 discipulo
403 1527 604 1617 praeficiens
618 1550 736 1598 eorum
752 1526 1055 1596 administrationi.
1068 1524 1130 1595 Sed
1147 1547 1226 1594 cum
1250 1523 1372 1593 Paulus
1383 1518 1461 1616 paulo

218 1630 334 1709 poste
362 1617 427 1685 vita
447 1617 657 1696 excessisset,
686 1616 883 1692 Theodorus
902 1615 1048 1704 suscipit
1074 1635 1211 1683 omnem
1239 1634 1351 1682 rerum
1374 1609 1460 1678 adm-

218 1707 468 1786 niatrationem,
491 1719 522 1774 et
547 1705 684 1775 fratrem
707 1706 876 1794 Sergium,
896 1717 928 1773 et
947 1703 1092 1773 Paulum
1118 1701 1330 1772 avunculum
1356 1709 1460 1785 cooptat

219 1797 254 1866 in
276 1795 534 1874 monasterium,
556 1795 668 1882 quiet
696 1794 762 1883 ipsi
783 1793 940 1862 Castellio
962 1805 1078 1881 postea
1099 1791 1344 1880 praefuerunt:
1369 1789 1460 1870 eisque

219 1884 426 1954 commissus
442 1883 506 1952 luit
523 1883 743 1973 pontificatus
766 1881 858 1952 Silae
873 1895 906 1950 et
925 1879 1154 1954 Amathuntis.

262 1975 281 2060 ξ
305 1977 378 2045 28.
402 1977 508 2060 Atque
533 1972 640 2042 Sabae
663 1970 801 2058 quidem
830 1993 976 2062 magnae
999 1981 1070 2040 erat
1093 1990 1209 2049 curae,
1235 1983 1285 2047 ut,
1303 1988 1385 2054 quos
1398 1971 1462 2032 esset

220 2061 438 2153 plantaturus
462 2061 498 2131 in
525 2061 689 2130 coenobio
715 2059 883 2140 Castellii,
910 2071 942 2128 et
968 2071 1144 2149 provectae
1168 2070 1282 2128 essent
1306 2055 1423 2130 aetatis,
1441 2061 1485 2144 etp

220 2151 445 2220 monasticam
478 2149 612 2218 vivendi
640 2149 785 2218 formam
811 2159 970 2219 accurate
994 2159 1157 2218 tenerent.
1189 2144 1282 2215 Nulli
1316 2157 1418 2214 autem
1437 2145 1485 2237 aa?

219 2239 419 2318 mundanis,
447 2250 479 2306 et
504 2239 556 2314 iis.
583 2239 641 2325 qui
663 2259 782 2308 reeens
806 2237 1025 2316 advenerant,
1051 2234 1261 2305 concedebat
1286 2233 1460 2304 babitarent
1484 2221 1485 2284 l

220 2327 401 2398 Castellio:
427 2327 485 2396 sed
513 2349 617 2416 parvo
640 2325 804 2396 coenobio
819 2326 861 2394 ad
880 2331 1010 2394 Laurae
1035 2323 1205 2394 borealem
1228 2337 1362 2414 partem
1380 2331 1464 2389 extru-

219 2430 292 2496 cto,
316 2437 395 2484 oum
416 2415 448 2484 ei
476 2415 691 2504 praefecisset
719 2415 808 2484 viros
837 2413 1025 2483 industrios
1049 2425 1082 2482 et
1105 2413 1262 2493 sobrios,
1290 2425 1323 2482 et
1346 2415 1485 2502 quorun*

220 2504 301 2574 lidei
317 2503 410 2575 credi
437 2518 574 2594 possent
598 2502 741 2573 lratrum
768 2503 927 2584 animae,
955 2503 1018 2572 boo
1043 2502 1271 2572 habitandum
1296 2495 1463 2593 tribuitis.

220 2595 281 2680 qui
303 2615 321 2662 e
343 2593 473 2662 mundo
500 2614 618 2662 recens
645 2593 865 2671 ventitabant,
893 2593 1002 2660 donec
1032 2591 1145 2680 ipsum
1176 2590 1378 2660 Psalterium
1399 2583 1466 2654 didi·

220 2682 358 2760 cissent,
381 2694 413 2751 et
437 2703 473 2750 se
496 2682 728 2752 exercuissent
749 2683 781 2750 in
804 2681 871 2751 alia
890 2680 1137 2750 monachorum
1164 2681 1251 2748 vitae
1268 2677 1465 2748 institutione.

221 2769 360 2856 Dicebat
378 2770 470 2839 enim
497 2784 651 2858 oportere
681 2771 903 2848 monachum,
936 2769 994 2856 qui
1020 2768 1114 2858 degit
1138 2767 1176 2844 in¹
1198 2767 1299 2848 cella,
1326 2787 1396 2836 esse
1416 2775 1468 2830 stn-

221 2858 372 2938 diosum,
400 2857 619 2928 discernendi
642 2873 804 2948 potestate
830 2858 1045 2948 praeditum,
1073 2857 1240 2936 sobrium,
1264 2856 1467 2926 moderatum.

223 2958 482 3046 temperantem,
505 2961 624 3037 aptum
653 2948 695 3016 ad
723 2947 942 3017 docendum:
970 2967 1037 3016 non
1067 2958 1181 3015 autem
1201 2945 1408 3035 indigentem
1428 2938 1470 3006 tc

220 3048 329 3105 ctrina
354 3035 515 3116 aliorum,
538 3036 597 3122 qui
624 3049 736 3124 posset
759 3050 790 3106 et
816 3058 877 3106 sua
900 3035 1055 3104 membra
1080 3033 1263 3114 refrenare,
1291 3046 1324 3104 et
1349 3041 1468 3102 menum

221 3137 295 3194 tuto
319 3123 504 3194 custodire.
533 3129 576 3193 [te
600 3147 639 3194 eo
655 3125 746 3193 enim
773 3125 909 3194 dicebat
928 3123 1059 3194 dictum
1085 3123 1191 3192 luisse
1211 3145 1231 3192 a
1257 3122 1402 3192 Davide:
1426 3121 1470 3185 lto·

220 3217 331 3284 minus
356 3214 509 3284 babitare
522 3214 607 3303 fucit
626 3215 727 3282 onius
743 3216 845 3284 morte
862 3215 897 3282 t'n
913 3214 1009 3282 domo
1023 3217 1093 3314 (Pa.
1114 3212 1182 3300 67).
1206 3215 1291 3281 Cum
1317 3224 1422 3280 autem
1438 3202 1471 3268 ti·

221 3303 327 3372 disset
351 3303 407 3372 bic
430 3315 571 3374 sanctus
596 3316 701 3404 pater,
720 3325 798 3372 eum
817 3303 876 3390 qui
895 3313 1166 3382 renunciaverat,
1185 3313 1218 3370 et
1241 3298 1396 3390 regulam
1418 3313 1472 3364 mn·

222 3393 372 3462 nasticae
398 3391 624 3462 institutionis
647 3403 805 3460 accurate
831 3391 1014 3471 didicisse,
1041 3403 1074 3460 et
1099 3403 1246 3458 mentem
1281 3409 1381 3458 suam
1405 3391 1472 3452 reete

223 3503 323 3572 posse
345 3481 541 3562 custodire,
568 3492 600 3550 et
624 3480 788 3550 adversus
812 3479 1002 3550 contrarias
1025 3479 1226 3569 depugnare
1248 3475 1471 3567 cogitationes.

221 3584 254 3641 et
269 3593 286 3639 e
303 3583 414 3640 mente
429 3591 492 3640 sua
508 3570 681 3659 expulisse
697 3591 835 3638 omnem
858 3590 972 3637 rerum
992 3566 1251 3638 mundanarum
1278 3562 1471 3636 memoriam

222 3659 252 3727 ei
279 3659 463 3746 praebebat
494 3656 615 3728 cellam
648 3657 683 3726 in
710 3663 843 3738 Laura,
871 3657 908 3726 si
931 3678 1059 3746 corpus
1085 3656 1225 3726 baberet
1256 3654 1428 3724 infirmum
1451 3653 1475 3712 el

221 3747 447 3817 imbecillum.
476 3747 510 3816 Si
535 3769 613 3816 vero
640 3761 729 3817 esset
753 3745 849 3814 lortis
873 3758 905 3815 et
931 3746 1116 3826 robustus,
1144 3746 1176 3814 ei
1196 3744 1342 3833 jubebat
1373 3737 1473 3810 cellam

222 3835 415 3918 aedificare,
442 3837 506 3906 hoc
530 3836 650 3906 dicens
669 3848 702 3905 et
725 3855 893 3914 asserens,
920 3833 1010 3921 quod
1028 3835 1152 3924 siquis
1178 3833 1211 3902 in
1229 3853 1267 3902 eo
1284 3830 1358 3902 loco
1373 3825 1474 3897 cellam

224 3922 431 4004 aedificaret,
458 3937 517 3996 aut
537 3923 850 4026 superaedificaret,
871 3925 899 3992 is
917 3923 1083 4013 templum
1104 3922 1159 3992 Dei
1185 3932 1272 3992 esset
1296 3919 1476 4004 aedificatuj

224 4035 315 4112 rus,
330 4011 449 4100 illique
472 4027 504 4082 et
529 4015 595 4101 ipsi
614 4036 676 4103 par
692 4013 806 4082 lutura
830 4026 920 4082 esset
937 4033 1080 4082 merces.
1105 4010 1197 4082 Nulli
1213 4022 1327 4082 autem
1349 3998 1485 4076 imberbtt

222 4123 364 4170 omnino
392 4101 514 4172 licebat
544 4107 690 4172 Lauram
716 4101 874 4191 ingredi,
903 4115 1040 4191 propter
1068 4122 1126 4170 eas
1155 4121 1243 4187 quae
1272 4120 1313 4168 ex
1345 4093 1476 4178 maligno

222 4188 421 4287 oriebantur
455 4190 685 4270 offensiones,
724 4191 815 4259 sicut
846 4189 917 4276 jam
953 4191 1034 4260 ante
1065 4189 1326 4260 declaravimus.
1359 4179 1477 4252 Dicebat

223 4297 315 4343 ennn
343 4277 461 4345 beatus
481 4280 599 4358 Sabas,
620 4278 683 4348 hoo
698 4277 743 4346 ab
770 4279 867 4348 initio
892 4279 1056 4348 traditum
1087 4278 1193 4348 fuisse
1217 4299 1236 4346 a
1262 4273 1478 4364 pertinuerat

227 4374 365 4452 propter
396 4363 483 4432 illud
523 4366 667 4453 ipsum,
705 4387 821 4454 parem
856 4366 997 4436 modum
1033 4367 1076 4437 ab
1113 4387 1153 4436 eo
1186 4385 1260 4436 esse
1297 4372 1475 4432 servatum:
