2932 4812
234 264 298 326 586
627 281 666 326 uis
690 281 717 326 s.
744 280 860 326 anisii
884 279 1028 326 naariae
1290 257 1366 322 uec.
1390 257 1418 318 ll

190 385 256 446 me,
274 364 427 434 Domine.
445 365 557 455 Dirige
574 385 714 454 gressus
732 378 837 445 meos,
853 383 897 432 ne
912 362 1078 432 dedecore
1093 359 1220 430 afficiar
1235 359 1341 430 ancilla
1357 371 1416 426 tna:

189 452 249 522 sed
276 451 329 523 sac
354 474 489 524 mecum
516 451 655 544 signum
681 453 715 522 in
742 452 885 533 bonum,
911 463 944 522 et
968 451 1075 542 imple
1097 447 1293 520 desiderium
1315 467 1416 516 meon.

189 543 359 625 Quoniam
386 555 464 611 ante
488 553 520 611 te
538 553 589 612 est
620 563 722 612 omne
741 540 952 611 desiderium
982 561 1110 620 meum,
1135 551 1168 608 et
1190 538 1323 628 gemitus
1343 557 1415 604 meus

189 653 210 700 a
230 643 262 702 te
286 653 353 701 non
378 644 429 700 est
453 630 689 701 absconditus.
716 629 846 720 ldJ'uva
871 651 936 709 me,
962 643 1086 699 elnon
1115 628 1298 696 inveniatur
1313 623 1411 691 marola

190 720 225 789 in
252 719 378 789 ancilla
403 732 473 789 tua.
493 719 565 790 Tibi
592 720 684 789 enim
711 719 878 808 meipsam
904 718 1008 788 ollero
1038 739 1097 807 per
1119 737 1214 785 aram
1237 712 1410 784 conleaicnis

190 821 223 878 et
247 808 453 878 humilitatis
479 829 586 902 metae,
613 821 790 897 tamquam
817 809 850 876 iii
881 805 1092 877 holocaustis
1122 806 1265 874 arietum
1286 815 1409 872 etteno-

191 919 283 979 rum,
311 919 433 986 nempe
449 917 582 980 eorum,
601 898 662 984 qui
688 897 785 985 prius
801 896 1022 966 decertarunt
1045 905 1185 985 propter
1208 905 1414 963 nomentuum:

191 1001 223 1056 et
247 987 281 1054 in
303 985 403 1056 denis
428 985 583 1058 millibus
603 1007 772 1074 agnorum
798 985 995 1076 pinguium,
1018 984 1078 1071 qui
1096 982 1202 1054 secuti
1227 993 1300 1052 sunt
1318 997 1413 1073 agnum

192 1088 289 1144 tuum
315 1074 596 1146 immaculatum:
618 1079 680 1144 Per
703 1095 805 1161 quein
832 1073 914 1154 tibi,t
930 1084 963 1143 et
986 1094 1065 1142 cum
1090 1092 1159 1160 quo
1184 1071 1254 1152 tibi,
1279 1089 1344 1139 cum
1362 1070 1418 1153 Spi-

192 1163 261 1320 him
294 1167 437 1244 Sancto,
464 1163 573 1253 gloria
596 1174 628 1233 et
652 1163 762 1232 honor
791 1174 822 1232 et
853 1162 1001 1252 potentia
1027 1162 1062 1230 in
1088 1160 1205 1231 secula
1239 1156 1417 1230 seculorum¹

219 1271 310 1321 men.
334 1275 351 1318 a

235 1343 253 1428 ἕ
277 1345 323 1413 θ.
350 1345 532 1430 Postquam
554 1354 667 1411 autem
689 1351 826 1429 precata
844 1351 944 1420 esset,
963 1339 1122 1418 surrexit,
1149 1351 1183 1408 et
1206 1349 1305 1408 totum
1324 1353 1422 1426 corpu.—

192 1449 294 1498 suurn
320 1451 423 1500 cruce
451 1429 611 1519 signaviu
637 1434 726 1498 llaec
754 1429 873 1498 videns
908 1428 1105 1497 maculosus
1133 1427 1258 1507 draco,
1288 1445 1345 1494 nou
1367 1419 1423 1490 ltlt'.

194 1515 327 1607 puellae
351 1516 542 1607 angelicam
567 1531 599 1588 et
615 1517 794 1588 coelestem
812 1517 926 1598 vitam,
954 1516 1074 1586 videns
1097 1537 1173 1586 eam
1187 1517 1260 1616 Jam
1280 1513 1380 1604 spirito
1398 1531 1422 1575 ic

192 1607 297 1676 coelis
314 1606 537 1686 habitantem,
553 1619 586 1677 et
602 1604 642 1676 ad
667 1607 861 1696 passionem
879 1607 1035 1695 martyrii
1054 1617 1121 1676 toto
1141 1625 1258 1674 animo
1272 1619 1423 1672 acconam:

193 1693 302 1764 sedin
328 1717 402 1765 eam
429 1695 594 1765 stridebat
609 1694 783 1776 dentibus,
810 1707 843 1764 et
857 1695 933 1785 ejus
954 1694 1077 1764 cellam
1097 1714 1231 1763 movere
1251 1691 1369 1762 assidue
1384 1707 1426 1782 ca·

193 1785 334 1874 gitabat,
356 1797 390 1854 et
404 1797 443 1853 ut
461 1805 537 1854 eain
554 1796 727 1865 everteret,
754 1783 908 1853 furebat:
930 1783 988 1852 sed
1007 1783 1127 1853 videns
1142 1803 1217 1852 eam
1237 1781 1264 1852 si
1291 1802 1328 1850 no
1342 1797 1424 1847 crica

193 1873 350 1962 undique
365 1872 548 1956 munitam,
577 1871 687 1974 plagis
711 1893 799 1960 quae
815 1873 881 1943 sub
908 1871 1066 1942 obtutum
1092 1893 1160 1940 non
1188 1804 1355 1941 andahait.
1370 1863 1426 1954 pul·

194 1975 300 2042 satus,
328 1961 529 2054 refugiebat,
556 1983 655 2050 eique
673 1961 820 2051 torporis
837 1973 869 2030 et
893 1959 1045 2032 desidiae
1071 1960 1230 2029 morbum
1249 1955 1417 2029 immittebat

195 2050 257 2121 llla
281 2062 395 2121 autem
422 2051 557 2121 intensa
580 2063 697 2151 etper
722 2063 801 2119 etna
824 2051 989 2130 oratione,
1016 2047 1160 2139 perinde
1179 2069 1220 2117 ao
1236 2060 1326 2138 septa
1345 2043 1426 2134 pata-

194 2154 302 2241 strae,
315 2141 392 2241 ejus
415 2140 529 2210 statim
548 2073 757 2239 infringebat
780 2137 940 2208 insidias.
970 2143 1102 2210 Rursus
1126 2159 1206 2206 vero
1227 2137 1351 2207 dicebat
1368 2153 1419 2199 ren

195 2243 273 2299 tatis
294 2249 480 2310 inimicus;
499 2251 518 2295 ii
535 2231 609 2299 Heu
634 2227 716 2315 quid
747 2227 834 2296 milii
863 2225 989 2298 accidit
1013 2226 1169 2296 infelici?
1193 2227 1257 2308 Qui
1286 2221 1423 2314 Angelos-

195 2318 330 2408 superis
347 2315 489 2399 detraxi,
508 2329 541 2387 ct
555 2319 711 2409 gigantes
728 2315 873 2404 subjeci,
894 2337 987 2386 nunc
1003 2313 1132 2385 illudor
1151 2317 1306 2416 atpueris
1322 2327 1350 2384 et
1363 2311 1431 2399 puel·

196 2407 250 2478 lis.
278 2410 382 2475 Morte
405 2405 498 2474 enini
525 2419 700 2494 tamquam
734 2405 800 2475 vita
824 2403 1001 2486 laetantes,
1029 2415 1061 2474 et
1086 2425 1146 2494 per
1174 2425 1287 2494 ipsam
1317 2411 1430 2495 compat

195 2507 371 2565 currentes
395 2493 437 2564 ad
463 2494 587 2575 coelos,
613 2494 790 2566 decaetero
816 2493 900 2562 mihi
925 2493 1080 2563 lecerunt
1098 2493 1271 2563 mundum
1300 2489 1433 2560 inhibiti·

196 2583 313 2654 bilem.
341 2588 392 2653 llle
415 2583 658 2654 consolabatur
675 2583 818 2672 sanguis
843 2594 1047 2672 martyrum,
1073 2582 1133 2669 qui
1166 2581 1431 2651 interimebantur

196 2673 255 2743 sed
280 2672 367 2742 sides
390 2694 507 2743 eorum
533 2671 784 2751 decertationis,
803 2683 969 2741 eteorum
991 2691 1080 2758 quae
1104 2683 1275 2760 geruntur
1295 2665 1434 2770 praedici-

198 2763 254 2844 tio,
282 2761 523 2832 transmutavit
546 2762 697 2851 integras
716 2760 871 2830 civitates
885 2772 918 2830 et
942 2771 1072 2852 gentes.
1098 2758 1239 2848 Templa
1270 2757 1432 2828 diruuntur

196 2851 432 2921 conticescunt
452 2850 605 2930 oracula,
635 2849 761 2919 abolita
793 2860 875 2921 sunt
899 2849 1073 2938 mysteria,
1102 2859 1303 2938 torpescunt
1325 2855 1434 2935 mpstte,

195 2940 255 3027 qui
282 2938 380 3028 prius
402 2939 617 3009 exultabant:
644 2939 686 3007 ad
706 2960 834 3020 meum,
863 2948 901 3008 ut
923 2937 1070 3018 videtur,
1095 2936 1237 3006 exitium
1264 2941 1389 3006 Crucem
1412 2927 1435 2994 ll·

196 3039 330 3096 xerunt.
356 3031 434 3096 lain
460 3028 545 3098 milii
567 3027 738 3118 praesagit
752 3028 893 3097 animus
906 3025 1076 3106 futurum,
1095 3037 1134 3096 ut
1153 3025 1246 3116 regia
1273 3045 1345 3094 mea
1365 3019 1435 3112 pltttt

196 3115 416 3186 dissolvatur.
444 3121 526 3186 Nam
555 3117 616 3204 qui
648 3117 788 3186 suntin
815 3116 993 3185 tormentis
1017 3113 1162 3196 hilares,
1189 3127 1223 3183 et
1244 3113 1280 3182 in
1306 3110 1437 3204 sepulcris

198 3204 378 3286 terribiles,
398 3218 518 3286 urunt,
539 3204 727 3296 flagellant,
749 3217 782 3275 et
798 3226 853 3274 me
869 3203 1025 3294 undiquc
1039 3213 1313 3293 persequuntur:
1329 3215 1359 3272 et
1374 3189 1435 3285 quod

198 3319 216 3364 a
242 3316 297 3364 me
320 3293 432 3364 luerat
454 3295 708 3386 excogitatum,
735 3293 842 3363 evasit
873 3293 1025 3362 accessio
1050 3293 1191 3381 majoris
1215 3291 1382 3382 supplicii.
1402 3288 1437 3351 li·

199 3384 278 3453 veni
298 3395 412 3454 tamen
440 3383 524 3472 quid
550 3404 702 3474 again.»
727 3383 887 3453 Protinus
912 3402 950 3451 er
974 3403 993 3451 o
1018 3381 1084 3450 tale
1109 3379 1192 3468 quid
1218 3381 1253 3450 in
1279 3401 1351 3450 eain
1372 3391 1436 3445 eico·

198 3474 294 3562 gitat,
320 3473 521 3543 existimans
546 3493 582 3543 se
606 3494 670 3543 sua
694 3471 821 3540 invidia
840 3492 879 3540 ac
899 3405 1126 3561 malignitate,
1151 3470 1240 3559 ejus,
1265 3489 1352 3556 quae
1367 3456 1437 3536 erlol-

202 3561 346 3642 lebatur,
374 3561 518 3653 gloriam
544 3560 825 3642 obscuraturum,
852 3570 891 3630 ut
918 3581 997 3629 cuin
1022 3569 1137 3630 essent
1155 3557 1241 3628 viles
1263 3571 1297 3627 et
1324 3557 1436 3647 objectat

201 3671 377 3739 personae,
422 3672 486 3721 uae
505 3670 580 3719 eain
616 3650 864 3728 interimerent,
892 3648 993 3719 vilem
1014 3667 1154 3735 quoque
1175 3662 1208 3716 et
1234 3648 1388 3736 abjectam
1408 3655 1437 3698 n·

199 3739 338 3810 deretur
361 3762 378 3809 c
405 3761 495 3809 icere
514 3738 592 3827 ejus
607 3737 886 3818 decertationem,
901 3751 934 3807 et
956 3735 1049 3824 quod
1071 3757 1133 3806 neo
1154 3735 1293 3826 scriptis
1314 3727 1433 3805 mandati

199 3840 323 3910 essent,
350 3841 383 3898 et
406 3841 561 3900 carerent
589 3827 699 3898 sorma
723 3826 962 3917 judiciorum,
992 3825 1259 3896 obliterarentur
1281 3826 1375 3895 etiam
1394 3829 1435 3908 lt‘t‘

201 3918 310 4008 phaea
333 3919 585 3988 encomiorum.
610 3921 681 3987 llon
699 3915 897 4006 intelligens
913 3913 1100 4005 malignus,
1123 3913 1216 4002 apud
1237 3918 1342 3984 Deum
1362 3917 1434 4002 matt

199 4029 288 4098 opus
311 4027 386 4078 esse
402 4007 493 4077 bono
507 4006 692 4096 proposito,
711 4025 816 4092 quam
834 4003 960 4083 verbis;
978 4018 1080 4091 atque
1099 4002 1185 4072 adeo
1201 4003 1238 4071 in
1256 4025 1329 4072 eam
1354 3999 1433 4069 incitat

200 4117 269 4177 eos,
292 4095 352 4183 qui
378 4106 460 4164 tuno
484 4115 599 4164 rerum
625 4095 859 4184 potiebantur.

244 4187 325 4270 52.
353 4184 582 4253 Maximianus
611 4183 738 4273 itaque,
771 4203 850 4252 curn
878 4202 1040 4270 magnam
1066 4179 1248 4251 occidisset
1281 4164 1433 4250 multitidi-

204 4290 294 4363 nem,
322 4292 383 4359 per
415 4269 615 4360 sequidem
647 4270 887 4342 interficiendo
919 4271 1074 4353 satiatus,
1100 4281 1134 4340 et
1158 4289 1223 4338 non
1255 4290 1349 4338 secus
1368 4269 1434 4354 altite

203 4373 373 4427 immanes
390 4358 493 4443 ferae,
512 4379 601 4448 quae
619 4358 777 4431 homines
792 4359 968 4440 devorant,
983 4379 1065 4448 prae
1079 4360 1236 4429 carnium
1256 4346 1432 4428 matrinam
