2932 4812
6 319 42 380 tt]
81 317 117 380 at
310 333 348 380 nu
372 334 400 380 s.
427 334 601 381 srtvssrno
625 336 705 380 vara
729 335 766 380 nr
790 331 938 382 consess.
1153 319 1216 382 599

6 442 36 486 m
62 420 158 488 enim
187 429 358 508 oportere
394 422 638 508 Imperatorem
675 418 726 488 illi
761 418 932 488 ascribere
963 417 1168 498 sanitatem,
1201 419 1260 488 sed

6 519 105 576 terno
125 520 160 576 et
187 506 261 576 soli
290 511 356 576 Deo
380 507 618 595 omnipotenti,
635 507 696 595 qui
722 507 797 596 ejus
823 507 981 596 pietatem
1006 519 1258 590 remuneratur,

6 595 58 664 rod
85 598 233 685 primus
262 595 431 666 diruisset
455 595 695 665 simulacra«
722 599 860 685 Oportet
884 616 976 685 ergo,
998 616 1018 664 o
1043 597 1258 684 imperatrix,

6 685 117 764 abant,
139 699 173 754 te
191 689 450 774 Imperatorem
477 697 574 754 tuum
601 684 713 754 tilium
739 685 783 754 ab
799 705 915 754 errore
935 695 1095 763 avertere,
1114 705 1157 752 ne
1176 684 1261 772 quid

28 773 108 872 mali
133 774 329 863 contingat
354 786 491 863 propter
516 795 665 843 errorem
692 772 972 863 superstitionis,
1006 771 1143 841 coelesti
1172 778 1262 864 Rege

28 876 123 931 irato.
153 886 173 929 s

18 953 35 1035 ᾗ
59 957 131 1022 ¹6.
156 955 259 1020 Haec
289 950 340 1020 illi
363 951 502 1038 quidem
524 951 694 1020 dixerunt.
716 955 761 1020 Ea
778 972 856 1020 vero
877 951 961 1019 haec
981 947 1189 1038 significavit
1209 949 1262 1020 lit·

10 1040 53 1106 ris
73 1041 293 1129 Imperatori
318 1061 380 1109 suo
396 1039 479 1119 lilio;
497 1040 555 1127 qui
581 1061 660 1110 cum
686 1039 749 1108 has
774 1039 894 1109 matris
914 1039 1102 1128 accepisset
1119 1037 1259 1121 litteras,

6 1127 19 1192 l
43 1149 112 1195 eam
131 1129 299 1218 scripsit,
319 1143 474 1218 oportere
491 1149 560 1209 eos,
582 1128 639 1214 qui
666 1128 749 1197 haec
767 1127 899 1208 dicunt,
918 1125 1263 1228 ludaeoseongredi

6 1237 58 1282 um
73 1217 261 1308 Episcopis
281 1217 567 1296 Christianorum,
589 1229 621 1286 et
636 1217 686 1285 eis
701 1217 858 1288 resistere
874 1217 908 1285 in
928 1215 1162 1304 disputatione
1175 1217 1262 1306 ipsis

10 1301 226 1398 udientibus;
262 1317 297 1376 et
321 1327 399 1375 eum
425 1306 486 1393 qui
511 1306 605 1376 visus
629 1304 732 1376 luerit
752 1304 866 1375 dicere
891 1304 1032 1374 meliora
1060 1318 1091 1373 et
1116 1305 1260 1387 veriora,

10 1393 152 1464 vetoriam
173 1417 259 1467 esse
280 1409 572 1476 consecuturum,
592 1407 625 1464 et
649 1416 684 1464 se
707 1415 781 1464 esse
806 1403 985 1464 secuturos
1006 1392 1101 1463 illius
1127 1394 1263 1483 opinio-

9 1499 68 1576 ἐφ.
87 1486 178 1554 llaee
208 1483 348 1573 inclyta
372 1484 500 1554 Helena
520 1482 730 1572 significavit
753 1482 904 1562 ludaeis,
931 1493 963 1551 et
983 1481 1116 1551 hortata
1139 1485 1201 1565 est,
1226 1495 1264 1552 ut

9 1568 119 1638 uidam
139 1595 181 1642 ex
202 1573 259 1642 eis
281 1593 361 1642 eum
378 1573 453 1662 ipsa
469 1577 613 1642 Romam
640 1572 951 1662 proficiscerentur.
967 1569 1021 1638 llli
1037 1583 1165 1652 autem,
1182 1593 1263 1642 oum

7 1655 69 1726 irus
88 1658 295 1751 elegissent,
321 1661 381 1748 qui
407 1661 509 1731 totius
534 1661 657 1732 veteris
683 1659 768 1752 legis
793 1660 984 1749 scripturas
1009 1680 1146 1728 summe
1173 1660 1263 1731 didi-

8 1759 108 1825 erant,
128 1761 161 1818 et
181 1772 290 1820 voces
316 1760 481 1821 noverant
504 1751 767 1840 Prophetarum,
785 1761 818 1819 et
842 1748 965 1819 versati
981 1761 1079 1818 erant
1098 1749 1200 1818 etiam
1227 1751 1279 1818 in.

6 1831 135 1928 lontrina
158 1839 364 1929 gentilium,
395 1861 453 1910 eos
480 1839 621 1909 mittunt
647 1860 727 1908 cum
753 1837 882 1909 Helena
910 1837 1143 1940 imperatrice,
1166 1849 1204 1906 ut
1227 1839 1262 1905 in

6 1917 181 1998 inserendo
202 1927 414 1998 Christianis
430 1928 639 1998 resisterent.
659 1928 723 2011 Qui
741 1942 855 1998 autem
875 1927 972 1998 missi
988 1939 1098 2007 erant,
1121 1924 1163 1995 ad
1181 1926 1264 1996 satis

6 2029 142 2098 nagnam
159 2017 330 2088 redibant
350 2016 622 2086 multitudinem:
642 2037 722 2086 cum
743 2018 871 2105 quibus
895 2027 966 2086 erat
989 2015 1092 2085 etiam
1118 2013 1264 2101 quidam

6 2115 31 2162 u
56 2101 191 2198 ludaeis
223 2105 449 2196 predtyteris,
468 2105 529 2191 qui
552 2105 740 2176 vocabatur
767 2106 938 2186 lambres,
957 2105 1018 2193 qui
1043 2103 1165 2174 eratin
1192 2115 1264 2173 arte

6 2203 116 2279 uagina
135 2214 281 2263 summe
306 2193 522 2276 exercitatus,
542 2205 574 2264 et
598 2215 660 2284 per
682 2217 758 2264 eam
784 2194 894 2264 multa
917 2193 1117 2266 ostendebat
1147 2191 1263 2282 prodi-

6 2291 92 2371 ἐξῦὓβ,
108 2283 164 2350 cui
191 2283 385 2370 plusquam
411 2282 489 2352 aliis
508 2282 637 2353 fidebat
652 2283 861 2354 ludaeorum
880 2281 1054 2352 sodalitas.
1076 2280 1144 2350 lltsi
1169 2280 1263 2350 enim

6 2372 70 2429 vieti
94 2383 204 2441 essent
223 2372 263 2441 in
290 2370 523 2461 disputando,
554 2371 797 2442 existimabant
822 2393 857 2440 se
881 2371 1043 2441 Zambrae
1068 2369 1264 2461 praestigiis

7 2463 111 2521 certam
141 2459 328 2530 habituros
358 2460 547 2530 victoriam.
576 2466 660 2531 Cum
697 2460 721 2529 ii
751 2471 866 2530 autem
897 2465 1041 2530 Romam
1077 2459 1260 2540 venissent,

7 2555 103 2608 eorum
127 2546 319 2618 adventum
344 2560 463 2618 saneto
482 2549 657 2638 significat
681 2549 853 2640 sylvestro
877 2553 1078 2638 Imperator,
1096 2561 1129 2618 et
1152 2560 1260 2639 rogat,

7 2633 33 2720 tl
47 2625 84 2696 de
101 2631 168 2706 lide
184 2659 269 2708 cum
287 2637 337 2706 eis
353 2637 547 2707 contendat.
562 2637 624 2708 Ille
639 2651 753 2708 autem
770 2637 894 2707 lubens
914 2650 1085 2708 certamen
1105 2637 1196 2706 susci
1225 2637 1261 2706 it.

7 2711 67 2782 thes
89 2718 202 2810 itaque
223 2726 430 2816 praefinitus
450 2726 514 2796 luit
531 2726 585 2796 dis
613 2727 769 2809 utationi‚
789 2739 821 2796 et
837 2726 977 2796 divinus
992 2725 1161 2816 Sytvester
1178 2659 1264 2794 alios

8 2817 123 2908 tuoque
136 2815 285 2884 accersit
301 2816 499 2904 Episcopus,
518 2829 556 2885 ut
600 2817 844 2906 isputationem
866 2837 980 2885 secum
1003 2813 1262 2905 aggrediantur.

8 2889 75 2990 tum
95 2899 227 2974 adesset
257 2915 369 2974 autem
396 2904 470 2974 dies
495 2905 741 2995 praestitutus,
769 2905 859 2974 venit
882 2915 915 2974 et
939 2904 1012 2993 ipse
1037 2903 1204 2992 sylvester
1228 2903 1263 2971 iu

8 2995 132 3068 illitam,
150 3002 182 3059 et
200 2992 346 3081 quidam
371 2994 543 3082 Episcopi,
564 3005 596 3063 et
621 2993 806 3065 multitudo
821 2991 1045 3062 ludaeorum:
1065 2992 1264 3062 certaminis

9 3081 107 3170 autem
127 3080 302 3153 auditores
326 3093 358 3152 et
381 3081 650 3171 dijudicatores,
680 3094 713 3151 et
737 3083 810 3174 ipse
834 3082 913 3171 pius
940 3081 1156 3170 praesidebat
1180 3085 1264 3152 Con-

10 3161 175 3249 stantinus,
206 3183 240 3240 et
268 3169 468 3260 praeclarus
492 3183 643 3244 senatus.
674 3172 755 3261 Ejus
785 3183 898 3240 autem
927 3182 1034 3240 mater
1062 3170 1265 3258 Imperatrix

11 3242 132 3320 sedehat
158 3257 249 3328 intra
271 3259 398 3329 velum.

47 3333 144 3416 ist.
170 3348 275 3417 Divisi
300 3359 413 3419 autem
435 3347 578 3436 quidam
604 3369 643 3417 ex
667 3347 818 3428 ludaeis,
839 3347 999 3418 dicebant
1026 3359 1182 3437 oportere
1201 3345 1264 3415 ali·

12 3433 83 3526 tuos
107 3448 145 3498 ex
168 3437 356 3526 Episcopis,
385 3449 533 3506 secretos
557 3437 600 3506 ab
624 3435 713 3519 aliis,
741 3459 820 3507 oum
846 3437 895 3508 eis
918 3437 1103 3507 decertare.
1132 3435 1264 3518 Quibus

16 3507 173 3590 blivester:
196 3548 214 3590 a
239 3531 310 3598 lton
336 3538 430 3606 sunt,
449 3526 574 3615 inquit,
597 3525 697 3595 nobis
721 3526 810 3595 vires
827 3525 861 3594 in
882 3524 1115 3606 multitudine,
1143 3524 1201 3594 sed
1228 3525 1262 3592 in

18 3591 80 3694 ΒΨ,
97 3607 153 3689 qui
176 3615 292 3684 omnia
322 3614 543 3696 corroborat,
565 3635 666 3702 quem
698 3616 896 3686 invocantes
919 3614 960 3684 ad
988 3614 1053 3684 hoc
1076 3627 1261 3695 certamen,

20 3675 162 3764 dicimus:
179 3705 345 3794 Emsurge,
369 3709 464 3784 Deus,
485 3713 516 3772 et
533 3705 656 3794 judico
673 3725 810 3772 causam
828 3715 922 3772 tuam
934 3704 1003 3793 (Ps.
1022 3703 1089 3790 73).
1109 3703 1264 3773 »iudaei

21 3781 130 3846 autem:
148 3794 311 3876 «nostra,
330 3791 503 3872 dixerunt,
522 3805 604 3861 sunt
618 3792 703 3862 haec
723 3791 837 3872 verba,
855 3804 889 3861 et
909 3805 1044 3861 nostrae
1059 3793 1261 3880 scripturae.

22 3855 56 3922 tc
76 3881 175 3944 autem
200 3892 330 3969 oportet
354 3881 423 3950 tuis
448 3882 511 3963 uti,
528 3893 561 3950 et
585 3901 653 3950 non
674 3881 810 3961 nostris,
828 3902 848 3950 o
863 3881 1042 3970 Episcope.
1063 3879 1265 3968 »sylvester

24 3959 134 4025 auteru:
160 3988 176 4030 «
201 3969 300 4040 Vobis
324 3969 476 4056 quidem,
505 3969 640 4057 inquit,
669 3969 713 4038 ab
744 3969 841 4038 initio
873 3969 986 4038 locuta
1010 3980 1062 4038 est
1090 3967 1266 4056 Scriptura

27 4029 129 4114 lucas
149 4057 350 4127 Testamenti
367 4070 400 4128 et
418 4058 599 4146 praeconia
623 4058 884 4150 Prophetarum.
902 4055 1133 4126 Nihilominus
1150 4065 1265 4124 autem

29 4133 57 4184 ‘³³
75 4149 195 4225 illoque
218 4147 260 4217 ad
287 4168 350 4216 nos
371 4135 559 4236 pertinent:
578 4147 742 4234 quoniam
761 4146 884 4216 hovum
907 4144 1058 4236 plurima
1075 4144 1116 4212 de
1134 4141 1266 4213 Christo

29 4221 91 4284 sum
111 4233 285 4316 praedicta,
302 4249 335 4305 et
355 4235 485 4323 alioqui
505 4257 643 4307 necesse
662 4246 714 4306 est
736 4255 776 4304 er
800 4235 855 4305 his
880 4233 1058 4304 vobiscum
1083 4232 1263 4301 disserere.

29 4290 92 4371 liin
115 4323 203 4392 vestri
232 4323 372 4413 quidem
408 4323 487 4394 libri
516 4325 616 4395 nobis
646 4344 783 4394 evasere
803 4324 946 4425 proprii,
977 4319 1128 4390 sednon
1158 4324 1266 4422 nostri

28 4396 139 4488 litoque
161 4412 262 4495 vobis,
281 4423 314 4482 et
330 4411 442 4482 sicubi
458 4436 498 4484 ex
521 4413 592 4484 illis
612 4436 632 4484 a
649 4411 749 4483 nobis
774 4411 905 4502 aliquid
933 4409 1122 4480 adductum
1148 4409 1262 4492 suerit,

56 4524 81 4666 ,i
