2932 4812
245 300 308 364 598
522 313 559 360 nx
583 313 611 362 s.
639 311 812 360 svxvusrno
836 307 918 358 exva
941 313 979 360 nr
1003 311 1149 359 conrxss.
1291 287 1359 352 ιιι.
1380 287 1403 350 at

201 415 260 470 aut
289 398 478 468 molestiam
508 398 668 466 exhibere
692 399 908 476 Christiauo;
934 397 1009 484 ejus
1037 409 1170 474 autem,
1197 393 1250 480 qui
1275 391 1408 458 convietus

200 489 322 560 fuisset
347 487 411 556 tale
434 486 516 574 quid
543 486 687 578 fecisse,
721 486 892 576 publicari
926 485 1113 555 dimidium
1149 484 1311 552 bonorum.
1334 483 1408 546 tusa

201 592 313 648 autern
333 575 499 666 templum
521 595 659 665 quoque
683 577 718 643 in
740 575 835 666 regia
850 573 1029 644 aedificari
1046 573 1176 643 Christo
1192 567 1406 646 §amatorium

200 669 275 756 ipse
300 667 372 736 suis
397 665 559 734 manibus
575 665 649 753 ejus
669 662 817 754 figuram
842 663 1094 754 descripsisset.
1118 660 1260 731 Decrevit
1275 665 1405 728 autemut

200 757 260 843 qui
287 753 421 834 vellent,
440 774 560 823 secure
579 764 719 842 possent
742 752 943 842 religionem
960 752 1086 842 eligere
1102 748 1324 825 Christianam,
1340 755 1361 812 et
1375 741 1404 808 ιι

179 845 324 914 'Christi
360 841 462 912 fidem
500 840 662 912 accedere
688 854 720 910 et
755 841 946 930 baptizari,
974 840 1141 930 impensis
1164 829 1407 926 quaefiebantad

198 932 514 1012 illuminationem,
543 943 576 999 ιι
600 943 690 1000 veste
718 953 759 1000 su
788 931 937 1018 peditare
971 949 1011 998 ex
1040 927 1211 1001 thesauris
1235 932 1408 1014 Imperatous.

199 1021 329 1091 Exhinc
355 1041 480 1110 magna
505 1018 675 1106 quaedam
702 952 886 1089 mullitudo
910 1017 1041 1088 accedit
1065 1019 1108 1086 ad
1134 1017 1234 1086 fidem
1257 1027 1284 1084 et
1301 1012 1409 1104 divium

201 1110 426 1198 baptismum,
449 1121 482 1176 et
499 1128 565 1176 non
583 1130 624 1177 ex
638 1107 806 1178 diametro
822 1121 895 1178 erat
911 1106 1049 1196 quidem
1069 1106 1164 1198 gregi
1182 1103 1295 1174 Christi
1308 1095 1410 1188 quotidie

200 1199 367 1276 accessio,
396 1196 567 1266 idolorum
607 1207 719 1266 autem
754 1197 948 1268 cultoribus
982 1195 1189 1274 diminutio,
1218 1191 1272 1264 sed
1303 1191 1412 1280 pietaten

200 1286 301 1378 louge
322 1287 432 1376 magis
453 1286 638 1374 superabat
658 1285 879 1374 praedicatio,
898 1286 975 1376 ipso
999 1283 1116 1354 divino
1140 1279 1344 1352 Constantino
1361 1293 1414 1362 qua·

200 1375 341 1445 tidiauis
366 1375 583 1444 sermonibus
603 1375 765 1444 incitante
792 1375 962 1465 plurimos
986 1372 1028 1442 ad
1052 1373 1301 1462 persuasionem
1317 1361 1415 1524 praeh-

199 1463 357 1543 cationis,
375 1475 408 1532 et
431 1461 523 1549 quod
545 1465 579 1530 iu
605 1464 721 1552 ipsum
747 1463 875 1534 lactum
902 1460 1013 1531 luerat
1040 1461 1257 1539 miraculum,
1277 1458 1315 1526 de
1337 1462 1414 1525 ucevtt

199 1552 241 1621 ad
268 1552 371 1622 fidem
398 1553 585 1622 servatoris
611 1553 719 1621 nostri
742 1558 826 1623 Jesu
848 1551 983 1622 Christi.

244 1643 357 1729 515.
385 1645 467 1710 Cum
495 1640 593 1710 multi
618 1653 732 1710 autern
761 1663 839 1710 vere
864 1645 969 1710 Deum
1000 1661 1075 1708 esse
1103 1638 1272 1708 Christum
1298 1636 1415 1706 attane

182 1729 428 1809 'clamassent,
455 1741 487 1798 et
514 1750 571 1798 eos
599 1730 752 1816 quinon
778 1731 827 1800 sic
853 1729 1028 1809 sentirent,
1059 1727 1287 1798 exclamarent
1311 1731 1414 1814 oportere

200 1819 419 1888 exterminari
441 1841 481 1886 ex
504 1819 650 1898 civitate,
671 1823 860 1907 Imperator
884 1817 1061 1887 silentium
1088 1816 1218 1907 populo
1242 1813 1413 1906 praecipiant-

200 1907 296 1989 dixit,
320 1907 504 1976 Dominum
525 1905 610 1976 velle
637 1929 700 1976 sua
724 1907 898 1978 voluntate
923 1907 1037 1994 ipsum
1063 1905 1220 1975 confiteri
1245 1927 1309 1985 eos,
1332 1899 1376 1989 qui
1393 1891 1415 1962 tl

200 2017 278 2066 eurn
316 1995 508 2072 accedunt,
539 2008 571 2064 et
597 2017 660 2064 sua
684 2009 806 2096 sponte
836 1995 1052 2065 sacrificare:
1079 2017 1147 2064 non
1173 1989 1416 2082 autenticae

201 2097 294 2154 metu
320 2086 496 2153 intentato.
516 2085 681 2166 Quocirca
702 2106 775 2176 ipse
799 2103 937 2173 quoque
961 2083 1066 2152 dixit:
1086 2107 1104 2150 a
1122 2085 1296 2154 llflninem
1319 2078 1375 2148 volo
1389 2094 1416 2140 u

194 2174 307 2274 ¹vitum
328 2175 402 2262 cogi
420 2173 462 2240 ad
481 2172 737 2272 suscipiendam
757 2173 1069 2265 praedicationem:
1094 2171 1171 2242 illos
1191 2185 1301 2242 autem
1318 2164 1409 2238 adnitt

199 2283 259 2348 qur
286 2283 373 2350 pura
396 2283 435 2330 ac
461 2281 595 2332 sincera
621 2276 732 2332 mente
757 2263 904 2333 credunt
928 2261 1084 2344 Domino,
1107 2274 1140 2330 ct
1164 2261 1343 2330 admittunt
1362 2269 1418 2342 prr·

199 2351 420 2451 dicationem.
441 2373 459 2416 ιι
478 2355 547 2419 Ηοι
571 2350 702 2420 dictum
732 2351 774 2421 ab
806 2356 1034 2442 Imperatore,
1059 2351 1164 2419 movit
1189 2351 1343 2420 omuibus
1361 2343 1418 2434 lart-

200 2453 295 2520 tram,
313 2454 351 2510 ut
374 2437 465 2526 quod
491 2453 708 2510 conservaret
724 2440 916 2511 libertatem
941 2452 973 2508 et
990 2439 1137 2509 liberum
1157 2439 1344 2510 arbitrium.
1358 2437 1418 2500 ltnt

199 2527 339 2615 quidem
366 2550 401 2597 se
426 2527 573 2597 habebat
599 2527 768 2618 populus;
795 2535 986 2620 Imperator
1010 2540 1124 2598 autern
1177 2528 1327 2618 reposuit
1349 2521 1419 2612 datt-

200 2631 285 2699 tum,
304 2630 342 2686 ut
365 2637 496 2696 omues
515 2616 575 2774 gui
592 2631 688 2687 eraut
704 2619 739 2686 in
758 2619 967 2698 carceribus,
987 2617 1021 2685 in
1045 2549 1174 2686 metalli
1190 2615 1325 2696 fodinis,
1342 2615 1420 2681 ιιιιι-

200 2705 290 2776 culis
315 2719 453 2795 propter
476 2727 519 2774 cu
537 2718 607 2805 turn
630 2706 765 2788 Christi,
791 2706 1005 2776 solverentur
1031 2705 1171 2793 quidem
1198 2729 1217 2775 a
1245 2701 1420 2774 vinculae·

199 2793 408 2864 ducerentur
428 2794 470 2863 ab
490 2792 627 2874 exsilio,
654 2795 883 2865 educerentur
906 2816 947 2864 ex
971 2793 1181 2874 carceribus,
1202 2795 1421 2865 liberarentur

200 2880 329 2982 metalli
353 2883 529 2983 operibus,
546 2895 578 2952 et
595 2883 719 2973 pu‘ram
745 2885 935 2975 reciperent
955 2883 1147 2953 libertatem
1165 2895 1197 2952 et
1215 2882 1420 2970 relaxationem

200 2971 335 3040 Licebat
366 2993 447 3062 ergo
479 2972 592 3040 videre
616 2971 740 3042 Christi
777 2973 963 3044 Ecclesiam
995 2971 1232 3054 exultantem,
1264 2984 1297 3040 et
1328 2975 1422 3038 bouttt

199 3060 430 3160 confitentem,
448 3061 508 3147 qui
521 3061 596 3152 ejus
610 3074 845 3153 tempestatem
861 3061 1048 3140 sedaverat,
1061 3073 1094 3130 et
1111 3067 1343 3150 Tyrannorum
1356 3067 1421 3148 nep

199 3147 292 3248 quod
312 3171 345 3216 ιιι
372 3151 487 3249 ipsu-m
501 3149 682 3249 rugiebat,
698 3152 858 3242 sopierat.
877 3155 939 3219 Per
958 3150 1043 3220 haec
1061 3149 1250 3240 malignus,
1269 3161 1302 3218 et
1316 3147 1350 3217 ab
1363 3145 1424 3242 initu

200 3236 381 3308 hommum
408 3261 584 3320 rnrmrcuS,
603 3241 733 3326 accepit
756 3253 887 3310 certurn
908 3238 1049 3309 vulnus.
1067 3243 1137 3308 Non
1156 3252 1230 3308 erat
1246 3249 1353 3308 autern
1366 3227 1424 3298 ιιι

201 3327 352 3396 malitiae
377 3327 504 3398 vulnus
527 3327 615 3397 serre
644 3329 765 3398 tacite:
799 3327 858 3398 sed
896 3349 1017 3398 rursus
1056 3326 1276 3397 machinatur
1310 3325 1424 3396 adversus

201 3417 458 3496 orthodoxum
487 3428 518 3484 et
538 3417 712 3504 quomodo
736 3428 927 3508 serpentem
972 3417 1044 3486 rius
1061 3417 1157 3488 misit
1173 3417 1207 3484 in
1223 3411 1424 3506 expeditione

200 3503 365 3575 adversus
400 3505 547 3594 primam
580 3519 746 3589 matrem,
773 3520 806 3576 et
830 3527 891 3596 per
917 3439 1014 3574 illam
1041 3505 1193 3594 primurn
1220 3516 1378 3596 parentem
1396 3500 1424 3558 est

199 3593 399 3676 suffuratus
428 3594 473 3662 ιιι
499 3615 591 3663 nunc
614 3617 754 3752 guoque
779 3595 881 3664 mittit
905 3594 940 3662 in
966 3593 1220 3682 expeditionem
1242 3601 1391 3684 serpentes
1406 3590 1423 3640 n

199 3679 310 3751 foetus
334 3685 542 3772 viperarum,
559 3683 610 3752 lu
638 3704 729 3765 aeos,
758 3685 914 3771 inquam,
943 3682 1109 3752 adversus
1134 3681 1301 3772 inclytam
1325 3685 1422 3748 matrem

199 3774 431 3860 Imperatoris.
455 3777 537 3842 llam
570 3794 649 3840 cum
678 3775 712 3840 iu
739 3772 899 3862 bithynia
923 3783 1006 3842 tunc
1034 3781 1242 3849 versaretur,
1280 3769 1358 3840 'trude
1380 3767 1423 3826 arn

198 3874 272 3929 erat
287 3861 313 3941 ξ
332 3861 474 3948 quidam
492 3860 615 3930 ludaei
633 3860 674 3930 ad
694 3883 768 3932 eam
788 3873 1018 3941 accesserunt,
1037 3859 1192 3929 dicentes
1207 3860 1250 3928 ab
1268 3857 1425 3948 imperatur

196 3948 339 4035 quidem
364 3951 517 4018 effectam
533 3971 621 4032 ‚esse
644 3971 717 4018 rem
746 3951 886 4030 bonam,
912 3948 1005 4036 quod
1031 3949 1099 4018 sint
1118 3947 1246 4018 abolita
1272 3942 1423 4016 simulam

196 4038 256 4135 sed
283 4059 350 4106 non
368 4039 491 4114 sinere,
512 4051 548 4106 ut
564 4051 652 4107 essct
669 4037 800 4109 bonurn
825 4037 1000 4109 sincerum
1025 4051 1057 4107 et
1081 4038 1343 4128 impermistum,
1357 4023 1423 4100 sedet

195 4136 300 4194 etiarn
322 4149 362 4194 ex
385 4147 499 4195 errore
523 4125 654 4214 aliquid
683 4127 765 4197 mali
782 4139 815 4197 ιι
831 4125 1012 4197 aversandi
1029 4125 1232 4206 admiscere,
1252 4141 1362 4212 nempe
1379 4128 1424 4180 ιιι·

199 4209 278 4278 dere
296 4213 413 4284 lesum
434 4235 508 4284 esse
534 4217 591 4284 [ιιι
617 4215 741 4285 Filium
763 4229 795 4286 et
819 4237 939 4286 verum
965 4220 1084 4297 Deum,
1111 4215 1172 4302 qui
1196 4213 1261 4285 suit
1285 4215 1370 4282 hono
1387 4204 1425 4266 lt·

195 4293 316 4378 dacus,
336 4314 368 4369 et
388 4314 563 4390 tamquam
591 4303 769 4374 maleficus
787 4327 826 4375 ac
843 4305 1015 4376 veneficus
1032 4303 1098 4376 luit
1112 4303 1155 4374 de
1170 4303 1282 4374 medio
1299 4295 1422 4372 suatava

222 4416 235 4441 ³
249 4417 403 4474 Probabtttus,
413 4429 503 4470 Helena
513 4441 524 4469 a
536 4430 702 4472 Britannorum
713 4430 810 4474 natione
821 4437 874 4475 orta
882 4435 926 4475 cat.
