2972 4826
65 285 124 348 llltC.
146 287 163 348 8
357 305 394 351 ou
416 303 628 352 concentione
652 306 681 352 a.
708 305 792 352 eruc.
819 306 937 352 uanum
1170 287 1234 352 233

64 386 225 456 miraculum
248 386 435 458 inauditum
460 411 581 459 omnes
604 387 857 460 existimabant.
881 394 925 458 lle
944 410 1013 477 quo
1029 411 1108 458 cum
1126 389 1279 460 audisset

61 475 184 556 Herodes,
201 475 396 547 turbabatur
411 478 644 560 vehementer;
671 491 702 548 ει
726 479 853 548 vocatis
871 477 1116 558 sacerdotibus,
1138 500 1278 569 percon-

59 564 158 633 tabatur
177 586 241 646 coe,
260 567 318 635 ubi
338 566 490 636 Christus
515 577 723 638 nasceretur.
742 566 795 637 Illi
824 578 937 637 autem
965 567 1134 650 dixerunt,
1154 580 1186 638 et
1207 589 1274 638 non

57 666 246 741 negaveruut;
271 653 413 724 confessi
440 668 531 737 sunt,
549 670 581 726 et
599 677 664 726 non
683 673 764 726 sunt
784 656 929 726 mentiti.
957 656 1044 726 Solis
1068 656 1183 726 radios
1197 657 1277 726 ahs-

56 740 163 810 eondere
186 763 248 812 non
269 757 431 832 poterant,
452 765 566 813 vocem
583 744 711 815 seilicet
729 767 788 835 per
813 744 1011 836 prophetam
1040 744 1081 814 de
1107 745 1278 815 salvatore

55 829 118 897 clare
130 833 394 919 pronunciatum,
412 845 532 902 testato
546 833 715 911 dixerunt,
735 835 770 903 in
787 833 956 902 Bethleem
976 834 1070 904 nasci
1088 835 1273 904 Christum.

53 921 124 987 llune
139 919 221 987 enim
242 921 276 989 in
302 920 441 990 modum
475 943 535 1013 per
563 923 763 1013 prophetam
793 922 940 992 clamat:
963 925 1003 992 Et
1027 931 1074 1002 tu,
1094 923 1275 1006 Bethleem,

52 1029 225 1098 nequequam
241 1031 273 1078 es
294 1012 435 1080 minema
453 1013 489 1079 t'n
502 1013 709 1102 principibus
729 1011 836 1081 ludo:
855 1035 899 1080 em
916 1021 949 1080 te
970 1014 1057 1080 enim
1073 1013 1165 1080 coelet
1189 1012 1274 1093 dum,

50 1097 139 1250 pulait
155 1097 337 1168 dominator
354 1101 390 1168 tit
411 1103 522 1169 Israel
536 1101 648 1190 (llt'eh.
670 1100 712 1189 r).
740 1103 766 1170 0
790 1099 963 1170 infidelem
989 1100 1170 1170 Israeleml
1193 1107 1277 1171 Con-

60 1206 134 1254 essus
153 1199 199 1255 est
221 1187 306 1278 legis
331 1187 512 1270 ellectum,
544 1203 576 1258 et
610 1188 839 1280 legislatorem
871 1188 1074 1277 denegavit,
1108 1189 1278 1260 testificati

51 1285 111 1341 sunt
129 1275 197 1362 ipsi,
214 1277 272 1346 ubi
292 1289 490 1347 nasceretur
506 1277 670 1360 Christus,
697 1290 728 1347 et
750 1277 785 1347 hi
810 1300 931 1348 rursus
956 1277 1127 1347 Christum
1159 1292 1275 1348 natum

50 1361 238 1452 abnegarunt.
258 1365 347 1448 Quid
373 1363 478 1455 igitur
502 1366 605 1457 Magi?
629 1372 779 1450 Quorum
800 1367 850 1436 vis
864 1367 974 1435 animi
994 1366 1132 1456 propria
1153 1367 1279 1438 immu-

48 1461 97 1518 tata
115 1467 198 1534 erat,
230 1475 378 1540 quorum
416 1476 474 1524 eor
498 1455 684 1524 admodum
715 1454 929 1535 turbabatur,
961 1467 993 1524 et
1016 1455 1278 1545 extinguebatur

45 1560 107 1626 prae
120 1541 236 1622 dolore,
256 1564 404 1630 quorum
423 1544 573 1633 suspiria
589 1545 756 1614 lluetuum
783 1543 1009 1612 violentorum
1031 1544 1141 1613 instar
1157 1566 1276 1613 navem

45 1627 296 1720 submergebant;
319 1653 467 1718 quorum
493 1632 584 1702 oculi
609 1632 783 1723 lacrymis,
810 1654 964 1722 gemmas
985 1653 1066 1720 prae
1083 1654 1118 1703 se
1142 1632 1278 1702 larenti-

44 1714 102 1798 bus,
118 1731 228 1788 terram
256 1720 468 1808 irrigabant;
501 1743 647 1808 quorum
680 1719 818 1791 elllictio
857 1719 1081 1790 intolerabilis
1105 1735 1188 1802 erat,
1215 1722 1279 1790 du·

42 1815 141 1874 ctorem
171 1808 212 1878 ab
242 1810 380 1879 Oriente
403 1810 637 1896 requirentes,
667 1833 771 1898 quam
799 1831 864 1879 non
891 1811 1082 1890 habebant,
1115 1809 1278 1881 habentes

41 1895 257 1980 quaeritabant,
291 1899 351 1968 ubi
375 1912 468 1969 esset·
496 1903 670 1990 Magorum
701 1899 771 1968 dux
795 1897 904 1970 stella.
930 1903 968 1968 ht
998 1920 1075 1966 vero
1107 1899 1278 1988 perpende

42 1983 195 2066 ueritatem,
222 2008 378 2073 quonam
405 1998 502 2078 paeto
526 1987 717 2058 occultatur
740 1988 789 2058 eis
813 1986 933 2069 stella,
960 2000 991 2056 et
1017 1987 1149 2056 intuere
1175 1989 1277 2056 mira-

40 2070 154 2154 culum,
179 2077 312 2162 eteius
336 2076 636 2166 significationem.
666 2081 737 2146 llae
771 2075 813 2144 de
847 2099 950 2146 causa
980 2075 1205 2145 absconditur
1229 2078 1278 2145 eis

40 2159 123 2242 stalla,
140 2177 175 2232 ut
196 2164 285 2234 dum
305 2176 587 2254 percontarentur
609 2162 806 2236 incredulos
828 2164 1031 2245 sacerdotes,
1055 2162 1274 2234 manifestum

41 2235 207 2321 redderetur
229 2254 398 2323 omnibus
427 2253 512 2323 coeli
536 2266 568 2323 ει
593 2264 699 2323 terrae
731 2255 945 2341 mysterium.
973 2253 1277 2353 Quapropter'ubi

41 2354 240 2426 cognoverunt
256 2363 392 2423 omnes,
420 2364 557 2412 rursum
583 2356 725 2431 apparet
741 2341 838 2410 stella
863 2343 979 2430 Magis,
998 2341 1106 2410 donee
1130 2355 1278 2412 venisset

44 2429 300 2512 suprainlantern
322 2431 356 2498 in
383 2430 534 2510 stabulo,
557 2431 608 2500 vel
635 2431 747 2520 potius
775 2431 808 2498 in
837 2431 930 2499 coelo
955 2430 1031 2519 (ubi
1064 2430 1156 2499 enim
1183 2430 1278 2498 Chri-

45 2525 104 2592 ειυς,
119 2517 159 2588 ibi
184 2532 217 2589 ει
240 2517 407 2607 coelum).
433 2524 515 2588 Nam
542 2518 740 2599 stabulum,
764 2519 873 2587 risum
903 2530 953 2588 est
982 2541 1055 2588 esse
1079 2519 1212 2589 coelum
1243 2519 1276 2588 in

43 2613 115 2670 terra.
140 2606 191 2675 llli
217 2627 302 2676 vcro
325 2629 405 2676 cum
431 2608 594 2677 vidissent
621 2607 766 2689 stellam,
784 2608 890 2676 immo
918 2608 1030 2694 potius
1055 2607 1275 2688 Salvatorem,

38 2692 120 2775 gavisi
135 2708 214 2767 suot
229 2694 363 2787 gaudio
387 2717 525 2787 magno;
551 2708 583 2765 et
603 2697 821 2766 incurvantes
839 2718 874 2766 se
891 2695 1128 2778 adoraverunt,
1147 2695 1277 2767 obtule·

36 2794 156 2868 rumque
178 2785 285 2866 dona,
316 2806 453 2866 aurum,
481 2785 560 2855 thus
587 2797 619 2854 et
647 2786 845 2874 myrrham:
868 2806 992 2855 aurum
1019 2785 1157 2872 quidem
1188 2784 1279 2854 velut

35 2869 109 2958 Regi,
126 2871 201 2945 thus
222 2885 342 2943 autem
370 2885 543 2961 tamquam
572 2877 648 2954 Deo,
674 2889 706 2944 ει
727 2873 900 2963 myrrham
925 2885 1098 2958 tamquam
1128 2873 1275 2952 mortali,

35 2955 72 3023 tel
88 2961 200 3046 potius,
219 2975 259 3032 ut
278 2960 473 3032 indicarent
489 2961 702 3052 sepulturam
720 2962 885 3033 Creatoris
902 2975 934 3031 et
957 2962 1097 3049 Opiheis
1120 2963 1275 3032 omnium

34 3042 143 3130 Christi,
161 3073 265 3138 quem
301 3051 432 3140 peperit
458 3073 583 3140 sponsa
608 3050 763 3121 coelestis
793 3051 909 3129 naria,
932 3072 1020 3138 quae
1052 3063 1102 3118 est
1128 3050 1275 3130 coelum,

34 3137 171 3224 templum
198 3155 230 3209 et
260 3139 410 3208 thronus
439 3139 652 3220 divinitatiS,¹
684 3139 923 3229 inexplicabile
955 3138 1106 3238 paradisi
1137 3139 1274 3208 monile.

33 3225 126 3313 lngeli
140 3228 357 3298 accusabant
372 3233 486 3308 navam
506 3249 599 3296 nunc
623 3250 701 3298 vero
725 3229 863 3296 Mariam
880 3229 988 3316 glorta
1010 3242 1275 3315 prosequuntur,
1357 3281 1364 3294 .

32 3329 100 3391 quae
114 3315 303 3387 mulierum
323 3316 556 3387 infirmitatem
579 3337 654 3385 vere
679 3316 852 3385 -loriosam
872 3315 1029 3395 reddidit,
1042 3337 1130 3403 quae
1146 3314 1276 3404 lapsam

31 3399 111 3492 Eraru
137 3407 259 3487 erexit,
283 3417 317 3474 et
344 3405 508 3475 adamum
538 3429 557 3474 ε
582 3340 740 3494 paradiso
766 3405 949 3492 dejectum,
971 3405 1003 3473 in
1032 3403 1145 3475 coelos
1170 3403 1274 3482 misit,

31 3507 99 3570 quae
121 3494 326 3581 paradisum
346 3493 503 3563 clausum
534 3494 679 3583 aperuit,
701 3505 733 3562 ει
754 3515 814 3581 per
833 3494 998 3562 latronem
1027 3513 1166 3563 rursum
1192 3491 1279 3560 lda-

32 3595 105 3648 utum
122 3581 382 3673 complantavit.
401 3587 463 3651 Per
488 3596 519 3652 te
538 3583 643 3662 enim,
664 3605 684 3651 o
707 3595 825 3652 sancta
852 3581 964 3671 Virgo,
988 3581 1123 3651 medius
1142 3581 1279 3650 obstru-

31 3665 131 3740 etionis
148 3673 278 3760 paries,
299 3670 498 3742 iuimicitias
513 3669 679 3751 dissolvit,
700 3691 761 3761 per
785 3684 815 3740 te
840 3691 904 3760 pax
919 3670 1074 3740 coelestis
1089 3669 1215 3739 donata
1229 3680 1279 3740 est

32 3757 150 3840 mundo,
169 3773 283 3849 perte
301 3757 485 3828 illuminati
511 3772 592 3830 sunt
616 3759 702 3828 lines
728 3772 846 3840 terrae,
867 3780 927 3849 per
952 3772 984 3827 te
1011 3758 1169 3828 homines
1198 3757 1278 3827 laeti

32 3858 92 3913 sunt
113 3849 243 3939 ingeli,
272 3869 335 3938 per
360 3859 390 3917 te
413 3849 571 3918 homines
598 3846 760 3938 appellati
789 3861 870 3917 sunt
899 3847 1013 3930 amici,
1033 3848 1132 3928 servi,
1159 3859 1191 3916 et
1215 3846 1278 3916 lilii

33 3929 89 4026 leh
106 3957 164 4024 per
180 3951 212 4007 te
236 3936 398 4006 homines
420 3950 618 4006 meruerunt
640 3957 714 4008 esse
737 3936 891 4006 conservi
908 3935 1127 4026 Angelorum,
1147 3949 1180 4004 et
1198 3957 1277 4036 curn

33 4037 67 4086 us
81 4021 297 4096 familiariter
311 4026 517 4106 conversare
536 4047 595 4116 per
610 4039 641 4096 te
657 4025 776 4094 notitia
792 4024 959 4107 coelestis,
974 4047 993 4093 a
1008 4035 1094 4094 terra
1105 4036 1278 4095 transmit·

35 4105 95 4200 titur
109 4113 141 4182 in
162 4115 301 4200 coelos;
329 4135 390 4204 per
408 4127 440 4183 te
461 4114 618 4183 homines
644 4113 807 4184 fiduciam
823 4113 951 4182 habent
966 4114 1000 4182 in
1019 4113 1112 4183 coelo
1131 4133 1214 4203 erga
1231 4112 1279 4180 al-

37 4199 195 4284 trssinrum;
215 4225 279 4294 per
303 4217 336 4274 te
360 4207 447 4272 Crux
471 4200 684 4290 resplenduit
707 4223 768 4291 per
787 4202 981 4272 universam
1000 4215 1136 4296 terram,
1155 4201 1190 4270 in
1210 4222 1280 4288 qua

39 4285 147 4362 quidem
164 4297 274 4362 Cruce
297 4291 463 4382 pependit
479 4290 585 4362 Filius
606 4303 687 4360 tuus
714 4291 868 4361 Christus
896 4295 984 4360 Deus
1011 4304 1137 4370 nostem
1165 4311 1225 4380 ρει·
1249 4303 1279 4359 ιε

41 4386 105 4449 litas
125 4380 363 4463 conculcatur,
382 4393 415 4449 et
438 4378 605 4470 spoliatur
628 4379 796 4460 infernum
825 4400 884 4469 per
908 4390 939 4448 ιε
958 4378 1155 4450 ceciderunt
1172 4375 1276 4459 idola,
