2920 4810
241 240 322 308 dii*
588 263 852 310 uarnrrnococroa
884 263 1101 310 rucusrnaron
1330 243 1422 308 luti

858 345 962 404 ariana
978 344 1044 405 labe
1073 343 1163 404 fuisse
1186 343 1325 414 infectum,
1345 359 1369 402 ac
1383 341 1423 400 ilc:

226 421 256 482 S.
273 419 504 484 EUSTOClllUS
525 423 623 484 Viaco
640 424 796 487 cr'llanr.
859 425 1015 484 immerito
1046 424 1077 484 in
1111 421 1334 500 llartprologiuru
1358 421 1423 480 lorca-

194 529 347 606 Mortprio
360 533 506 590 coronato
522 528 605 592 circu
621 545 741 592 uranum
759 529 826 592 3o3.
858 502 1361 644 ἓὲῑῦωιὲῖὦῖξῑὲῧθηὲἒῧὲἓὲδῗέᾒὲ
1375 516 1422 654 ξὲξ]

1091 627 1101 656 ‚
1394 621 1398 628 ,

235 660 416 721 blanciam.
433 691 471 704 -
487 659 594 721 'llrarsi
609 663 639 722 iu
652 660 754 724 Cilicia
766 679 830 724 san·
858 677 910 724 noc
927 669 984 724 est.

194 747 260 802 ctae
288 739 449 802 Eusrocuu
478 737 614 815 Virginis
634 754 665 802 et
681 741 828 817 llartyris,

192 835 269 896 quoe
282 821 338 880 sub
359 819 481 881 tuliano
509 819 660 896 apostata,
678 830 742 898 post
763 823 826 884 diro
963 819 1361 884 succubuissemus.

194 905 356 1038 {unrocum
374 899 558 961 lucratione
583 901 717 962 reddidit
741 903 827 980 spiri·
994 926 1113 988 pporwp
1128 927 1246 989 ,mm
1266 925 1325 987 pfl,

209 993 270 1038 um.

234 1057 303 1134 Eius
317 1056 402 1132 dcta,
417 1060 517 1137 paucis
530 1057 658 1135 redacta,
670 1061 764 1123 refert
775 1061 826 1124 Pe·
897 1059 1263 1124 Mannrooc.-lliconae
1276 1058 1353 1122 sancti
1365 1054 1422 1116 licca-

197 1143 260 1197 lrus
277 1141 307 1198 io
322 1137 421 1200 Octul.
439 1139 492 1201 lib.
512 1135 558 1200 to.
855 1139 1057 1217 orrEpiscopi.
1209 1201 1213 1209 ,

896 1219 939 1280 De
956 1222 1016 1295 ipso
1032 1219 1110 1280 Beda
1126 1227 1157 1279 et
1179 1221 1345 1282 recentiores
1360 1222 1415 1289 oport

274 1295 302 1356 S.
323 1294 548 1358 subeundus
574 1298 745 1362 Episcopus.
858 1297 919 1358 Ado
935 1297 1024 1360 Vtcn.
1050 1299 1082 1360 in
1101 1297 1412 1374 epicoenomena

352 1403 477 1466 Saeculo
492 1403 664 1483 Μίνωϊ.
856 1375 976 1438 Domini
993 1377 1062 1450 obit,
1094 1387 1291 1457 numeratque
1314 1378 1423 1438 decium·

854 1459 996 1533 polutum
1017 1458 1082 1534 ejus
1096 1459 1176 1519 sedis
1191 1459 1363 1537 Episcopum.

232 1537 413 1599 Maorrnou.
430 1569 468 1580 -
484 1536 646 1600 Laodiceae
677 1539 708 1600 in
737 1537 824 1618 Syria

192 1618 286 1678 suncti
317 1617 469 1700 Tupouorr
497 1616 657 1694 Episcopi,
687 1620 740 1696 qrri
766 1635 824 1681 nun
973 1617 1001 1678 S.
1018 1615 1231 1680 attuuusttts
1256 1619 1354 1678 decas.

190 1695 289 1837 {olum
305 1697 405 1759 verbis
428 1695 479 1758 sed
496 1697 585 1758 rebus
605 1704 636 1759 et
661 1699 826 1762 virtutibus
1000 1724 1128 1786 Saeculo
1154 1723 1197 1786 pp
1215 1723 1332 1785 amp

207 1781 400 1838 uitornutus.
813 1831 816 1836 .

232 1855 295 1916 lsin
310 1855 482 1918 Laodicenst
494 1855 670 1935 Episcopatu
685 1859 825 1920 successit
893 1855 1071 1920 llanrrnou.
1090 1891 1127 1900 -
1142 1858 1176 1918 ln
1193 1857 1359 1918 monasterio
1370 1853 1418 1926 lp·

192 1934 356 2011 Stephano,
368 1937 636 2014 m'ri‚rpuam‹·puanr,
648 1937 754 1998 scribit
767 1937 822 1998 Eu·
855 1937 941 1996 nernsi
956 1941 1049 1998 sancti
1068 1937 1214 1998 ducnosu
1230 1936 1355 1998 Abbatis.

191 2017 291 2078 sebius
314 2015 435 2076 inHist.
454 2015 505 2076 lib.
536 2015 564 2088 t,
585 2033 648 2094 cop.
674 2017 822 2090 ult.,tum
893 2013 1079 2089 animosius,
1109 2019 1192 2092 prius
1212 2013 1408 2093 apcdtoplun

192 2103 314 2172 propter
337 2095 554 2185 ¹plrilosopbiae
588 2097 823 2172 coguitionem,
854 2089 1424 2158 monastertiinsulae-barbacacllocau

192 2183 255 2236 tum
276 2181 396 2253 propter
411 2175 557 2251 reliquam
573 2175 728 2238 liberalem
751 2193 824 2239 eru·
852 2183 883 2234 et
896 2173 1007 2248 dbbas,
1023 2193 1094 2236 cum
1112 2175 1231 2252 magnis
1246 2176 1306 2238 illic
1318 2175 1423 2234 unctoru-

189 2254 351 2328 ditioncm,
372 2253 450 2330 apud
467 2255 576 2315 multos
593 2257 623 2316 in
647 2271 753 2332 magna
768 2259 821 2318 ad·
850 2254 990 2329 operibus
1016 2253 1156 2322 clareret,
1172 2257 1208 2316 ad
1235 2250 1423 2317 celeberrimi

190 2335 353 2396 miratione
381 2334 453 2408 luit,
482 2341 581 2394 tumen
613 2347 735 2414 propter
758 2341 823 2398 ani·
852 2335 996 2407 genuensi
1020 2333 1124 2409 (Suirtt
1139 2335 1288 2408 Maurice,
1308 2325 1424 2395 iutcrlld

189 2429 273 2476 unum
289 2413 363 2489 ejus,
376 2428 434 2491 quo
450 2421 594 2490 eroterga
605 2416 821 2478 sacramddem
853 2413 962 2485 vetius)
991 2410 1134 2474 Coeoobii
1171 2416 1304 2492 regimen
1336 2417 1424 2496 rosolio

188 2491 266 2554 baud
290 2497 408 2554 sincere
436 2491 583 2564 alectus,
613 2509 676 2556 non
705 2499 819 2558 tantum
852 2489 1423 2571 postquamttlfcdtsciplioammonastico

187 2571 282 2634 luridis
297 2573 420 2646 meluit,
449 2573 538 2644 sicut,
562 2578 698 2652 tempore
724 2591 823 2652 perse·
851 2571 1060 2646 reformasset,
1082 2572 1210 2650 gloriosa
1245 2573 1346 2634 ibidem
1370 2581 1424 2627 nso*

186 2653 318 2714 cottonis
330 2651 556 2729 progrediente,
574 2657 730 2730 perspicue
744 2663 821 2732 pote·
849 2659 1077 2714 consummatos
1092 2659 1122 2713 et
1144 2652 1308 2714 honorifice
1327 2647 1424 2712 condius.

187 2731 380 2794 factumfoit.
411 2733 600 2809 thtramrts
627 2733 691 2810 eius
719 2736 817 2796 incon·
847 2731 943 2804 signis
975 2739 1066 2810 atque
1101 2733 1258 2794 rcriraculis
1292 2728 1424 2808 plurius

184 2815 294 2873 stantia
307 2817 337 2871 ct
353 2811 476 2874 levitate
492 2812 544 2886 (ita
562 2812 642 2874 idern
659 2812 818 2889 Eusebius,
850 2819 946 2870 morte
960 2813 1139 2873 coruscavit.
1158 2811 1199 2873 lta
1216 2801 1425 2890 succolcpuolc

184 2892 269 2966 cujus
282 2890 371 2952 verbu
386 2890 516 2952 fideliter
531 2890 653 2967 celero),
670 2893 818 2957 Ecclesiae
847 2887 1043 2952 neutericum.
1076 2891 1116 2952 lle
1148 2892 1210 2968 ipso
1237 2897 1316 2969 agit,
1335 2899 1424 2982 cancros

185 2969 267 3030 illius
283 2977 377 3030 sutus
394 2971 548 3032 obteretur
573 2971 661 3032 ruina
676 2973 816 3050 collapso·
847 2968 1035 3040 brevissime.
1066 2969 1265 3044 Trimontium
1293 2972 1332 3033 De
1348 2968 1425 3028 lint·

184 3065 244 3122 ros,
261 3049 319 3110 fuit
336 3055 435 3110 toronen
448 3047 498 3112 Dei
516 3049 678 3112 Salvatorfs
690 3052 816 3114 clemen
845 3047 938 3110 lustr.
957 3047 1079 3110 Ordinis
1094 3049 1125 3112 S.
1144 3051 1304 3114 Benedicti.

182 3130 221 3190 tta
242 3135 436 3202 sustentatus,
462 3131 552 3208 idque
566 3131 634 3206 auia
658 3131 814 3194 confestim

182 3207 368 3280 Theodotus,
385 3209 433 3269 vir
446 3226 518 3272 sane
533 3217 564 3272 et
579 3211 676 3288 reipsa
705 3219 735 3272 et
751 3225 814 3288 pro·
921 3206 950 3270 S.
972 3204 1198 3274 danutlrltls
1214 3209 1376 3272 Cunrcssoo.

180 3293 245 3366 prio
259 3288 380 3352 nomine
396 3289 595 3368 (Tireodotus
618 3291 707 3352 olleo
727 3291 814 3354 datus
999 3315 1125 3378 pampo
1147 3317 1194 3378 pp
1210 3319 1321 3398 (popm-p,

179 3367 306 3446 dicitur)
321 3369 402 3432 illius
418 3370 567 3432 Ecclesiae
588 3369 750 3448 Episcopus
764 3371 813 3432 de·

176 3449 323 3528 signatus,
346 3465 377 3510 se
392 3465 464 3510 nore
480 3449 660 3528 Episcopum
688 3453 812 3512 demon·
881 3448 1061 3510 Mancreou.
1078 3481 1112 3498 -··
1132 3448 1203 3528 Cyri
1221 3453 1250 3512 io
1273 3451 1347 3529 Syria
1364 3453 1415 3501 sill

176 3530 299 3604 strovit;
325 3543 393 3591 nam
409 3536 442 3590 ut
456 3530 486 3590 iu
510 3529 672 3598 medicine.
686 3545 763 3607 quoe
776 3533 810 3592 ad
842 3529 997 3590 llancranr
1013 3527 1210 3592 Confessonls.
1229 3531 1298 3606 Ejus
1317 3523 1424 3597 caspe-*lt*

175 3623 338 3688 corporum
354 3613 540 3672 curationem
559 3610 701 3684 pertinet,
723 3613 764 3671 sic
781 3612 810 3671 in
842 3609 928 3684 longo
944 3611 1082 3670 oratione
1110 3611 1284 3688 conscripsit
1307 3599 1424 3669 Tbccdc·

173 3689 347 3752 animorum
379 3689 492 3750 morbis
523 3689 665 3752 sanandis
701 3695 811 3767 primns
842 3699 888 3748 tus
917 3690 947 3748 in
968 3688 1123 3764 Tlteopdilo
1151 3707 1216 3768 cup.
1234 3707 1275 3752 ru.
1296 3687 1423 3758 aliquare·

172 3769 236 3832 lere
266 3771 352 3840 tulit;
383 3768 719 3842 llumanitntiamrtem,
749 3785 810 3831 ruo·
840 3767 917 3830 ferre
940 3767 1023 3830 libet.
1053 3768 1267 3830 «brucciacum
1296 3755 1423 3828 vercul-

172 3866 239 3912 rum
256 3849 420 3928 probitatis,
438 3848 633 3918 clementiae,
650 3850 809 3911 conuuise-
839 3847 1002 3910 berrimmo
1018 3849 1169 3925 quomodo
1184 3865 1236 3926 pro
1249 3849 1375 3925 dignitate
1387 3835 1422 3919 loll·

170 3931 298 3990 rationis
313 3936 343 3991 et
358 3930 448 3990 studii
479 3930 578 4000 causa,
608 3929 687 4002 cuod
705 3929 736 3988 in
758 3945 809 3990 eos
837 3927 995 3988 dabimus?
1012 3928 1058 3988 An
1076 3927 1163 3989 illum
1176 3913 1420 3990 vadettcrtconil³

169 4011 300 4070 ostendit
315 4010 366 4086 qui
382 4025 467 4086 opem
482 4009 521 4070 ab
534 4026 569 4070 eo
582 4008 755 4084 poscebant,
770 4011 808 4070 lc·
836 4015 866 4067 et
881 4024 950 4068 curu
965 4007 1092 4076 lunone,
1124 4025 1158 4070 ac
1177 4009 1322 4070 similibus
1342 4007 1422 4090 oliti—'j

168 4087 226 4146 cllo
247 4103 354 4148 omnes
375 4092 548 4166 superavit;
573 4089 602 4148 in
625 4087 718 4154 sacris
733 4105 806 4166 puo-
836 4095 948 4158 rooles,
971 4089 1020 4165 ptri
1045 4089 1217 4148 circuibant
1239 4091 1267 4148 in
1289 4081 1390 4168 uiellotls
1404 4097 1422 4120 r·

167 4179 228 4237 poc
249 4167 414 4242 ‹lisclpliuis
437 4167 550 4229 multus
566 4174 632 4229 erat
646 4168 673 4227 ei
692 4183 763 4229 usus
777 4175 806 4230 et
836 4167 962 4243 pellibus
977 4167 1118 4242 caprinis,
1136 4175 1272 4243 egentes.
1285 4163 1376 4226 alllr'dt
1388 4166 1420 4207 ll·

168 4242 272 4302 crebro
296 4245 487 4309 exercitatio.
516 4271 520 4280 .
834 4247 906 4318 sati,
921 4245 1030 4322 uicibus
1045 4248 1158 4323 diguus
1171 4263 1229 4308 noo
1241 4253 1299 4310 erat
1312 4244 1350 4302 bic
1361 4241 1419 4325 mli·

205 4316 283 4378 Sum
301 4329 415 4398 taruco,
432 4329 483 4403 qui
500 4325 597 4404 ipsum
614 4325 804 4390 Tbcbdotnm
833 4328 910 4388 dusl
933 4326 958 4388 ls
985 4327 1069 4388 cuim
1101 4331 1230 4404 petriam
1256 4312 1419 4396 ulimundm
