3046 4838
72 241 129 310 ott.
150 245 161 309 l
347 315 361 326 ,
489 264 531 314 ur
555 269 581 316 s.
604 267 707 316 struto
731 269 780 314 nr.
806 267 939 316 norton.
1260 253 1301 316 at

70 345 114 415 sibi
129 365 334 438 persecutor
363 366 401 423 et
423 365 537 422 tortor
552 353 670 424 extitit.
696 359 734 423 Et
750 354 779 423 si
796 351 934 440 quidem
956 374 1030 422 sors
1051 355 1215 442 temporis
1230 353 1276 422 ita
1295 367 1347 422 tu-

69 435 147 520 lisset,
164 463 210 510 cu
240 441 347 512 iebat
369 455 518 532 martyr
541 463 601 544 pro
621 443 760 512 nomine
785 441 972 512 conditoris
991 441 1077 510 lieri.
1101 442 1162 512 Sed
1189 444 1347 528 quamvis

69 545 127 595 eun
145 527 197 620 gla
227 531 289 600 ius
315 544 569 621 persecutoris
590 553 658 601 non
679 530 840 612 confodit,
864 531 974 601 libens
997 532 1071 620 ipse
1095 530 1160 599 sibi
1176 531 1348 618 quotidia-

71 637 134 684 uuru
153 620 380 709 martyrium
408 620 560 689 indixit:
585 618 719 707 fuitque
742 621 773 688 ei
800 619 908 689 fames
935 640 996 708 pro
1019 619 1163 709 ungula,
1186 621 1260 690 sitis
1287 641 1348 711 pro

73 703 200 790 lenna,
222 709 358 778 muudi
379 709 602 780 calamitates
628 730 690 799 pro
709 709 839 789 bestiis,
859 709 1065 779 abstinentia
1081 730 1143 796 pro
1166 708 1345 778 eraticula.

78 797 162 881 itque
180 797 249 866 sub
269 798 438 885 quedam
460 798 615 888 martyrii
640 798 770 898 specie,
796 820 861 867 ceu
880 800 1000 868 eatena
1018 797 1159 898 rigentis
1179 797 1271 877 terri,
1299 798 1348 866 sic

81 881 151 953 lura
171 885 246 976 lege
269 889 516 968 constrictuS,
549 900 771 974 semetipsum
801 887 866 955 sibi
898 885 1079 985 abnegavit
1107 899 1146 955 ut
1165 886 1345 955 dhristum

84 973 165 1059 sequi
179 988 309 1063 posset:
338 974 446 1045 illum
474 995 609 1064 semper
634 974 794 1066 diligens,
812 975 911 1044 illuin
937 973 1148 1054 desiderans,
1169 974 1269 1044 illurn
1296 975 1345 1043 iu·

87 1062 164 1150 genti
178 1063 337 1132 aviditate
359 1064 499 1144 sitiens,
525 1064 585 1150 qui
610 1085 671 1154 pro
691 1085 805 1132 amore
822 1062 1003 1134 hominum
1022 1063 1125 1133 bomo
1148 1062 1258 1132 factus
1275 1076 1343 1132 est:

88 1163 119 1218 ut
138 1172 194 1222 nos
211 1152 253 1220 ad
279 1152 419 1222 coelum
452 1152 610 1232 traheret,
637 1152 679 1221 de
704 1153 783 1222 sinu
802 1152 910 1222 Patris
931 1152 965 1220 in
997 1166 1120 1222 terram
1141 1150 1343 1222 descendit:

88 1237 316 1325 eiqueomuem
336 1241 494 1310 laborem
520 1262 634 1322 suum,
661 1261 868 1328 omnemque
883 1240 1099 1310 dilectionem
1126 1240 1343 1330 impendens

90 1326 200 1396 bonam
221 1340 344 1399 terram
371 1330 429 1399 sui
456 1328 571 1400 cordis
591 1329 669 1420 jugi
688 1329 784 1398 cultu
809 1343 841 1398 et
869 1328 1149 1399 indeficientibus
1173 1330 1344 1400 exercitiis

90 1416 255 1486 excolebat.
280 1422 319 1486 Et
347 1416 496 1507 perinde
515 1431 552 1488 ut
579 1419 734 1488 esuriens
761 1418 935 1506 quispiam
957 1421 1022 1488 ¹ant
1046 1419 1187 1499 sitiens,
1220 1419 1269 1487 sio
1289 1418 1346 1488 ille

91 1524 204 1593 magno
231 1505 380 1592 quodam
411 1505 539 1575 ardens
569 1506 761 1588 desiderio,
788 1506 873 1576 illud
908 1506 1106 1576 Psalmistae
1137 1528 1216 1576 voce
1239 1507 1346 1577 flebili

91 1593 199 1662 erebro
213 1594 406 1684 repetebat:
435 1597 516 1678 Quis
540 1595 631 1664 ouon
654 1596 741 1664 miln'
753 1619 880 1686 pennus
904 1596 990 1664 sicut
1013 1596 1204 1675 columboe,
1234 1606 1264 1664 et
1288 1619 1346 1666 vo·

93 1682 172 1760 labo,
189 1694 217 1752 et
229 1685 468 1775 requiescam?
486 1684 554 1773 (Ps.
572 1689 640 1766 bl).
669 1689 821 1771 Itemque
846 1683 956 1753 illud:
984 1685 1122 1768 Quando
1141 1685 1287 1764 venium,
1315 1696 1345 1754 et

90 1773 239 1859 apparebo
254 1784 330 1842 onte
345 1775 473 1860 sociem
490 1775 573 1842 liei?
596 1778 662 1858 (Ps.
682 1773 751 1861 ll).
778 1777 884 1859 Atque
898 1771 1000 1841 etiam
1018 1771 1103 1842 illud
1126 1773 1342 1842 Salomonis:

92 1859 188 1928 frola
198 1883 245 1930 mc
254 1872 326 1951 post
340 1872 387 1930 te:
400 1885 573 1931 curremus
581 1863 616 1930 in
627 1863 758 1931 odorem
772 1872 1019 1952 unquentorum
1034 1873 1166 1932 tuorum
1181 1861 1293 1951 (Cant.
1304 1861 1343 1951 ι).

89 1949 184 2016 Porro
200 1950 391 2019 sectabatur
405 1951 440 2018 in
459 1951 621 2020 omuibus
640 1949 952 2031 mansuetudinem,
972 1949 1074 2019 fidem
1092 1963 1124 2019 et
1143 1951 1342 2020 charitatem

94 2033 268 2120 perferam,
298 2059 389 2125 quae
410 2039 602 2126 spiritualis
626 2039 875 2108 aedificationis
899 2038 1075 2109 vinculum
1101 2050 1162 2108 est.
1183 2039 1345 2109 Studebat

92 2141 128 2189 se
154 2145 200 2193 tus
219 2125 468 2196 sanctificatum
494 2127 676 2209 exhibere,
704 2141 741 2196 ut
766 2127 988 2197 habitatorem
1015 2132 1121 2196 Deum
1152 2127 1187 2195 in
1221 2129 1343 2196 mentis

88 2231 170 2280 suae
191 2213 329 2306 bospitio
361 2226 477 2305 posset
499 2217 660 2305 recipere.
688 2215 904 2286 salutaribus
927 2229 998 2286 erat
1021 2215 1156 2286 actibus
1182 2229 1344 2306 perpetuo

84 2317 271 2390 occupatus,
300 2316 341 2374 ut
363 2304 648 2392 quotiescumque
675 2315 821 2374 tentator
844 2303 1033 2386 accederet,
1060 2303 1344 2391 quotiescumque

81 2385 184 2460 bostis
205 2393 351 2463 callidus
368 2390 501 2462 aditum
522 2404 719 2479 quaereret,
750 2392 908 2463 clausum
936 2415 1071 2484 semper
1101 2393 1281 2462 adversum
1308 2415 1343 2463 se

77 2480 219 2564 pectoris
255 2483 382 2552 ostium
414 2481 592 2552 inveniret.
630 2482 755 2552 Orabat
788 2481 1002 2570 frequenter,
1035 2482 1226 2552 secundum
1257 2487 1343 2572 lpo-

74 2565 210 2650 stolum‚
235 2591 295 2659 pro
320 2569 486 2640 omnibus
506 2568 717 2651 hominibus,
744 2592 805 2661 pro
823 2570 973 2660 Regibus
999 2581 1031 2640 et
1047 2571 1090 2640 iis
1106 2571 1166 2657 qui
1183 2571 1216 2638 in
1236 2571 1343 2640 subli-

72 2655 191 2725 mitate
213 2658 388 2728 constituti
412 2670 522 2739 erant,
549 2671 587 2728 ut
605 2659 754 2746 quietam
776 2672 808 2728 et
833 2659 1053 2746 tranquillam
1078 2661 1181 2728 vitam
1203 2674 1344 2760 agerent

69 2741 108 2810 iu
135 2747 228 2814 omni
253 2747 377 2835 pietate
401 2758 434 2815 et
464 2746 651 2828 claritate,
685 2748 796 2817 sciens
825 2747 1017 2818 seeundum
1048 2747 1196 2817 eundem
1226 2771 1340 2838 ipsum

67 2833 279 2920 Apostolum,
306 2836 372 2905 boc
388 2835 519 2904 bonurn
544 2848 576 2904 et
600 2847 778 2924 acceptum
804 2857 878 2906 esse
902 2858 1017 2905 coram
1036 2836 1209 2907 Salvatore
1226 2851 1343 2907 nostro

67 2921 149 3021 Dee,
165 2924 224 3008 qui
244 2945 364 2994 omnes
384 2923 543 2994 homines
567 2924 638 2994 vult
663 2923 773 2993 salvos
793 2923 879 3006 lieri,
901 2925 995 2994 etad
1020 2925 1230 3016 agnitionem
1257 2927 1342 2996 veri·

68 3020 149 3078 tatis
169 3013 293 3081 venire.

111 3099 131 3184 ξ
153 3102 235 3170 8².
262 3099 350 3183 Quid
371 3121 449 3170 vero
466 3099 624 3190 pluribus
648 3101 960 3171 commemorandis
987 3102 1173 3172 immorer?
1189 3109 1226 3172 ln
1243 3103 1341 3172 omni

67 3189 325 3260 couversatione
349 3211 413 3258 sua
432 3189 531 3276 quasi
551 3189 684 3259 Lucifer
707 3190 794 3260 inter
818 3201 910 3260 astra
935 3188 1119 3280 refulgens,
1141 3192 1251 3260 instar
1270 3214 1341 3261 ma-

68 3295 158 3364 guae
177 3277 244 3346 lam
272 3277 348 3349 adis
366 3277 526 3347 micabat.
545 3283 684 3366 Semper
702 3278 865 3369 perfectos
879 3279 1118 3349 aemulabatur
1130 3280 1171 3350 ad
1187 3279 1339 3348 bonum:

68 3383 205 3455 semper
227 3300 376 3437 allorum
409 3367 548 3436 virtutes
573 3365 639 3437 sibi
670 3368 880 3456 proponebat
906 3367 949 3436 ad
970 3367 1190 3437 imitandum.
1208 3367 1341 3438 Tardus

69 3467 140 3522 erat
153 3455 197 3522 ad
217 3454 443 3544 loquendum,
463 3454 652 3524 secundum
669 3455 879 3544 Apostolum,
896 3467 929 3525 et
946 3455 1040 3525 velox
1055 3457 1095 3526 ad
1111 3456 1337 3526 audiendum.

71 3543 232 3612 Sermone
252 3543 414 3623 subtilis,
441 3542 634 3612 bumilitate
663 3543 824 3614 sublimis
851 3557 943 3625 erat,
968 3545 1194 3634 eleemosynis
1220 3545 1338 3625 dives,

20 3663 21 3670 κ
74 3629 303 3702 ebaritatelon
331 3631 471 3711 animis,
498 3629 577 3720 vigil
605 3631 639 3699 in
657 3632 815 3720 jejuniis,
841 3631 978 3720 eloquio
1003 3647 1196 3725 promptus,
1225 3633 1340 3704 studio

74 3715 231 3806 flagrans
258 3655 343 3790 utile
363 3743 422 3789 vas
439 3720 473 3788 iu
500 3720 623 3790 Cbristi
642 3741 765 3812 magna
782 3720 896 3804 domo,
915 3723 957 3791 ad
978 3723 1112 3792 miseris
1135 3722 1340 3812 praestanda

76 3803 180 3876 officia
193 3809 353 3900 impiger,
371 3809 414 3878 ad
432 3809 619 3879 orationem
640 3823 790 3899 paratus
807 3808 850 3879 ad
867 3810 1089 3880 tribuendum
1106 3809 1338 3902 largissimus,

78 3895 243 3966 studiosus
268 3897 571 3978 mansuetudinis,
607 3911 807 3986 paupertate
837 3899 934 3969 valde
965 3898 1143 3990 gaudeus,
1180 3899 1340 3970 bonitatis

81 3991 179 4068 tenen
205 3988 391 4087 puritatem
417 3985 532 4056 cordis
555 4006 625 4056 sem
654 4007 691 4055 er
715 3986 945 4076 amplectens,
972 3987 1127 4057 animum
1150 4010 1251 4058 suum
1277 3993 1337 4058 Ec·

82 4070 275 4146 clesiastroae
298 4075 441 4166 regulae
460 4073 544 4144 adeo
566 4087 615 4143 tra
643 4095 703 4144 ens
724 4075 995 4156 informandum,
1021 4086 1061 4145 ut
1077 4078 1208 4146 tametsi
1227 4075 1340 4146 adhue

81 4157 174 4235 laicus
195 4177 297 4246 esset,
325 4163 488 4254 Episcopi
502 4163 575 4250 jam
593 4164 739 4264 gratiam
757 4162 895 4234 abunde
912 4164 1056 4255 adeptus
1080 4163 1252 4234 videretur
1267 4188 1274 4232 :
1292 4165 1340 4235 ita

80 4249 208 4344 donique
231 4255 395 4346 seipsum
415 4252 546 4340 privata
569 4250 754 4352 disciplina
779 4251 925 4322 necdum
950 4265 1069 4322 tonsus
1092 4273 1275 4333 exercens,
1304 4265 1340 4322 ut

74 4363 131 4434 Jttu
145 4345 370 4438 praeclarum
392 4341 435 4410 de
458 4361 495 4411 se
510 4361 684 4430 specimen
701 4341 887 4431 praeberet,
908 4361 1011 4428 quam
1029 4354 1116 4412 esset
1133 4339 1340 4428 quandoque
