<?xml version="1.0" encoding="UTF-8"?>
<!DOCTYPE html PUBLIC "-//W3C//DTD XHTML 1.0 Transitional//EN"
    "http://www.w3.org/TR/xhtml1/DTD/xhtml1-transitional.dtd">
<html xmlns="http://www.w3.org/1999/xhtml" xml:lang="en" lang="en">
 <head>
  <title>
</title>
<meta http-equiv="Content-Type" content="text/html;charset=utf-8" />
  <meta name='ocr-system' content='tesseract 3.04.00' />
  <meta name='ocr-capabilities' content='ocr_page ocr_carea ocr_par ocr_line ocrx_word'/>
</head>
<body>
  <div class='ocr_page' id='page_1' title='image "./historiaeseuvit00lippgoog_0788.png"; bbox 0 0 2920 4810; ppageno 0'>
   <div class='ocr_carea' id='block_1_1' title="bbox 16 261 1248 339">
    <p class='ocr_par' dir='ltr' id='par_1_1' title="bbox 16 261 1248 339">
     <span class='ocr_line' id='line_1_1' title="bbox 16 261 1248 339; baseline 0.002 -13"><span class='ocrx_word' id='word_1_1' title='bbox 16 261 92 326; x_wconf 80' lang='lat' dir='ltr'><strong>l&#39;til&#39;.</strong></span> <span class='ocrx_word' id='word_1_2' title='bbox 111 264 163 339; x_wconf 67' lang='lat' dir='ltr'><strong>Pl,</strong></span> <span class='ocrx_word' id='word_1_3' title='bbox 182 263 223 328; x_wconf 73' lang='lat'><strong>‘22</strong></span> <span class='ocrx_word' id='word_1_4' title='bbox 237 281 274 328; x_wconf 84' lang='lat' dir='ltr'><strong>ar</strong></span> <span class='ocrx_word' id='word_1_5' title='bbox 290 264 331 327; x_wconf 72' lang='grc'><strong>23</strong></span> <span class='ocrx_word' id='word_1_6' title='bbox 392 279 655 328; x_wconf 80' lang='lat' dir='ltr'><strong>niariuotociun</strong></span> <span class='ocrx_word' id='word_1_7' title='bbox 680 280 896 328; x_wconf 84' lang='lat' dir='ltr'><strong>iiiusrnaruu</strong></span> <span class='ocrx_word' id='word_1_8' title='bbox 1147 261 1248 328; x_wconf 75' lang='lat' dir='ltr'><strong>tuan*</strong></span> 
     </span>
    </p>
   </div>
   <div class='ocr_carea' id='block_1_2' title="bbox 13 361 1296 1076">
    <p class='ocr_par' dir='ltr' id='par_1_2' title="bbox 13 361 1296 1076">
     <span class='ocr_line' id='line_1_2' title="bbox 661 361 1293 439; baseline 0.006 -17"><span class='ocrx_word' id='word_1_9' title='bbox 661 361 757 433; x_wconf 89' lang='lat' dir='ltr'><strong>Pauli,</strong></span> <span class='ocrx_word' id='word_1_10' title='bbox 775 377 839 424; x_wconf 89' lang='lat' dir='ltr'><strong>esse</strong></span> <span class='ocrx_word' id='word_1_11' title='bbox 863 369 1003 439; x_wconf 85' lang='lat' dir='ltr'><strong>coeperat</strong></span> <span class='ocrx_word' id='word_1_12' title='bbox 1027 361 1168 432; x_wconf 81' lang='lat' dir='ltr'>Ecclesia,</span> <span class='ocrx_word' id='word_1_13' title='bbox 1193 364 1293 426; x_wconf 89' lang='lat' dir='ltr'><strong>eidem</strong></span> 
     </span>
     <span class='ocr_line' id='line_1_3' title="bbox 98 442 1295 596; baseline 0.006 -19"><span class='ocrx_word' id='word_1_14' title='bbox 98 468 126 532; x_wconf 67' lang='lat' dir='ltr'><strong>s·</strong></span> <span class='ocrx_word' id='word_1_15' title='bbox 143 467 297 531; x_wconf 63' lang='lat' dir='ltr'><strong>iiiia</strong></span> <span class='ocrx_word' id='word_1_16' title='bbox 384 487 420 532; x_wconf 63' lang='lat' dir='ltr'><strong>e</strong></span> <span class='ocrx_word' id='word_1_17' title='bbox 436 467 529 531; x_wconf 74' lang='lat'><strong>00</strong></span> <span class='ocrx_word' id='word_1_18' title='bbox 660 442 1295 596; x_wconf 52' lang='lat' dir='ltr'><strong>trituraturtriturantiu:</strong></span> 
     </span>
     <span class='ocr_line' id='line_1_4' title="bbox 47 566 1295 679; baseline 0.004 -20"><span class='ocrx_word' id='word_1_19' title='bbox 47 601 406 663; x_wconf 70' lang='lat' dir='ltr'><strong>linarium-Veronae</strong></span> <span class='ocrx_word' id='word_1_20' title='bbox 421 601 515 664; x_wconf 91' lang='lat' dir='ltr'><strong>sancti</strong></span> <span class='ocrx_word' id='word_1_21' title='bbox 529 601 630 662; x_wconf 81' lang='lat' dir='ltr'><strong>binum</strong></span> <span class='ocrx_word' id='word_1_22' title='bbox 659 567 712 679; x_wconf 81' lang='lat' dir='ltr'><strong>ligi</strong></span> <span class='ocrx_word' id='word_1_23' title='bbox 736 566 827 668; x_wconf 79' lang='lat' dir='ltr'><strong>soliti.</strong></span> <span class='ocrx_word' id='word_1_24' title='bbox 850 599 982 678; x_wconf 89' lang='lat' dir='ltr'><strong>ejusdem</strong></span> <span class='ocrx_word' id='word_1_25' title='bbox 1008 602 1184 663; x_wconf 82' lang='lat' dir='ltr'><strong>terebantur</strong></span> <span class='ocrx_word' id='word_1_26' title='bbox 1209 605 1295 664; x_wconf 87' lang='lat' dir='ltr'><strong>auxi-</strong></span> 
     </span>
     <span class='ocr_line' id='line_1_5' title="bbox 13 679 1294 758; baseline 0.003 -19"><span class='ocrx_word' id='word_1_27' title='bbox 13 679 131 758; x_wconf 73' lang='lat' dir='ltr'><strong>Episcopi</strong></span> <span class='ocrx_word' id='word_1_28' title='bbox 147 679 382 742; x_wconf 89' lang='lat' dir='ltr'><strong>ctConiessoris.</strong></span> <span class='ocrx_word' id='word_1_29' title='bbox 660 681 717 742; x_wconf 89' lang='lat' dir='ltr'><strong>lio:</strong></span> <span class='ocrx_word' id='word_1_30' title='bbox 740 679 821 758; x_wconf 77' lang='lat' dir='ltr'><strong>quod</strong></span> <span class='ocrx_word' id='word_1_31' title='bbox 836 681 915 742; x_wconf 88' lang='lat' dir='ltr'><strong>idem</strong></span> <span class='ocrx_word' id='word_1_32' title='bbox 932 680 1041 742; x_wconf 90' lang='lat' dir='ltr'><strong>Paulus</strong></span> <span class='ocrx_word' id='word_1_33' title='bbox 1062 688 1197 742; x_wconf 87' lang='lat' dir='ltr'><strong>testatur.</strong></span> <span class='ocrx_word' id='word_1_34' title='bbox 1223 697 1294 744; x_wconf 88' lang='lat' dir='ltr'><strong>cum</strong></span> 
     </span>
     <span class='ocr_line' id='line_1_6' title="bbox 47 759 1296 840; baseline 0.002 -21"><span class='ocrx_word' id='word_1_35' title='bbox 47 762 82 820; x_wconf 87' lang='lat' dir='ltr'><strong>lle</strong></span> <span class='ocrx_word' id='word_1_36' title='bbox 97 765 157 840; x_wconf 87' lang='lat' dir='ltr'><strong>ipso</strong></span> <span class='ocrx_word' id='word_1_37' title='bbox 172 759 292 824; x_wconf 85' lang='lat' dir='ltr'><strong>tabulae</strong></span> <span class='ocrx_word' id='word_1_38' title='bbox 306 760 457 822; x_wconf 79' lang='lat' dir='ltr'>Ecclesiae</span> <span class='ocrx_word' id='word_1_39' title='bbox 472 761 630 822; x_wconf 81' lang='lat' dir='ltr'><strong>veronen·</strong></span> <span class='ocrx_word' id='word_1_40' title='bbox 659 763 701 821; x_wconf 87' lang='lat' dir='ltr'><strong>ait</strong></span> <span class='ocrx_word' id='word_1_41' title='bbox 717 784 724 820; x_wconf 94' lang='lat'><strong>:</strong></span> <span class='ocrx_word' id='word_1_42' title='bbox 754 761 875 821; x_wconf 84' lang='lat' dir='ltr'><strong>Viscera</strong></span> <span class='ocrx_word' id='word_1_43' title='bbox 899 766 1078 822; x_wconf 78' lang='lat' dir='ltr'><strong>sanctornm.</strong></span> <span class='ocrx_word' id='word_1_44' title='bbox 1098 763 1296 840; x_wconf 80' lang='lat' dir='ltr'><strong>requiescunt</strong></span> 
     </span>
     <span class='ocr_line' id='line_1_7' title="bbox 13 838 1293 920; baseline 0.003 -22"><span class='ocrx_word' id='word_1_45' title='bbox 13 840 190 902; x_wconf 79' lang='lat' dir='ltr'><strong>sisibertus</strong></span> <span class='ocrx_word' id='word_1_46' title='bbox 205 849 309 902; x_wconf 90' lang='lat' dir='ltr'><strong>autem</strong></span> <span class='ocrx_word' id='word_1_47' title='bbox 332 841 471 902; x_wconf 86' lang='lat' dir='ltr'><strong>Valerius</strong></span> <span class='ocrx_word' id='word_1_48' title='bbox 487 838 630 902; x_wconf 91' lang='lat' dir='ltr'><strong>Caidiua·</strong></span> <span class='ocrx_word' id='word_1_49' title='bbox 657 857 712 920; x_wconf 87' lang='lat' dir='ltr'><strong>per</strong></span> <span class='ocrx_word' id='word_1_50' title='bbox 734 846 772 910; x_wconf 85' lang='lat' dir='ltr'><strong>te,</strong></span> <span class='ocrx_word' id='word_1_51' title='bbox 801 839 914 916; x_wconf 81' lang='lat' dir='ltr'><strong>frater.</strong></span> <span class='ocrx_word' id='word_1_52' title='bbox 944 839 1005 912; x_wconf 86' lang='lat' dir='ltr'><strong>Qua</strong></span> <span class='ocrx_word' id='word_1_53' title='bbox 1030 857 1102 900; x_wconf 89' lang='lat' dir='ltr'><strong>rero</strong></span> <span class='ocrx_word' id='word_1_54' title='bbox 1128 857 1226 911; x_wconf 89' lang='lat' dir='ltr'><strong>causa,</strong></span> <span class='ocrx_word' id='word_1_55' title='bbox 1257 841 1293 902; x_wconf 92' lang='lat' dir='ltr'><strong>ad</strong></span> 
     </span>
     <span class='ocr_line' id='line_1_8' title="bbox 13 917 1292 998; baseline 0.002 -20"><span class='ocrx_word' id='word_1_56' title='bbox 13 917 81 978; x_wconf 85' lang='lat' dir='ltr'><strong>lisia</strong></span> <span class='ocrx_word' id='word_1_57' title='bbox 97 919 158 982; x_wconf 88' lang='lat' dir='ltr'><strong>Lib.</strong></span> <span class='ocrx_word' id='word_1_58' title='bbox 175 921 278 998; x_wconf 82' lang='lat' dir='ltr'><strong>Antip.</strong></span> <span class='ocrx_word' id='word_1_59' title='bbox 294 922 431 984; x_wconf 37' lang='lat' dir='ltr'><strong>ebenum.</strong></span> <span class='ocrx_word' id='word_1_60' title='bbox 455 930 514 982; x_wconf 89' lang='lat' dir='ltr'><strong>etc.</strong></span> <span class='ocrx_word' id='word_1_61' title='bbox 528 953 566 966; x_wconf 87' lang='lat'>-</span> <span class='ocrx_word' id='word_1_62' title='bbox 588 918 629 980; x_wconf 92' lang='lat' dir='ltr'><strong>lta</strong></span> <span class='ocrx_word' id='word_1_63' title='bbox 661 926 756 997; x_wconf 87' lang='lat' dir='ltr'><strong>ipsum</strong></span> <span class='ocrx_word' id='word_1_64' title='bbox 771 919 800 982; x_wconf 88' lang='lat' dir='ltr'><strong>S.</strong></span> <span class='ocrx_word' id='word_1_65' title='bbox 813 918 974 997; x_wconf 72' lang='lat' dir='ltr'>Apostolus</span> <span class='ocrx_word' id='word_1_66' title='bbox 989 920 1150 998; x_wconf 70' lang='lat' dir='ltr'>Epistulam</span> <span class='ocrx_word' id='word_1_67' title='bbox 1164 922 1292 994; x_wconf 90' lang='lat' dir='ltr'><strong>miserit,</strong></span> 
     </span>
     <span class='ocr_line' id='line_1_9' title="bbox 14 997 1006 1076; baseline 0.003 -19"><span class='ocrx_word' id='word_1_68' title='bbox 14 997 156 1060; x_wconf 81' lang='lat' dir='ltr'><strong>lisinnias.</strong></span> <span class='ocrx_word' id='word_1_69' title='bbox 561 1041 566 1058; x_wconf 80' lang='grc'><strong>.</strong></span> <span class='ocrx_word' id='word_1_70' title='bbox 661 1001 777 1062; x_wconf 91' lang='lat' dir='ltr'><strong>nemini</strong></span> <span class='ocrx_word' id='word_1_71' title='bbox 794 1005 839 1060; x_wconf 88' lang='lat' dir='ltr'><strong>cst</strong></span> <span class='ocrx_word' id='word_1_72' title='bbox 854 999 1006 1076; x_wconf 82' lang='lat' dir='ltr'><strong>ignotum.</strong></span> 
     </span>
    </p>
   </div>
   <div class='ocr_carea' id='block_1_3' title="bbox 13 1157 1297 3054">
    <p class='ocr_par' dir='ltr' id='par_1_3' title="bbox 13 1157 1297 3054">
     <span class='ocr_line' id='line_1_10' title="bbox 46 1157 1158 1236; baseline -0.001 -16"><span class='ocrx_word' id='word_1_73' title='bbox 46 1159 129 1220; x_wconf 89' lang='lat' dir='ltr'><strong>-ln</strong></span> <span class='ocrx_word' id='word_1_74' title='bbox 153 1159 334 1220; x_wconf 86' lang='lat' dir='ltr'><strong>llonasterio</strong></span> <span class='ocrx_word' id='word_1_75' title='bbox 364 1157 504 1220; x_wconf 88' lang='lat' dir='ltr'><strong>Bobiensi</strong></span> <span class='ocrx_word' id='word_1_76' title='bbox 541 1159 629 1236; x_wconf 90' lang='lat' dir='ltr'><strong>depo·</strong></span> <span class='ocrx_word' id='word_1_77' title='bbox 791 1159 822 1220; x_wconf 82' lang='lat' dir='ltr'><strong>S.</strong></span> <span class='ocrx_word' id='word_1_78' title='bbox 841 1158 998 1221; x_wconf 66' lang='lat' dir='ltr'><strong>llACllllS</strong></span> <span class='ocrx_word' id='word_1_79' title='bbox 1014 1160 1158 1222; x_wconf 80' lang='lat' dir='ltr'><strong>lliurru.</strong></span> 
     </span>
     <span class='ocr_line' id='line_1_11' title="bbox 13 1237 1232 1344; baseline -0.001 -17"><span class='ocrx_word' id='word_1_80' title='bbox 13 1239 71 1296; x_wconf 58' lang='lat'><strong>⁵³⁰⁰</strong></span> <span class='ocrx_word' id='word_1_81' title='bbox 95 1242 185 1300; x_wconf 56' lang='lat' dir='ltr'><strong>smel*</strong></span> <span class='ocrx_word' id='word_1_82' title='bbox 211 1237 389 1328; x_wconf 59' lang='lat' dir='ltr'><strong>C⁰L¹³l¹¹³ffl</strong></span> <span class='ocrx_word' id='word_1_83' title='bbox 402 1239 537 1312; x_wconf 59' lang='lat' dir='ltr'><strong>Abbfflsi</strong></span> <span class='ocrx_word' id='word_1_84' title='bbox 565 1237 629 1316; x_wconf 46' lang='grc' dir='ltr'><strong>(ΗΓΒ</strong></span> <span class='ocrx_word' id='word_1_85' title='bbox 720 1265 873 1344; x_wconf 82' lang='lat' dir='ltr'><strong>llertpri&#39;o</strong></span> <span class='ocrx_word' id='word_1_86' title='bbox 887 1272 1052 1326; x_wconf 83' lang='lat' dir='ltr'><strong>coronatus</strong></span> <span class='ocrx_word' id='word_1_87' title='bbox 1067 1281 1149 1326; x_wconf 84' lang='lat' dir='ltr'><strong>anno</strong></span> <span class='ocrx_word' id='word_1_88' title='bbox 1164 1265 1232 1326; x_wconf 69' lang='grc'><strong>984.</strong></span> 
     </span>
     <span class='ocr_line' id='line_1_12' title="bbox 14 1317 630 1394; baseline 0.003 -18"><span class='ocrx_word' id='word_1_89' title='bbox 14 1317 163 1379; x_wconf 89' lang='lat' dir='ltr'><strong>muliorum</strong></span> <span class='ocrx_word' id='word_1_90' title='bbox 182 1318 401 1380; x_wconf 90' lang='lat' dir='ltr'><strong>coenobiorum</strong></span> <span class='ocrx_word' id='word_1_91' title='bbox 415 1319 557 1380; x_wconf 86' lang='lat' dir='ltr'><strong>laudator</strong></span> <span class='ocrx_word' id='word_1_92' title='bbox 569 1318 630 1394; x_wconf 92' lang='lat' dir='ltr'><strong>plu·</strong></span> 
     </span>
     <span class='ocr_line' id='line_1_13' title="bbox 15 1397 1292 1460; baseline 0.004 -6"><span class='ocrx_word' id='word_1_93' title='bbox 15 1413 144 1458; x_wconf 88' lang='lat' dir='ltr'><strong>rimoruin</strong></span> <span class='ocrx_word' id='word_1_94' title='bbox 176 1399 395 1459; x_wconf 90' lang='lat' dir='ltr'><strong>Alcnacliorum</strong></span> <span class='ocrx_word' id='word_1_95' title='bbox 431 1400 533 1460; x_wconf 85' lang='lat' dir='ltr'><strong>extitit</strong></span> <span class='ocrx_word' id='word_1_96' title='bbox 575 1397 630 1460; x_wconf 90' lang='lat' dir='ltr'><strong>Pu·</strong></span> <span class='ocrx_word' id='word_1_97' title='bbox 701 1399 932 1460; x_wconf 78' lang='lat' dir='ltr'><strong>blanciam.—</strong></span> <span class='ocrx_word' id='word_1_98' title='bbox 955 1397 1028 1460; x_wconf 89' lang='lat' dir='ltr'><strong>ltem</strong></span> <span class='ocrx_word' id='word_1_99' title='bbox 1058 1398 1172 1460; x_wconf 82' lang='lat' dir='ltr'><strong>Romae</strong></span> <span class='ocrx_word' id='word_1_100' title='bbox 1197 1399 1292 1460; x_wconf 87' lang='lat' dir='ltr'><strong>sancti</strong></span> 
     </span>
     <span class='ocr_line' id='line_1_14' title="bbox 16 1476 1295 1556; baseline 0.005 -22"><span class='ocrx_word' id='word_1_101' title='bbox 16 1489 74 1548; x_wconf 85' lang='lat' dir='ltr'><strong>ter,</strong></span> <span class='ocrx_word' id='word_1_102' title='bbox 106 1479 269 1539; x_wconf 79' lang='lat' dir='ltr'><strong>uirtutibus</strong></span> <span class='ocrx_word' id='word_1_103' title='bbox 311 1476 410 1540; x_wconf 89' lang='lat' dir='ltr'><strong>clarus</strong></span> <span class='ocrx_word' id='word_1_104' title='bbox 458 1479 490 1539; x_wconf 91' lang='lat' dir='ltr'><strong>iii</strong></span> <span class='ocrx_word' id='word_1_105' title='bbox 540 1495 630 1540; x_wconf 89' lang='lat' dir='ltr'><strong>senc·</strong></span> <span class='ocrx_word' id='word_1_106' title='bbox 660 1479 1295 1556; x_wconf 80' lang='lat' dir='ltr'><strong>blaumllartyi·is,quieirAliicaveuiens</strong></span> 
     </span>
     <span class='ocr_line' id='line_1_15' title="bbox 14 1557 1294 1636; baseline 0.005 -24"><span class='ocrx_word' id='word_1_107' title='bbox 14 1563 82 1617; x_wconf 80' lang='lat' dir='ltr'><strong>utine</strong></span> <span class='ocrx_word' id='word_1_108' title='bbox 106 1557 181 1618; x_wconf 88' lang='lat' dir='ltr'><strong>boun</strong></span> <span class='ocrx_word' id='word_1_109' title='bbox 210 1557 343 1636; x_wconf 82' lang='lat' dir='ltr'><strong>quierit.</strong></span> <span class='ocrx_word' id='word_1_110' title='bbox 372 1558 461 1636; x_wconf 78' lang='lat' dir='ltr'><strong>(Pide</strong></span> <span class='ocrx_word' id='word_1_111' title='bbox 487 1559 630 1632; x_wconf 80' lang='lat' dir='ltr'><strong>Sutrium,</strong></span> <span class='ocrx_word' id='word_1_112' title='bbox 659 1557 693 1620; x_wconf 92' lang='lat' dir='ltr'><strong>ad</strong></span> <span class='ocrx_word' id='word_1_113' title='bbox 712 1559 849 1635; x_wconf 91' lang='lat' dir='ltr'><strong>sepulcra</strong></span> <span class='ocrx_word' id='word_1_114' title='bbox 866 1559 1088 1635; x_wconf 74' lang='lat' dir='ltr'><strong>Apostolorum,</strong></span> <span class='ocrx_word' id='word_1_115' title='bbox 1103 1559 1161 1619; x_wconf 91' lang='lat' dir='ltr'><strong>sub</strong></span> <span class='ocrx_word' id='word_1_116' title='bbox 1176 1559 1294 1620; x_wconf 90' lang='lat' dir='ltr'><strong>Nume-</strong></span> 
     </span>
     <span class='ocr_line' id='line_1_16' title="bbox 15 1635 1295 1714; baseline 0.002 -19"><span class='ocrx_word' id='word_1_117' title='bbox 15 1651 70 1710; x_wconf 71' lang='lat' dir='ltr'><strong>pis.</strong></span> <span class='ocrx_word' id='word_1_118' title='bbox 92 1635 167 1714; x_wconf 80' lang='lat' dir='ltr'><strong>cte).</strong></span> <span class='ocrx_word' id='word_1_119' title='bbox 661 1639 749 1699; x_wconf 88' lang='lat' dir='ltr'><strong>riano</strong></span> <span class='ocrx_word' id='word_1_120' title='bbox 771 1636 956 1714; x_wconf 74' lang='lat' dir='ltr'><strong>Imperatore</strong></span> <span class='ocrx_word' id='word_1_121' title='bbox 982 1645 1012 1698; x_wconf 92' lang='lat' dir='ltr'><strong>et</strong></span> <span class='ocrx_word' id='word_1_122' title='bbox 1035 1637 1174 1700; x_wconf 85' lang='lat' dir='ltr'><strong>Celerino</strong></span> <span class='ocrx_word' id='word_1_123' title='bbox 1204 1637 1295 1700; x_wconf 89' lang='lat' dir='ltr'><strong>Urbis</strong></span> 
     </span>
     <span class='ocr_line' id='line_1_17' title="bbox 660 1719 1016 1792; baseline 0.006 -14"><span class='ocrx_word' id='word_1_124' title='bbox 660 1719 814 1779; x_wconf 72' lang='lat' dir='ltr'><strong>Praefecto</strong></span> <span class='ocrx_word' id='word_1_125' title='bbox 835 1721 1016 1792; x_wconf 74' lang='lat' dir='ltr'><strong>agonizavit.</strong></span> 
     </span>
     <span class='ocr_line' id='line_1_18' title="bbox 37 1797 1296 1874; baseline 0.001 -19"><span class='ocrx_word' id='word_1_126' title='bbox 37 1823 134 1864; x_wconf 64' lang='lat' dir='ltr'><strong>rur-,cmo</strong></span> <span class='ocrx_word' id='word_1_127' title='bbox 143 1824 207 1864; x_wconf 69' lang='lat' dir='ltr'><strong>m,</strong></span> <span class='ocrx_word' id='word_1_128' title='bbox 217 1825 343 1865; x_wconf 72' lang='lat' dir='ltr'><strong>DEGEMB.</strong></span> <span class='ocrx_word' id='word_1_129' title='bbox 477 1826 527 1866; x_wconf 76' lang='lat' dir='ltr'><strong>pm</strong></span> <span class='ocrx_word' id='word_1_130' title='bbox 537 1825 604 1866; x_wconf 66' lang='grc' dir='ltr'>χχιι,</span> <span class='ocrx_word' id='word_1_131' title='bbox 699 1797 760 1859; x_wconf 80' lang='grc' dir='ltr'><strong>Νθῦ</strong></span> <span class='ocrx_word' id='word_1_132' title='bbox 775 1799 806 1859; x_wconf 89' lang='lat' dir='ltr'><strong>iit</strong></span> <span class='ocrx_word' id='word_1_133' title='bbox 823 1797 908 1858; x_wconf 70' lang='lat' dir='ltr'><strong>Nolis</strong></span> <span class='ocrx_word' id='word_1_134' title='bbox 922 1797 959 1860; x_wconf 80' lang='lat' dir='ltr'><strong>ad</strong></span> <span class='ocrx_word' id='word_1_135' title='bbox 973 1797 1097 1874; x_wconf 76' lang='lat' dir='ltr'><strong>Mdl&#39;lyl&#39;.</strong></span> <span class='ocrx_word' id='word_1_136' title='bbox 1116 1797 1217 1869; x_wconf 62' lang='lat' dir='ltr'><strong>Rom„</strong></span> <span class='ocrx_word' id='word_1_137' title='bbox 1240 1813 1296 1857; x_wconf 80' lang='lat' dir='ltr'><strong>nec</strong></span> 
     </span>
     <span class='ocr_line' id='line_1_19' title="bbox 662 1875 1294 1956; baseline -0.006 -17"><span class='ocrx_word' id='word_1_138' title='bbox 662 1879 692 1939; x_wconf 90' lang='lat' dir='ltr'><strong>in</strong></span> <span class='ocrx_word' id='word_1_139' title='bbox 715 1875 888 1938; x_wconf 74' lang='lat' dir='ltr'><strong>Annalibus</strong></span> <span class='ocrx_word' id='word_1_140' title='bbox 908 1877 1073 1956; x_wconf 85' lang='lat' dir='ltr'><strong>quidquam</strong></span> <span class='ocrx_word' id='word_1_141' title='bbox 1099 1877 1192 1947; x_wconf 86' lang='lat' dir='ltr'><strong>aliud,</strong></span> <span class='ocrx_word' id='word_1_142' title='bbox 1215 1877 1294 1951; x_wconf 79' lang='lat' dir='ltr'><strong>quod</strong></span> 
     </span>
     <span class='ocr_line' id='line_1_20' title="bbox 48 1953 1296 2033; baseline 0.003 -21"><span class='ocrx_word' id='word_1_143' title='bbox 48 1953 209 2018; x_wconf 77' lang='lat' dir='ltr'><strong>iliarinoi.</strong></span> <span class='ocrx_word' id='word_1_144' title='bbox 225 1990 264 2001; x_wconf 91' lang='lat'><em>-</em></span> <span class='ocrx_word' id='word_1_145' title='bbox 280 1957 392 2018; x_wconf 88' lang='lat' dir='ltr'><strong>Romae</strong></span> <span class='ocrx_word' id='word_1_146' title='bbox 411 1965 532 2018; x_wconf 91' lang='lat' dir='ltr'><strong>sanciae</strong></span> <span class='ocrx_word' id='word_1_147' title='bbox 554 1955 629 2018; x_wconf 79' lang='lat' dir='ltr'><strong>CAs·</strong></span> <span class='ocrx_word' id='word_1_148' title='bbox 659 1957 688 2020; x_wconf 85' lang='lat' dir='ltr'><strong>S.</strong></span> <span class='ocrx_word' id='word_1_149' title='bbox 719 1958 812 2019; x_wconf 86' lang='lat' dir='ltr'><strong>Mauri</strong></span> <span class='ocrx_word' id='word_1_150' title='bbox 842 1961 936 2019; x_wconf 88' lang='lat' dir='ltr'><strong>vitam</strong></span> <span class='ocrx_word' id='word_1_151' title='bbox 965 1963 996 2018; x_wconf 89' lang='lat' dir='ltr'><strong>et</strong></span> <span class='ocrx_word' id='word_1_152' title='bbox 1018 1956 1200 2033; x_wconf 81' lang='lat' dir='ltr'><strong>martyrium</strong></span> <span class='ocrx_word' id='word_1_153' title='bbox 1228 1955 1296 2016; x_wconf 91' lang='lat' dir='ltr'><strong>illu-</strong></span> 
     </span>
     <span class='ocr_line' id='line_1_21' title="bbox 17 2036 1036 2115; baseline 0.005 -25"><span class='ocrx_word' id='word_1_154' title='bbox 17 2051 102 2095; x_wconf 78' lang='lat' dir='ltr'><strong>tlilAE</strong></span> <span class='ocrx_word' id='word_1_155' title='bbox 133 2037 273 2114; x_wconf 81' lang='lat' dir='ltr'><strong>Virginis</strong></span> <span class='ocrx_word' id='word_1_156' title='bbox 299 2044 329 2096; x_wconf 87' lang='lat' dir='ltr'><strong>et</strong></span> <span class='ocrx_word' id='word_1_157' title='bbox 360 2036 525 2115; x_wconf 83' lang='lat' dir='ltr'><strong>blartyris,</strong></span> <span class='ocrx_word' id='word_1_158' title='bbox 553 2053 631 2114; x_wconf 81' lang='lat' dir='ltr'><strong>quae</strong></span> <span class='ocrx_word' id='word_1_159' title='bbox 659 2047 746 2110; x_wconf 84' lang='lat' dir='ltr'><strong>stret,</strong></span> <span class='ocrx_word' id='word_1_160' title='bbox 762 2037 860 2098; x_wconf 90' lang='lat' dir='ltr'><strong>udlert</strong></span> <span class='ocrx_word' id='word_1_161' title='bbox 876 2037 1036 2098; x_wconf 89' lang='lat' dir='ltr'><strong>Baronins.</strong></span> 
     </span>
     <span class='ocr_line' id='line_1_22' title="bbox 16 2115 630 2187; baseline 0.011 -15"><span class='ocrx_word' id='word_1_162' title='bbox 16 2128 139 2185; x_wconf 70' lang='lat' dir='ltr'><strong>sponsum</strong></span> <span class='ocrx_word' id='word_1_163' title='bbox 166 2133 258 2178; x_wconf 91' lang='lat' dir='ltr'><strong>suum</strong></span> <span class='ocrx_word' id='word_1_164' title='bbox 282 2115 493 2187; x_wconf 84' lang='lat' dir='ltr'><strong>Valerianum,</strong></span> <span class='ocrx_word' id='word_1_165' title='bbox 518 2131 550 2179; x_wconf 89' lang='lat' dir='ltr'><strong>et</strong></span> <span class='ocrx_word' id='word_1_166' title='bbox 574 2119 630 2179; x_wconf 92' lang='lat' dir='ltr'><strong>ira-</strong></span> 
     </span>
     <span class='ocr_line' id='line_1_23' title="bbox 19 2191 1272 2276; baseline 0.006 -27"><span class='ocrx_word' id='word_1_167' title='bbox 19 2199 81 2276; x_wconf 83' lang='lat' dir='ltr'><strong>trem</strong></span> <span class='ocrx_word' id='word_1_168' title='bbox 100 2195 159 2270; x_wconf 82' lang='lat' dir='ltr'><strong>ejus</strong></span> <span class='ocrx_word' id='word_1_169' title='bbox 175 2196 354 2258; x_wconf 88' lang='lat' dir='ltr'><strong>Tiburtium</strong></span> <span class='ocrx_word' id='word_1_170' title='bbox 379 2197 416 2257; x_wconf 87' lang='lat' dir='ltr'><strong>ed</strong></span> <span class='ocrx_word' id='word_1_171' title='bbox 442 2198 628 2258; x_wconf 82' lang='lat' dir='ltr'><strong>credendum</strong></span> <span class='ocrx_word' id='word_1_172' title='bbox 679 2197 730 2259; x_wconf 85' lang='lat' dir='ltr'><strong>SS.</strong></span> <span class='ocrx_word' id='word_1_173' title='bbox 744 2195 898 2259; x_wconf 78' lang='lat' dir='ltr'><strong>MARCUS</strong></span> <span class='ocrx_word' id='word_1_174' title='bbox 913 2213 949 2256; x_wconf 81' lang='lat' dir='ltr'><strong>er</strong></span> <span class='ocrx_word' id='word_1_175' title='bbox 966 2194 1190 2257; x_wconf 79' lang='lat' dir='ltr'><strong>STEPHANUS</strong></span> <span class='ocrx_word' id='word_1_176' title='bbox 1206 2191 1272 2256; x_wconf 91' lang='lat' dir='ltr'><strong>llll.</strong></span> 
     </span>
     <span class='ocr_line' id='line_1_24' title="bbox 20 2269 1153 2364; baseline 0.012 -37"><span class='ocrx_word' id='word_1_177' title='bbox 20 2287 43 2356; x_wconf 90' lang='lat' dir='ltr'><strong>ni</strong></span> <span class='ocrx_word' id='word_1_178' title='bbox 63 2269 204 2336; x_wconf 84' lang='lat' dir='ltr'><strong>Cltristunt</strong></span> <span class='ocrx_word' id='word_1_179' title='bbox 230 2275 382 2352; x_wconf 83' lang='lat' dir='ltr'><strong>perduxit,</strong></span> <span class='ocrx_word' id='word_1_180' title='bbox 407 2285 437 2336; x_wconf 87' lang='lat' dir='ltr'><strong>et</strong></span> <span class='ocrx_word' id='word_1_181' title='bbox 450 2276 488 2337; x_wconf 83' lang='lat' dir='ltr'><strong>ad</strong></span> <span class='ocrx_word' id='word_1_182' title='bbox 512 2284 628 2354; x_wconf 87' lang='lat' dir='ltr'><strong>marly·</strong></span> <span class='ocrx_word' id='word_1_183' title='bbox 798 2303 890 2364; x_wconf 57' lang='lat' dir='ltr'><strong>pass-p</strong></span> <span class='ocrx_word' id='word_1_184' title='bbox 899 2307 972 2362; x_wconf 62' lang='lat' dir='ltr'><strong>gum</strong></span> <span class='ocrx_word' id='word_1_185' title='bbox 989 2317 1070 2362; x_wconf 64' lang='lat' dir='ltr'><strong>mm„</strong></span> <span class='ocrx_word' id='word_1_186' title='bbox 1086 2299 1153 2362; x_wconf 53' lang='lat'><strong>305,</strong></span> 
     </span>
     <span class='ocr_line' id='line_1_25' title="bbox 20 2355 691 2418; baseline 0.018 -12"><span class='ocrx_word' id='word_1_187' title='bbox 20 2365 83 2412; x_wconf 91' lang='lat' dir='ltr'><strong>inin</strong></span> <span class='ocrx_word' id='word_1_188' title='bbox 97 2357 240 2418; x_wconf 87' lang='lat' dir='ltr'><strong>incitavit.</strong></span> <span class='ocrx_word' id='word_1_189' title='bbox 267 2355 350 2416; x_wconf 88' lang='lat' dir='ltr'><strong>Hanc</strong></span> <span class='ocrx_word' id='word_1_190' title='bbox 371 2355 550 2418; x_wconf 90' lang='lat' dir='ltr'><strong>Almacliius</strong></span> <span class='ocrx_word' id='word_1_191' title='bbox 572 2355 629 2418; x_wconf 90' lang='lat' dir='ltr'><strong>Ur·</strong></span> <span class='ocrx_word' id='word_1_192' title='bbox 689 2381 691 2388; x_wconf 53' lang='lat'><strong>⁴</strong></span> 
     </span>
     <span class='ocr_line' id='line_1_26' title="bbox 19 2429 1295 2515; baseline 0.004 -25"><span class='ocrx_word' id='word_1_193' title='bbox 19 2429 55 2486; x_wconf 68' lang='lat' dir='ltr'><strong>liis</strong></span> <span class='ocrx_word' id='word_1_194' title='bbox 67 2431 226 2498; x_wconf 79' lang='lat' dir='ltr'><strong>Praefectus</strong></span> <span class='ocrx_word' id='word_1_195' title='bbox 244 2442 309 2513; x_wconf 93' lang='lat' dir='ltr'><strong>post</strong></span> <span class='ocrx_word' id='word_1_196' title='bbox 323 2451 430 2496; x_wconf 91' lang='lat' dir='ltr'><strong>eorum</strong></span> <span class='ocrx_word' id='word_1_197' title='bbox 447 2439 629 2515; x_wconf 86' lang='lat' dir='ltr'><strong>martyrium</strong></span> <span class='ocrx_word' id='word_1_198' title='bbox 700 2437 878 2498; x_wconf 83' lang='lat' dir='ltr'><strong>Alnurruoi.</strong></span> <span class='ocrx_word' id='word_1_199' title='bbox 907 2469 946 2480; x_wconf 88' lang='lat'><strong>-·</strong></span> <span class='ocrx_word' id='word_1_200' title='bbox 962 2433 1143 2496; x_wconf 89' lang='lat' dir='ltr'><strong>Antioctrlae</strong></span> <span class='ocrx_word' id='word_1_201' title='bbox 1165 2431 1295 2495; x_wconf 86' lang='lat' dir='ltr'><strong>Pisidiae</strong></span> 
     </span>
     <span class='ocr_line' id='line_1_27' title="bbox 20 2512 1295 2595; baseline 0.003 -27"><span class='ocrx_word' id='word_1_202' title='bbox 20 2515 108 2584; x_wconf 77' lang='lat' dir='ltr'><strong>trieri,</strong></span> <span class='ocrx_word' id='word_1_203' title='bbox 134 2523 223 2592; x_wconf 86' lang='lat' dir='ltr'><strong>atque</strong></span> <span class='ocrx_word' id='word_1_204' title='bbox 255 2514 367 2575; x_wconf 91' lang='lat' dir='ltr'><strong>illustri</strong></span> <span class='ocrx_word' id='word_1_205' title='bbox 397 2521 535 2594; x_wconf 82' lang='lat' dir='ltr'><strong>passione</strong></span> <span class='ocrx_word' id='word_1_206' title='bbox 567 2523 631 2593; x_wconf 93' lang='lat' dir='ltr'><strong>post</strong></span> <span class='ocrx_word' id='word_1_207' title='bbox 660 2519 756 2595; x_wconf 89' lang='lat' dir='ltr'><strong>passio</strong></span> <span class='ocrx_word' id='word_1_208' title='bbox 777 2524 953 2578; x_wconf 90' lang='lat' dir='ltr'><strong>sanctorum</strong></span> <span class='ocrx_word' id='word_1_209' title='bbox 969 2515 1071 2575; x_wconf 76' lang='lat' dir='ltr'><strong>Minci</strong></span> <span class='ocrx_word' id='word_1_210' title='bbox 1094 2512 1295 2575; x_wconf 80' lang='lat' dir='ltr'><strong>etSrneiriini</strong></span> 
     </span>
     <span class='ocr_line' id='line_1_28' title="bbox 19 2589 1124 2672; baseline 0.008 -26"><span class='ocrx_word' id='word_1_211' title='bbox 19 2589 102 2652; x_wconf 83' lang='lat' dir='ltr'><strong>linem</strong></span> <span class='ocrx_word' id='word_1_212' title='bbox 126 2603 302 2672; x_wconf 85' lang='lat' dir='ltr'><strong>superatum</strong></span> <span class='ocrx_word' id='word_1_213' title='bbox 331 2593 430 2669; x_wconf 78' lang='lat' dir='ltr'><strong>gladio</strong></span> <span class='ocrx_word' id='word_1_214' title='bbox 458 2594 530 2656; x_wconf 84' lang='lat' dir='ltr'><strong>lecit</strong></span> <span class='ocrx_word' id='word_1_215' title='bbox 557 2610 630 2657; x_wconf 91' lang='lat' dir='ltr'><strong>con·</strong></span> <span class='ocrx_word' id='word_1_216' title='bbox 659 2597 716 2658; x_wconf 90' lang='lat' dir='ltr'><strong>sub</strong></span> <span class='ocrx_word' id='word_1_217' title='bbox 733 2597 917 2657; x_wconf 86' lang='lat' dir='ltr'><strong>Diocletiano</strong></span> <span class='ocrx_word' id='word_1_218' title='bbox 933 2593 1124 2671; x_wconf 87' lang='lat' dir='ltr'><strong>imperatore.</strong></span> 
     </span>
     <span class='ocr_line' id='line_1_29' title="bbox 16 2672 1295 2752; baseline 0.006 -27"><span class='ocrx_word' id='word_1_219' title='bbox 16 2677 154 2746; x_wconf 69' lang='lat' dir='ltr'><strong>minucii,</strong></span> <span class='ocrx_word' id='word_1_220' title='bbox 177 2683 313 2750; x_wconf 88' lang='lat' dir='ltr'><strong>tempore</strong></span> <span class='ocrx_word' id='word_1_221' title='bbox 328 2673 417 2735; x_wconf 84' lang='lat' dir='ltr'><strong>blanci</strong></span> <span class='ocrx_word' id='word_1_222' title='bbox 441 2674 556 2736; x_wconf 85' lang='lat' dir='ltr'><strong>Aurelii</strong></span> <span class='ocrx_word' id='word_1_223' title='bbox 580 2675 630 2737; x_wconf 90' lang='lat' dir='ltr'><strong>Se·</strong></span> <span class='ocrx_word' id='word_1_224' title='bbox 701 2675 726 2736; x_wconf 92' lang='lat' dir='ltr'><strong>ls</strong></span> <span class='ocrx_word' id='word_1_225' title='bbox 742 2675 837 2752; x_wconf 90' lang='lat' dir='ltr'><strong>(addit</strong></span> <span class='ocrx_word' id='word_1_226' title='bbox 852 2677 883 2735; x_wconf 91' lang='lat' dir='ltr'><strong>iu</strong></span> <span class='ocrx_word' id='word_1_227' title='bbox 900 2673 1015 2735; x_wconf 82' lang='lat' dir='ltr'><strong>Anicul.</strong></span> <span class='ocrx_word' id='word_1_228' title='bbox 1033 2672 1192 2748; x_wconf 83' lang='lat' dir='ltr'><strong>baronius)</strong></span> <span class='ocrx_word' id='word_1_229' title='bbox 1215 2673 1295 2733; x_wconf 90' lang='lat' dir='ltr'><strong>inter</strong></span> 
     </span>
     <span class='ocr_line' id='line_1_30' title="bbox 17 2750 1296 2834; baseline 0.005 -29"><span class='ocrx_word' id='word_1_230' title='bbox 17 2750 69 2832; x_wconf 70' lang='lat' dir='ltr'><strong>tiri</strong></span> <span class='ocrx_word' id='word_1_231' title='bbox 85 2750 240 2816; x_wconf 76' lang='lat' dir='ltr'><strong>Alexandri</strong></span> <span class='ocrx_word' id='word_1_232' title='bbox 253 2753 456 2828; x_wconf 88' lang='lat' dir='ltr'><strong>imperatoris.</strong></span> <span class='ocrx_word' id='word_1_233' title='bbox 472 2755 559 2834; x_wconf 80' lang='lat' dir='ltr'><strong>(Vide</strong></span> <span class='ocrx_word' id='word_1_234' title='bbox 572 2759 632 2817; x_wconf 86' lang='lat' dir='ltr'><strong>Su·</strong></span> <span class='ocrx_word' id='word_1_235' title='bbox 660 2755 733 2816; x_wconf 89' lang='lat' dir='ltr'><strong>alios</strong></span> <span class='ocrx_word' id='word_1_236' title='bbox 755 2763 916 2831; x_wconf 82' lang='lat' dir='ltr'><strong>martyres,</strong></span> <span class='ocrx_word' id='word_1_237' title='bbox 943 2757 994 2830; x_wconf 83' lang='lat' dir='ltr'><strong>qni</strong></span> <span class='ocrx_word' id='word_1_238' title='bbox 1018 2751 1198 2814; x_wconf 87' lang='lat' dir='ltr'><strong>Antiocbiae</strong></span> <span class='ocrx_word' id='word_1_239' title='bbox 1222 2751 1296 2813; x_wconf 89' lang='lat' dir='ltr'><strong>Pisi-</strong></span> 
     </span>
     <span class='ocr_line' id='line_1_31' title="bbox 17 2831 1296 2911; baseline 0.009 -31"><span class='ocrx_word' id='word_1_240' title='bbox 17 2843 96 2898; x_wconf 83' lang='lat' dir='ltr'><strong>ninn,</strong></span> <span class='ocrx_word' id='word_1_241' title='bbox 111 2848 176 2911; x_wconf 81' lang='lat' dir='ltr'><strong>pag.</strong></span> <span class='ocrx_word' id='word_1_242' title='bbox 200 2831 282 2908; x_wconf 82' lang='grc'>638).</span> <span class='ocrx_word' id='word_1_243' title='bbox 661 2836 727 2896; x_wconf 78' lang='lat' dir='ltr'><strong>iliae</strong></span> <span class='ocrx_word' id='word_1_244' title='bbox 742 2835 962 2907; x_wconf 87' lang='lat' dir='ltr'><strong>occubuerunt,</strong></span> <span class='ocrx_word' id='word_1_245' title='bbox 988 2831 1061 2894; x_wconf 86' lang='lat' dir='ltr'><strong>clari</strong></span> <span class='ocrx_word' id='word_1_246' title='bbox 1086 2833 1244 2894; x_wconf 83' lang='lat' dir='ltr'><strong>habentur.</strong></span> <span class='ocrx_word' id='word_1_247' title='bbox 1260 2865 1296 2878; x_wconf 88' lang='lat'><strong>-</strong></span> 
     </span>
     <span class='ocr_line' id='line_1_32' title="bbox 662 2909 1297 2975; baseline -0.003 -1"><span class='ocrx_word' id='word_1_248' title='bbox 662 2913 822 2975; x_wconf 89' lang='lat' dir='ltr'><strong>Auticcliia</strong></span> <span class='ocrx_word' id='word_1_249' title='bbox 847 2915 876 2973; x_wconf 92' lang='lat' dir='ltr'><strong>iir</strong></span> <span class='ocrx_word' id='word_1_250' title='bbox 890 2912 1002 2973; x_wconf 85' lang='lat' dir='ltr'><strong>Pisidia</strong></span> <span class='ocrx_word' id='word_1_251' title='bbox 1018 2912 1107 2973; x_wconf 91' lang='lat' dir='ltr'><strong>bodie</strong></span> <span class='ocrx_word' id='word_1_252' title='bbox 1120 2909 1297 2972; x_wconf 84' lang='lat' dir='ltr'><strong>Alc-Cliclicr</strong></span> 
     </span>
     <span class='ocr_line' id='line_1_33' title="bbox 65 2985 801 3054; baseline 0.005 -7"><span class='ocrx_word' id='word_1_253' title='bbox 65 2985 109 3049; x_wconf 69' lang='lat' dir='ltr'><strong>AS.</strong></span> <span class='ocrx_word' id='word_1_254' title='bbox 125 2991 315 3054; x_wconf 84' lang='lat' dir='ltr'><strong>PHlLEAlON</strong></span> <span class='ocrx_word' id='word_1_255' title='bbox 330 3009 366 3052; x_wconf 81' lang='lat' dir='ltr'><strong>cr</strong></span> <span class='ocrx_word' id='word_1_256' title='bbox 382 2991 491 3053; x_wconf 89' lang='lat' dir='ltr'><strong>APPlA</strong></span> <span class='ocrx_word' id='word_1_257' title='bbox 508 2994 576 3054; x_wconf 90' lang='lat' dir='ltr'><strong>lllbl.</strong></span> <span class='ocrx_word' id='word_1_258' title='bbox 663 3003 801 3054; x_wconf 88' lang='lat' dir='ltr'><strong>iocatur.</strong></span> 
     </span>
    </p>
   </div>
   <div class='ocr_carea' id='block_1_4' title="bbox 16 3097 1298 4428">
    <p class='ocr_par' dir='ltr' id='par_1_4' title="bbox 16 3097 1298 4428">
     <span class='ocr_line' id='line_1_34' title="bbox 228 3097 1242 3216; baseline 0 -9"><span class='ocrx_word' id='word_1_259' title='bbox 228 3099 354 3162; x_wconf 53' lang='lat' dir='ltr'><strong>smum</strong></span> <span class='ocrx_word' id='word_1_260' title='bbox 378 3097 401 3159; x_wconf 82' lang='lat'><strong>¹·</strong></span> <span class='ocrx_word' id='word_1_261' title='bbox 714 3153 745 3216; x_wconf 87' lang='lat' dir='ltr'><strong>s.</strong></span> <span class='ocrx_word' id='word_1_262' title='bbox 762 3149 1007 3215; x_wconf 79' lang='lat' dir='ltr'><strong>ruicnnrius</strong></span> <span class='ocrx_word' id='word_1_263' title='bbox 1028 3149 1081 3213; x_wconf 74' lang='lat' dir='ltr'><strong>ici.</strong></span> <span class='ocrx_word' id='word_1_264' title='bbox 1100 3167 1136 3210; x_wconf 70' lang='lat' dir='ltr'><strong>si</strong></span> <span class='ocrx_word' id='word_1_265' title='bbox 1153 3148 1242 3211; x_wconf 69' lang='lat' dir='ltr'><strong>cosi.</strong></span> 
     </span>
     <span class='ocr_line' id='line_1_35' title="bbox 47 3225 1201 3321; baseline 0.014 -35"><span class='ocrx_word' id='word_1_266' title='bbox 47 3225 215 3295; x_wconf 71' lang='lat' dir='ltr'><strong>bruriaco.</strong></span> <span class='ocrx_word' id='word_1_267' title='bbox 243 3268 281 3280; x_wconf 91' lang='lat'><em>-</em></span> <span class='ocrx_word' id='word_1_268' title='bbox 307 3233 432 3294; x_wconf 82' lang='lat' dir='ltr'><strong>Colossis</strong></span> <span class='ocrx_word' id='word_1_269' title='bbox 455 3234 485 3294; x_wconf 93' lang='lat' dir='ltr'><strong>in</strong></span> <span class='ocrx_word' id='word_1_270' title='bbox 502 3233 631 3311; x_wconf 84' lang='lat' dir='ltr'><strong>Phrygia</strong></span> <span class='ocrx_word' id='word_1_271' title='bbox 758 3259 878 3321; x_wconf 56' lang='lat' dir='ltr'><strong>(paruit</strong></span> <span class='ocrx_word' id='word_1_272' title='bbox 894 3259 978 3319; x_wconf 55' lang='lat' dir='ltr'><strong>,poa</strong></span> <span class='ocrx_word' id='word_1_273' title='bbox 992 3274 1112 3320; x_wconf 62' lang='lat' dir='ltr'><em>annum</em></span> <span class='ocrx_word' id='word_1_274' title='bbox 1134 3254 1201 3317; x_wconf 74' lang='lat' dir='ltr'><strong>app,</strong></span> 
     </span>
     <span class='ocr_line' id='line_1_36' title="bbox 16 3315 1294 3399; baseline 0.014 -34"><span class='ocrx_word' id='word_1_275' title='bbox 16 3317 169 3392; x_wconf 73' lang='lat' dir='ltr'><strong>sanctorum</strong></span> <span class='ocrx_word' id='word_1_276' title='bbox 184 3315 413 3376; x_wconf 77' lang='lat' dir='ltr'><strong>Pniccuouiset</strong></span> <span class='ocrx_word' id='word_1_277' title='bbox 435 3315 632 3375; x_wconf 80' lang='lat' dir='ltr'><strong>Aroiaesau·</strong></span> <span class='ocrx_word' id='word_1_278' title='bbox 1057 3337 1061 3346; x_wconf 94' lang='lat'>·</span> <span class='ocrx_word' id='word_1_279' title='bbox 1290 3389 1294 3399; x_wconf 60' lang='grc'>,</span> 
     </span>
     <span class='ocr_line' id='line_1_37' title="bbox 17 3387 1296 3470; baseline 0.008 -32"><span class='ocrx_word' id='word_1_280' title='bbox 17 3391 46 3440; x_wconf 84' lang='lat' dir='ltr'><strong>iti</strong></span> <span class='ocrx_word' id='word_1_281' title='bbox 70 3387 145 3452; x_wconf 93' lang='lat' dir='ltr'><strong>Pauli</strong></span> <span class='ocrx_word' id='word_1_282' title='bbox 168 3393 397 3470; x_wconf 88' lang='lat' dir='ltr'><strong>discipulorum,</strong></span> <span class='ocrx_word' id='word_1_283' title='bbox 422 3395 473 3469; x_wconf 84' lang='lat' dir='ltr'><strong>qni</strong></span> <span class='ocrx_word' id='word_1_284' title='bbox 497 3395 553 3456; x_wconf 88' lang='lat' dir='ltr'><strong>sub</strong></span> <span class='ocrx_word' id='word_1_285' title='bbox 576 3393 634 3454; x_wconf 89' lang='lat' dir='ltr'><strong>Ne·</strong></span> <span class='ocrx_word' id='word_1_286' title='bbox 701 3393 879 3454; x_wconf 76' lang='lat' dir='ltr'><strong>Mineruae.</strong></span> <span class='ocrx_word' id='word_1_287' title='bbox 899 3425 935 3434; x_wconf 90' lang='lat'>-</span> <span class='ocrx_word' id='word_1_288' title='bbox 957 3390 1172 3469; x_wconf 79' lang='lat' dir='ltr'><strong>Augustuduni</strong></span> <span class='ocrx_word' id='word_1_289' title='bbox 1200 3395 1296 3450; x_wconf 85' lang='lat' dir='ltr'><strong>sancti</strong></span> 
     </span>
     <span class='ocr_line' id='line_1_38' title="bbox 18 3466 1269 3550; baseline 0.002 -25"><span class='ocrx_word' id='word_1_290' title='bbox 18 3478 79 3548; x_wconf 63' lang='lat' dir='ltr'><strong>tine</strong></span> <span class='ocrx_word' id='word_1_291' title='bbox 104 3466 310 3549; x_wconf 88' lang='lat' dir='ltr'><strong>imperatore,</strong></span> <span class='ocrx_word' id='word_1_292' title='bbox 336 3487 405 3534; x_wconf 91' lang='lat' dir='ltr'><strong>cum</strong></span> <span class='ocrx_word' id='word_1_293' title='bbox 435 3470 570 3535; x_wconf 87' lang='lat' dir='ltr'><strong>Gentiles</strong></span> <span class='ocrx_word' id='word_1_294' title='bbox 601 3475 630 3535; x_wconf 95' lang='lat' dir='ltr'><strong>in</strong></span> <span class='ocrx_word' id='word_1_295' title='bbox 662 3473 834 3534; x_wconf 76' lang='lat' dir='ltr'><strong>Puncuarii</strong></span> <span class='ocrx_word' id='word_1_296' title='bbox 858 3472 997 3550; x_wconf 82' lang='lat' dir='ltr'><strong>Episcopi</strong></span> <span class='ocrx_word' id='word_1_297' title='bbox 1019 3479 1050 3532; x_wconf 91' lang='lat' dir='ltr'><strong>et</strong></span> <span class='ocrx_word' id='word_1_298' title='bbox 1073 3469 1269 3531; x_wconf 89' lang='lat' dir='ltr'><strong>Conlessoris.</strong></span> 
     </span>
     <span class='ocr_line' id='line_1_39' title="bbox 17 3544 1296 3624; baseline 0.009 -28"><span class='ocrx_word' id='word_1_299' title='bbox 17 3544 57 3600; x_wconf 80' lang='lat' dir='ltr'><strong>tlte</strong></span> <span class='ocrx_word' id='word_1_300' title='bbox 83 3545 150 3610; x_wconf 87' lang='lat' dir='ltr'><strong>testo</strong></span> <span class='ocrx_word' id='word_1_301' title='bbox 177 3550 289 3613; x_wconf 84' lang='lat' dir='ltr'><strong>Dianae</strong></span> <span class='ocrx_word' id='word_1_302' title='bbox 317 3552 499 3613; x_wconf 75' lang='lat' dir='ltr'><strong>invassissent</strong></span> <span class='ocrx_word' id='word_1_303' title='bbox 528 3553 629 3614; x_wconf 88' lang='lat' dir='ltr'><strong>Ecclc-</strong></span> <span class='ocrx_word' id='word_1_304' title='bbox 700 3548 825 3614; x_wconf 89' lang='lat' dir='ltr'><strong>Constat</strong></span> <span class='ocrx_word' id='word_1_305' title='bbox 845 3567 921 3614; x_wconf 89' lang='lat' dir='ltr'><strong>euin</strong></span> <span class='ocrx_word' id='word_1_306' title='bbox 944 3549 1077 3612; x_wconf 84' lang='lat' dir='ltr'><strong>Concilio</strong></span> <span class='ocrx_word' id='word_1_307' title='bbox 1100 3549 1296 3624; x_wconf 69' lang='lat' dir='ltr'><strong>epaunensi,</strong></span> 
     </span>
     <span class='ocr_line' id='line_1_40' title="bbox 19 3628 1298 3715; baseline 0.007 -34"><span class='ocrx_word' id='word_1_308' title='bbox 19 3635 90 3696; x_wconf 72' lang='lat' dir='ltr'><strong>riam,</strong></span> <span class='ocrx_word' id='word_1_309' title='bbox 104 3633 208 3715; x_wconf 81' lang='lat' dir='ltr'><strong>ceteris</strong></span> <span class='ocrx_word' id='word_1_310' title='bbox 224 3631 428 3708; x_wconf 80' lang='lat' dir='ltr'><strong>lugientibus,</strong></span> <span class='ocrx_word' id='word_1_311' title='bbox 446 3633 631 3710; x_wconf 87' lang='lat' dir='ltr'><strong>tenti,jiissu</strong></span> <span class='ocrx_word' id='word_1_312' title='bbox 661 3631 741 3709; x_wconf 79' lang='lat' dir='ltr'><strong>quud</strong></span> <span class='ocrx_word' id='word_1_313' title='bbox 753 3633 813 3694; x_wconf 90' lang='lat' dir='ltr'><strong>luit</strong></span> <span class='ocrx_word' id='word_1_314' title='bbox 824 3630 1010 3694; x_wconf 89' lang='lat' dir='ltr'><strong>celebratum</strong></span> <span class='ocrx_word' id='word_1_315' title='bbox 1023 3646 1103 3693; x_wconf 91' lang='lat' dir='ltr'><strong>anno</strong></span> <span class='ocrx_word' id='word_1_316' title='bbox 1118 3628 1187 3701; x_wconf 81' lang='lat' dir='ltr'><strong>tto,</strong></span> <span class='ocrx_word' id='word_1_317' title='bbox 1204 3631 1298 3690; x_wconf 90' lang='lat' dir='ltr'><strong>inter·</strong></span> 
     </span>
     <span class='ocr_line' id='line_1_41' title="bbox 21 3699 1298 3790; baseline 0.012 -36"><span class='ocrx_word' id='word_1_318' title='bbox 21 3699 130 3790; x_wconf 75' lang='lat' dir='ltr'><strong>litoclis</strong></span> <span class='ocrx_word' id='word_1_319' title='bbox 158 3709 304 3773; x_wconf 88' lang='lat' dir='ltr'><strong>Praesidis</strong></span> <span class='ocrx_word' id='word_1_320' title='bbox 332 3711 508 3774; x_wconf 86' lang='lat' dir='ltr'><strong>verberibus</strong></span> <span class='ocrx_word' id='word_1_321' title='bbox 528 3713 631 3786; x_wconf 88' lang='lat' dir='ltr'><strong>caesi,</strong></span> <span class='ocrx_word' id='word_1_322' title='bbox 662 3713 763 3773; x_wconf 87' lang='lat' dir='ltr'><strong>luisse.</strong></span> <span class='ocrx_word' id='word_1_323' title='bbox 789 3712 879 3772; x_wconf 83' lang='lat' dir='ltr'><strong>Extat</strong></span> <span class='ocrx_word' id='word_1_324' title='bbox 900 3711 937 3773; x_wconf 92' lang='lat' dir='ltr'><strong>ad</strong></span> <span class='ocrx_word' id='word_1_325' title='bbox 959 3711 1102 3772; x_wconf 90' lang='lat' dir='ltr'><strong>eumdem</strong></span> <span class='ocrx_word' id='word_1_326' title='bbox 1118 3707 1235 3769; x_wconf 88' lang='lat' dir='ltr'><strong>Sidonii</strong></span> <span class='ocrx_word' id='word_1_327' title='bbox 1261 3711 1298 3769; x_wconf 94' lang='lat' dir='ltr'><strong>A·</strong></span> 
     </span>
     <span class='ocr_line' id='line_1_42' title="bbox 19 3784 1297 3872; baseline 0.005 -33"><span class='ocrx_word' id='word_1_328' title='bbox 19 3787 42 3834; x_wconf 81' lang='lat' dir='ltr'><strong>et</strong></span> <span class='ocrx_word' id='word_1_329' title='bbox 57 3784 213 3872; x_wconf 77' lang='lat' dir='ltr'><strong>ioloieam</strong></span> <span class='ocrx_word' id='word_1_330' title='bbox 233 3807 327 3868; x_wconf 81' lang='lat' dir='ltr'><strong>usquc</strong></span> <span class='ocrx_word' id='word_1_331' title='bbox 346 3791 381 3854; x_wconf 93' lang='lat' dir='ltr'><strong>ad</strong></span> <span class='ocrx_word' id='word_1_332' title='bbox 398 3805 487 3853; x_wconf 88' lang='lat' dir='ltr'><strong>renes</strong></span> <span class='ocrx_word' id='word_1_333' title='bbox 511 3792 631 3865; x_wconf 91' lang='lat' dir='ltr'><strong>inclusi,</strong></span> <span class='ocrx_word' id='word_1_334' title='bbox 662 3791 819 3870; x_wconf 84' lang='lat' dir='ltr'><strong>pollinaris</strong></span> <span class='ocrx_word' id='word_1_335' title='bbox 853 3791 1007 3867; x_wconf 80' lang='lat' dir='ltr'><strong>Epistola,</strong></span> <span class='ocrx_word' id='word_1_336' title='bbox 1036 3805 1109 3852; x_wconf 90' lang='lat' dir='ltr'><strong>eum</strong></span> <span class='ocrx_word' id='word_1_337' title='bbox 1144 3803 1235 3849; x_wconf 91' lang='lat' dir='ltr'><strong>orans</strong></span> <span class='ocrx_word' id='word_1_338' title='bbox 1265 3793 1297 3848; x_wconf 91' lang='lat' dir='ltr'><strong>ut</strong></span> 
     </span>
     <span class='ocr_line' id='line_1_43' title="bbox 20 3855 1296 3948; baseline 0.009 -34"><span class='ocrx_word' id='word_1_339' title='bbox 20 3855 150 3932; x_wconf 78' lang='lat' dir='ltr'><strong>lapidibus</strong></span> <span class='ocrx_word' id='word_1_340' title='bbox 164 3873 391 3947; x_wconf 88' lang='lat' dir='ltr'><strong>opprimuntur.</strong></span> <span class='ocrx_word' id='word_1_341' title='bbox 660 3871 824 3948; x_wconf 82' lang='lat' dir='ltr'><strong>quemdam</strong></span> <span class='ocrx_word' id='word_1_342' title='bbox 842 3871 939 3944; x_wconf 89' lang='lat' dir='ltr'><strong>litem,</strong></span> <span class='ocrx_word' id='word_1_343' title='bbox 963 3883 1054 3948; x_wconf 83' lang='lat' dir='ltr'><strong>quam</strong></span> <span class='ocrx_word' id='word_1_344' title='bbox 1077 3869 1105 3929; x_wconf 90' lang='lat' dir='ltr'><strong>ei</strong></span> <span class='ocrx_word' id='word_1_345' title='bbox 1129 3865 1296 3940; x_wconf 89' lang='lat' dir='ltr'><strong>describit,</strong></span> 
     </span>
     <span class='ocr_line' id='line_1_44' title="bbox 53 3938 964 4030; baseline 0.018 -34"><span class='ocrx_word' id='word_1_346' title='bbox 53 3938 210 4020; x_wconf 79' lang='lat' dir='ltr'><strong>Philemon,</strong></span> <span class='ocrx_word' id='word_1_347' title='bbox 226 3950 259 4010; x_wconf 88' lang='lat' dir='ltr'><strong>ad</strong></span> <span class='ocrx_word' id='word_1_348' title='bbox 274 3966 365 4028; x_wconf 82' lang='lat' dir='ltr'><strong>quem</strong></span> <span class='ocrx_word' id='word_1_349' title='bbox 390 3949 421 4012; x_wconf 89' lang='lat' dir='ltr'><strong>S.</strong></span> <span class='ocrx_word' id='word_1_350' title='bbox 437 3950 549 4012; x_wconf 89' lang='lat' dir='ltr'><strong>Paulus</strong></span> <span class='ocrx_word' id='word_1_351' title='bbox 564 3951 632 4029; x_wconf 82' lang='lat' dir='ltr'><strong>llpi·</strong></span> <span class='ocrx_word' id='word_1_352' title='bbox 661 3965 845 4030; x_wconf 89' lang='lat' dir='ltr'><strong>componere</strong></span> <span class='ocrx_word' id='word_1_353' title='bbox 862 3950 964 4012; x_wconf 89' lang='lat' dir='ltr'><strong>vellet.</strong></span> 
     </span>
     <span class='ocr_line' id='line_1_45' title="bbox 24 4017 629 4113; baseline 0.031 -39"><span class='ocrx_word' id='word_1_354' title='bbox 24 4017 108 4101; x_wconf 66' lang='lat' dir='ltr'><strong>stolam</strong></span> <span class='ocrx_word' id='word_1_355' title='bbox 120 4027 249 4113; x_wconf 78' lang='lat' dir='ltr'><strong>scripsit,</strong></span> <span class='ocrx_word' id='word_1_356' title='bbox 264 4029 375 4092; x_wconf 90' lang='lat' dir='ltr'><strong>nobilis</strong></span> <span class='ocrx_word' id='word_1_357' title='bbox 388 4039 460 4091; x_wconf 89' lang='lat' dir='ltr'><strong>erat·</strong></span> <span class='ocrx_word' id='word_1_358' title='bbox 470 4029 629 4093; x_wconf 88' lang='lat' dir='ltr'><strong>Colossen-</strong></span> 
     </span>
     <span class='ocr_line' id='line_1_46' title="bbox 23 4107 1269 4185; baseline 0.006 -21"><span class='ocrx_word' id='word_1_359' title='bbox 23 4113 62 4164; x_wconf 80' lang='lat' dir='ltr'><strong>sis,</strong></span> <span class='ocrx_word' id='word_1_360' title='bbox 83 4117 162 4178; x_wconf 76' lang='lat' dir='ltr'><strong>cinus</strong></span> <span class='ocrx_word' id='word_1_361' title='bbox 188 4109 330 4185; x_wconf 89' lang='lat' dir='ltr'><strong>domum,</strong></span> <span class='ocrx_word' id='word_1_362' title='bbox 352 4107 496 4182; x_wconf 81' lang='lat' dir='ltr'><strong>Colossis,</strong></span> <span class='ocrx_word' id='word_1_363' title='bbox 520 4113 556 4172; x_wconf 89' lang='lat' dir='ltr'><strong>ad</strong></span> <span class='ocrx_word' id='word_1_364' title='bbox 577 4129 630 4174; x_wconf 85' lang='lat' dir='ltr'><strong>sua</strong></span> <span class='ocrx_word' id='word_1_365' title='bbox 687 4135 976 4180; x_wconf 73' lang='lat' dir='ltr'><strong>nonoscuuccrciie.</strong></span> <span class='ocrx_word' id='word_1_366' title='bbox 1124 4135 1175 4174; x_wconf 83' lang='lat' dir='ltr'><strong>ore</strong></span> <span class='ocrx_word' id='word_1_367' title='bbox 1189 4133 1269 4172; x_wconf 81' lang='lat' dir='ltr'><strong>xxiii.</strong></span> 
     </span>
     <span class='ocr_line' id='line_1_47' title="bbox 24 4183 631 4266; baseline 0.035 -35"><span class='ocrx_word' id='word_1_368' title='bbox 24 4183 138 4254; x_wconf 81' lang='lat' dir='ltr'><strong>tempora</strong></span> <span class='ocrx_word' id='word_1_369' title='bbox 153 4187 301 4266; x_wconf 80' lang='lat' dir='ltr'><strong>integram</strong></span> <span class='ocrx_word' id='word_1_370' title='bbox 323 4191 525 4264; x_wconf 87' lang='lat' dir='ltr'><strong>permansisse</strong></span> <span class='ocrx_word' id='word_1_371' title='bbox 542 4193 631 4252; x_wconf 89' lang='lat' dir='ltr'><strong>tradit</strong></span> 
     </span>
     <span class='ocr_line' id='line_1_48' title="bbox 26 4251 1296 4349; baseline 0.006 -33"><span class='ocrx_word' id='word_1_372' title='bbox 26 4251 209 4344; x_wconf 79' lang='lat' dir='ltr'><strong>llieodoietns</strong></span> <span class='ocrx_word' id='word_1_373' title='bbox 235 4269 290 4346; x_wconf 82' lang='lat' dir='ltr'><strong>(in</strong></span> <span class='ocrx_word' id='word_1_374' title='bbox 319 4269 424 4346; x_wconf 71' lang='lat' dir='ltr'><strong>Prccs.</strong></span> <span class='ocrx_word' id='word_1_375' title='bbox 451 4270 485 4330; x_wconf 83' lang='lat' dir='ltr'><strong>in</strong></span> <span class='ocrx_word' id='word_1_376' title='bbox 513 4269 567 4349; x_wconf 82' lang='lat' dir='ltr'><strong>Ep.</strong></span> <span class='ocrx_word' id='word_1_377' title='bbox 592 4271 631 4332; x_wconf 86' lang='lat' dir='ltr'><strong>cd</strong></span> <span class='ocrx_word' id='word_1_378' title='bbox 699 4269 879 4332; x_wconf 79' lang='lat' dir='ltr'><strong>Manrinoc.</strong></span> <span class='ocrx_word' id='word_1_379' title='bbox 903 4301 940 4312; x_wconf 89' lang='lat'>-</span> <span class='ocrx_word' id='word_1_380' title='bbox 967 4265 1079 4330; x_wconf 89' lang='lat' dir='ltr'><strong>Natalis</strong></span> <span class='ocrx_word' id='word_1_381' title='bbox 1107 4267 1200 4328; x_wconf 90' lang='lat' dir='ltr'><strong>sancti</strong></span> <span class='ocrx_word' id='word_1_382' title='bbox 1225 4262 1296 4324; x_wconf 85' lang='lat' dir='ltr'><strong>Cie-</strong></span> 
     </span>
     <span class='ocr_line' id='line_1_49' title="bbox 26 4331 1297 4428; baseline 0.008 -34"><span class='ocrx_word' id='word_1_383' title='bbox 26 4331 165 4418; x_wconf 76' lang='lat' dir='ltr'><strong>Ptolem).</strong></span> <span class='ocrx_word' id='word_1_384' title='bbox 192 4345 269 4417; x_wconf 84' lang='lat' dir='ltr'><strong>Quae</strong></span> <span class='ocrx_word' id='word_1_385' title='bbox 304 4351 415 4425; x_wconf 88' lang='lat' dir='ltr'><strong>enirn,</strong></span> <span class='ocrx_word' id='word_1_386' title='bbox 445 4350 631 4428; x_wconf 89' lang='lat' dir='ltr'><strong>temporibus</strong></span> <span class='ocrx_word' id='word_1_387' title='bbox 660 4365 771 4414; x_wconf 82' lang='lat' dir='ltr'><strong>neuris</strong></span> <span class='ocrx_word' id='word_1_388' title='bbox 796 4349 912 4427; x_wconf 85' lang='lat' dir='ltr'><strong>Papae,</strong></span> <span class='ocrx_word' id='word_1_389' title='bbox 935 4349 987 4423; x_wconf 85' lang='lat' dir='ltr'><strong>qui</strong></span> <span class='ocrx_word' id='word_1_390' title='bbox 1012 4347 1118 4407; x_wconf 87' lang='lat' dir='ltr'><strong>tertius</strong></span> <span class='ocrx_word' id='word_1_391' title='bbox 1143 4355 1209 4423; x_wconf 90' lang='lat' dir='ltr'><strong>post</strong></span> <span class='ocrx_word' id='word_1_392' title='bbox 1230 4345 1297 4404; x_wconf 87' lang='lat' dir='ltr'><strong>bea·</strong></span> 
     </span>
    </p>
   </div>
   <div class='ocr_carea' id='block_1_5' title="bbox 0 0 1469 4810">
    <p class='ocr_par' dir='ltr' id='par_1_5' title="bbox 0 0 1469 4810">
     <span class='ocr_line' id='line_1_50' title="bbox 0 0 1469 4810; baseline 0 0"><span class='ocrx_word' id='word_1_393' title='bbox 0 0 1469 4810; x_wconf 95' lang='lat' dir='ltr'><strong> </strong></span> 
     </span>
    </p>
   </div>
  </div>
 </body>
</html>
