2994 4832
62 323 125 388 tlt.
152 325 167 388 l
390 342 430 388 rur
453 337 487 391 s;
503 340 628 408 saxona
653 340 805 401 ancarana
828 339 940 390 conon.
1202 327 1264 392 tt5

59 425 275 495 ministerium.
289 425 376 495 Inde
390 416 534 514 quidam'
548 447 685 495 sacrum
702 448 830 516 corpus
846 438 1022 514 tamquam
1041 425 1178 496 divinae
1194 425 1309 520 propi-

58 517 183 584 tiationis
206 537 321 584 arcam
350 516 383 584 in
411 537 492 584 suos
523 516 686 585 humeros
716 514 936 585 sustollentes
971 537 1050 584 cum
1088 514 1252 606 lacrymis
1276 531 1308 588 et

55 603 163 691 ejulatu
188 603 319 683 multo,
349 602 392 674 ad
420 615 550 692 portam
584 602 679 674 illam
706 603 982 685 contendebam,
1014 625 1103 690 quae
1129 606 1307 676 meridiem

56 694 231 782 respiciens.
248 693 348 763 ituris
364 692 407 762 ad
425 697 458 762 S.
476 692 659 762 hartinum
681 713 741 782 per
756 693 909 762 chortem
926 693 1055 782 regiam
1076 693 1138 762 iter
1156 694 1305 782 praebet.

54 787 309 870 concrepuerunt
331 803 409 852 mox
433 781 533 872 signa
557 803 820 870 campanarum,
850 779 1070 872 psallensque
1093 781 1221 852 chorus
1245 805 1308 853 an-

54 871 204 940 tecedebat
238 891 376 940 sacrum
413 891 562 960 corpus,
591 872 796 960 magistratu
827 891 907 940 cum
934 869 1063 960 populo
1087 892 1106 938 a
1133 884 1226 963 tergo
1257 893 1309 944 se-

50 973 166 1046 quente.
194 959 414 1030 Incredibilis
435 960 538 1028 etiam
565 970 646 1028 tunc
668 958 815 1028 doloret
834 958 992 1048 planctus
1016 959 1091 1037 luit,
1116 981 1178 1028 nec
1197 961 1311 1032 minor

49 1047 187 1117 devotio:
219 1047 376 1134 mireque
400 1045 460 1117 alii
484 1046 571 1118 alios
597 1046 827 1118 excludebant
853 1070 872 1117 a
897 1046 1036 1117 ferendo
1061 1046 1195 1128 feretro,
1222 1049 1307 1118 dum

48 1137 161 1226 singuli
177 1135 263 1207 illud
284 1157 374 1206 onus
398 1137 463 1206 sibi
487 1135 618 1226 imponi
645 1149 884 1227 peroptarent:
907 1157 1027 1205 omnes
1053 1158 1131 1207 vero
1150 1139 1305 1208 certatim

50 1225 92 1294 rel
113 1225 149 1294 ad
173 1225 286 1294 solum
313 1225 427 1295 leretri
452 1236 647 1294 contactum
671 1225 862 1308 inhiabant,
884 1245 1029 1326 magnac
1045 1225 1227 1314 cujusdam
1251 1226 1307 1296 be-

51 1314 234 1384 nedictionis
259 1335 342 1403 opes
368 1312 449 1383 iude
472 1313 538 1384 sibi
557 1312 767 1404 pollicentes.
789 1316 931 1384 Stabant
952 1336 985 1382 xn
1007 1313 1104 1383 ostiis
1123 1315 1307 1386 domorum

49 1425 173 1472 suarum
200 1403 348 1494 pudicae
373 1416 560 1483 matronae,
586 1425 655 1490 qua
681 1403 846 1474 transitus
869 1414 952 1484 erat,
978 1414 1011 1472 et
1039 1404 1167 1490 passim
1194 1404 1308 1474 videre

49 1491 158 1560 licebat
189 1492 348 1562 homines
385 1513 510 1560 manus
539 1492 574 1560 in
610 1491 744 1560 coelum
783 1491 961 1572 tollentes,
989 1505 1093 1579 caput
1118 1507 1303 1575 moventes

47 1581 148 1649 oculis
164 1592 405 1670 prosequentes
422 1580 507 1649 illud
525 1601 662 1650 sacrum
682 1602 820 1669 corpus.
837 1580 899 1650 Ubi
916 1593 1030 1649 autem
1051 1579 1085 1650 in
1101 1585 1308 1652 monasteria

49 1689 173 1754 quoqne
202 1669 436 1739 introductum
464 1681 539 1749 est,
561 1669 677 1738 eximii
715 1691 797 1738 sane
829 1668 879 1737 illi
908 1668 1016 1737 habiti
1040 1681 1122 1740 sunt
1147 1671 1304 1743 honores.

50 1757 176 1846 Templa
197 1759 285 1827 enirn
311 1779 491 1828 cereorum
516 1769 548 1826 et
565 1755 806 1847 lampadarum
826 1757 1047 1828 illustrabant
1064 1756 1209 1841 lumina,
1223 1782 1308 1830 auro

51 1848 244 1934 gemmisque
270 1845 453 1916 radiabant
477 1845 609 1926 altaria,
630 1848 776 1936 parietes
800 1845 923 1936 tapetis
949 1845 1225 1920 multicoloribus
1252 1871 1308 1918 or-

53 1935 215 2015 nabantur,
232 1949 432 2006 sanctorum
454 1955 591 2022 quoque
615 1956 759 2024 corpora
777 1935 850 2005 sois
866 1934 950 2006 locis
976 1949 1078 2016 mota,
1106 1937 1198 2024 quod
1220 1959 1308 2007 nun-

56 2043 145 2106 quam
167 2037 257 2094 antea
284 2025 319 2093 in
346 2024 500 2111 exequiis
525 2025 635 2093 risum
661 2023 784 2105 luerat,
807 2045 885 2093 cum
920 2025 1199 2114 processionibus
1222 2026 1308 2096 edu-

61 2109 209 2206 cebantur.
231 2118 347 2201 Neque
384 2112 415 2181 id
446 2112 577 2200 absque
600 2113 833 2183 occultatioris
857 2111 1039 2201 cujusdam
1069 2113 1307 2203 inspirationis

64 2219 92 2263 rr
115 2198 216 2271 lactum
238 2203 383 2274 arbitro:
404 2201 462 2272 sed
481 2201 775 2290 quemadmodum
795 2202 915 2271 beatus
932 2207 1040 2282 Anno,
1060 2200 1144 2271 dum
1162 2215 1250 2272 esset
1272 2203 1306 2272 in

64 2285 212 2370 humanis,
225 2290 393 2380 quiequid
414 2290 523 2379 potuit
546 2291 676 2370 animo,
696 2313 755 2360 ore
778 2303 811 2359 et
835 2290 997 2361 manibus
1018 2302 1121 2378 atque
1147 2291 1303 2380 pedibus,

65 2373 159 2445 beatis
179 2377 233 2452 illis
255 2381 344 2451 coeli
365 2379 500 2450 civibus
518 2379 658 2448 honoris
680 2377 891 2470 impendere,
921 2379 1191 2467 haudquaquam
1210 2401 1307 2468 prae·

61 2467 202 2536 termisit:
226 2470 271 2539 ita
294 2470 326 2538 ei
344 2489 481 2556 qnoque
505 2467 538 2535 id
563 2467 758 2558 specialiter
781 2466 945 2537 collatum
966 2479 1027 2548 est,
1049 2482 1096 2548 ut,
1116 2468 1159 2538 ad
1192 2482 1307 2539 tumu-

54 2553 119 2621 lum
132 2553 366 2644 dcportandus
378 2578 553 2628 sacrarum
568 2556 793 2644 reliquiarum
809 2557 974 2626 comitatu
989 2555 1169 2626 frueretur.
1183 2559 1307 2644 Ecquis

49 2656 150 2712 autem
174 2669 286 2736 parem
313 2646 365 2715 illi
390 2669 426 2716 se
450 2646 484 2714 in
510 2658 707 2715 sanctorum
735 2646 950 2715 veneratione
976 2645 1306 2738 existimareausus

44 2731 126 2799 erit?
147 2737 224 2816 Quis
239 2757 397 2821 unquam
428 2746 520 2804 tanto
541 2735 582 2803 ssa
613 2735 698 2802 ravit
721 2735 797 2804 auri
823 2733 938 2803 studio
960 2745 993 2802 et
1022 2755 1149 2816 amore,
1177 2749 1306 2823 quanto

45 2821 95 2888 ille
113 2821 158 2890 rel
183 2824 339 2893 minimis
363 2845 539 2893 sacrarum
558 2757 782 2910 reliquiarum
805 2821 1033 2910 portiunculis
1051 2821 1306 2896 delectabatur?

45 2911 217 2981 fervebant
239 2913 378 2982 iuterim
397 2912 511 2981 studia
529 2912 685 2981 omnium
706 2933 788 3002 erga
813 2910 928 2980 beatas
954 2913 1128 2999 exequias,
1154 2925 1186 2982 et
1213 2928 1304 2984 tanto

42 3018 75 3065 se
99 2999 237 3088 quisque
254 3000 491 3090 gloriosiorem
518 2999 762 3080 arbitrabatur,
782 3000 811 3068 si
834 3001 910 3068 novi
931 3000 1112 3090 quippiam
1139 3013 1198 3072 aut
1224 3024 1303 3092 prae

41 3091 174 3159 cacteris
189 3089 343 3180 amplius
367 3088 496 3176 aliquid
516 3089 548 3156 in
567 3109 684 3160 earum
704 3102 909 3179 apparatum
926 3087 1154 3177 expendisset.
1175 3091 1305 3176 Ubique

38 3175 263 3248 ollerebautur
282 3177 510 3258 sacrificia,et
525 3177 592 3246 alia
617 3176 795 3268 religionis
819 3176 931 3247 ollrcia
950 3177 1224 3267 praestabantur,
1243 3199 1304 3246 nec

41 3265 70 3330 in
89 3265 130 3334 iis
148 3266 280 3354 aliquid
302 3287 455 3353 unquam
473 3267 623 3336 occurrit
648 3265 899 3356 impedimenti,
921 3279 960 3334 ut
980 3265 1047 3355 ipsi
1071 3287 1209 3352 quoque
1228 3287 1305 3359 prp-

38 3355 127 3440 speri
142 3377 335 3436 successus
355 3355 507 3425 hunonis
532 3355 704 3424 sanctitati
719 3354 885 3446 gratulari
911 3353 1119 3423 riderentur.
1137 3359 1176 3423 Et
1194 3356 1305 3444 primo

37 3442 169 3526 quidem
185 3467 203 3514 e
220 3465 360 3515 summa
373 3443 456 3513 aede
472 3443 688 3532 deportatum
707 3457 758 3512 est
772 3443 847 3534 ejus
862 3463 988 3533 eorpus
1005 3442 1047 3510 ad
1065 3442 1154 3512 beati
1170 3443 1305 3512 lllartini

36 3532 261 3614 coenobium,
286 3532 365 3601 inde
389 3532 429 3602 ad
459 3545 597 3602 sanctae
622 3533 746 3601 Mariae
772 3531 1031 3612 monasterium,
1059 3529 1149 3619 quod
1177 3552 1303 3600 novum

38 3635 174 3702 rocant3
201 3635 275 3692 tum
301 3620 343 3690 ad
372 3622 504 3692 beatam
530 3620 725 3703 Caeciliam,
747 3635 917 3712 postremo
941 3620 983 3688 ad
1010 3631 1167 3689 sanctum
1200 3623 1303 3688 Geor-

35 3709 142 3794 gium,
167 3711 224 3780 ubi
251 3733 292 3780 ea
316 3723 413 3780 nocte
436 3709 477 3778 ad
500 3707 586 3778 illud
609 3708 745 3798 vigiliae
769 3707 958 3779 celebratae
987 3719 1079 3777 sunt.
1112 3707 1221 3777 Tertio
1245 3706 1302 3778 die

36 3811 107 3881 post
132 3799 285 3868 oblatum
312 3799 533 3879 sacrificium,
553 3797 595 3867 ad
612 3797 862 3888 jucundissimi
889 3797 1123 3867 intercessoris
1146 3795 1223 3885 ejus
1248 3801 1304 3867 Se-

36 3886 141 3954 rerini
177 3901 241 3956 tcrn
273 3887 344 3956 lum
383 3901 499 3977 pastor
531 3887 699 3956 exanimis
734 3885 906 3956 adductus
929 3897 1002 3954 cst:
1039 3885 1097 3956 ubi
1134 3885 1304 3976 singulari

39 3973 209 4065 privilegio
224 3909 361 4045 obviam
377 3977 407 4044 ei
428 3975 578 4066 prolatae
595 3990 676 4044 sunt
692 3975 776 4047 tanti
795 3975 966 4066 pontificis
987 3993 1104 4044 sacrae
1122 3974 1299 4062 reliquiae.

38 4064 211 4162 Postquam
238 4076 352 4134 autern
379 4065 426 4134 ibi
451 4084 589 4151 quoque
612 4064 763 4135 oblatum
790 4076 840 4134 est
863 4062 1087 4142 sacrificium,
1103 4061 1144 4130 ad
1163 4067 1195 4132 S.
1215 4069 1304 4134 Pan-

41 4151 178 4222 taleonxs
194 4153 252 4222 reli
282 4155 358 4223 ione
382 4167 414 4222 et
432 4175 539 4224 censu
561 4153 894 4242 praestantissimum
912 4151 1115 4221 coenobium
1134 4150 1220 4221 itum
1238 4166 1300 4236 est,

41 4239 112 4310 mdc
138 4241 179 4309 ad
204 4176 392 4313 Ecilesiam
418 4239 674 4331 Apostolorum,
700 4253 788 4330 ,post
817 4239 859 4308 ad
895 4241 1004 4310 sancti
1038 4240 1210 4312 Gereonis.
1242 4247 1305 4312 Ex·

40 4329 224 4416 ripicbatur
255 4343 371 4400 autem
407 4329 498 4429 apud
536 4341 691 4399 sanctum
727 4332 910 4398 Gereonem
941 4327 1300 4427 bonorificentissime.

41 4419 115 4483 Nam
140 4431 231 4488 extra
255 4417 344 4489 iores
370 4417 555 4497 basilicae,
581 4417 689 4485 sancti
714 4437 793 4486 cum
821 4413 927 4484 multa
957 4429 1143 4487 reverentia
1166 4417 1303 4488 obviam
