2932 4812
229 330 293 394 570
501 346 539 391 ns
564 341 591 389 s.
620 341 727 392 rnoua
752 343 897 392 incatur.
925 345 1135 392 canruantnn.
1294 325 1369 390 but.
1394 328 1425 388 il

186 448 314 506 mcum,
334 423 577 513 quodcumque
593 425 693 493 debet
717 425 919 513 Episcopus,
946 423 988 493 ad
1011 425 1173 516 bonorem
1193 425 1249 493 Dei
1269 437 1300 492 et
1315 437 1424 492 sanctae

185 515 367 592 Ecclesiae,
387 512 538 581 domino.
562 518 607 582 En
624 512 713 600 quod
737 518 818 592 Rex,
849 527 965 583 teneor
989 513 1084 582 vobis
1107 512 1147 580 ad
1176 514 1379 582 reverentiam
1398 527 1424 578 et

185 603 503 674 commonitionem.
530 606 575 670 Eo
598 601 689 689 quod
716 601 822 677 filius,
844 599 948 672 ollicii
974 604 1103 671 ratione
1129 601 1170 670 ad
1196 603 1422 692 castigationem

185 706 217 762 et
232 693 484 762 codrcitionam.
508 691 652 781 Corripit
679 690 768 759 enim
793 703 887 780 pater
911 690 1035 768 silium,
1067 712 1158 760 nunc
1186 689 1330 768 blandis,
1352 711 1422 757 nunr

183 805 221 852 as
248 783 327 860 eris,
347 793 384 848 ut
400 777 451 847 vel
469 779 531 859 sic,
550 779 600 848 vel
622 779 671 849 sic
696 793 854 869 provocet
872 781 1007 848 eumad
1029 778 1326 849 benefaciendum.
1345 783 1423 846 dossa

139 953 142 960 Ι
183 805 325 950 debetis,
346 889 403 938 vos
421 867 476 937 Ilei
495 869 603 957 gratia
628 890 703 938 esse
727 873 866 958 Regem,
886 868 1009 957 primo,
1028 870 1110 956 quia
1136 869 1310 958 vosipsum
1333 887 1423 956 regere

184 959 326 1034 debetis,
353 957 524 1042 vitamque
547 970 692 1026 vestram
715 957 855 1044 optimis
878 956 1065 1025 informare
1090 958 1257 1036 moribus,
1286 969 1320 1026 ut
1341 969 1424 1023 restro

182 1045 337 1136 exemplo
351 1045 471 1114 caeteri
491 1058 717 1133 provocentur
733 1046 774 1113 ad
795 1045 930 1125 melius,
947 1045 1038 1130 juxta
1062 1043 1145 1114 illud
1164 1047 1341 1135 sapientis:
1356 1050 1424 1113 tna-

181 1137 318 1228 pom‘tor
349 1136 436 1204 orbis
465 1137 563 1222 llepr's
587 1136 631 1203 cd
659 1136 863 1225 ememplum.
895 1133 1069 1213 Secunda,
1097 1133 1182 1204 alios
1208 1133 1421 1204 demulcendo.

183 1225 269 1292 alios
291 1221 465 1313 puniendo
486 1225 659 1312 potcstatis
678 1222 888 1304 auctoritate,
908 1245 1010 1308 quam
1028 1222 1072 1292 ab
1090 1223 1239 1292 Ecclesia
1260 1223 1422 1310 accepistis.

183 1326 254 1382 turn
286 1325 497 1382 sacramento
523 1313 706 1390 unctionis,
738 1325 809 1380 tum
838 1311 943 1401 gladii
973 1311 1097 1387 ollicio,
1119 1333 1221 1398 quern
1247 1313 1377 1402 gestate
1395 1314 1422 1378 ad

183 1401 417 1471 malefactores
428 1400 597 1471 Ecclesiae
613 1399 848 1470 conterendos.
870 1404 1092 1490 Inunguntur
1109 1401 1200 1469 enim
1220 1406 1327 1490 Reges
1340 1401 1424 1468 tribus

183 1491 217 1558 in
238 1491 337 1560 locis:
354 1492 388 1558 in
404 1489 574 1577 capitem
593 1503 738 1579 pectore.
756 1490 790 1557 in
810 1490 978 1558 bracliiis:
996 1489 1085 1575 quod
1103 1489 1277 1579 significat
1291 1489 1420 1577 glorian.

183 1579 360 1648 scientiam
378 1591 409 1646 et
423 1576 672 1647 fortitudinem.
700 1577 932 1664 perantiquis
957 1578 1170 1666 temporibus
1189 1578 1423 1665 justificationes

183 1669 237 1736 uei
265 1690 331 1737 non
353 1667 591 1748 observabant,
610 1667 666 1737 sed
686 1667 909 1754 praevaricati
927 1680 1007 1736 sunt
1023 1666 1183 1735 mandata
1202 1667 1292 1754 ejus,
1311 1669 1351 1736 iis
1364 1667 1422 1736 sul·

183 1755 249 1825 lata
267 1770 317 1825 est
331 1756 451 1847 gloria,
470 1758 611 1827 scientia
631 1767 663 1824 et
679 1756 851 1834 fortitudo,
869 1769 1035 1825 eteorum
1057 1756 1282 1846 generationi,
1299 1753 1421 1842 exemplo

182 1845 432 1934 reprobationis
450 1845 574 1926 Saulis,
602 1843 927 1925 Nabuchodonosor,
946 1857 978 1914 et
1002 1843 1148 1914 aliorum
1174 1844 1419 1935 quamplurium.

182 1936 244 2018 Qui
272 1946 347 2020 post
370 1933 533 2002 delictum
559 1955 662 2002 suum
689 1934 960 2002 humiliaverunt
985 1955 1019 2002 se
1044 1934 1187 2001 Domino
1213 1955 1287 2015 suo,
1313 1934 1352 2002 iis
1367 1953 1422 2021 gu-

182 2025 226 2091 tia
248 2024 302 2092 llei
321 2023 463 2092 accessit
487 2023 722 2091 abundantius
746 2033 777 2090 et
802 2021 985 2111 perlectius
1009 2043 1088 2090 cum
1108 2022 1275 2092 omnibus
1295 2019 1423 2110 supradi-

181 2113 256 2186 ctis,
275 2113 364 2182 sicut
377 2110 494 2190 David,
513 2111 673 2180 Ezechiae
688 2123 720 2179 et
734 2110 812 2180 aliis
826 2109 1105 2200 quampluribus.
1126 2111 1283 2180 Christus
1297 2110 1422 2180 fundant

182 2202 380 2281 Ecclesiam,
414 2200 512 2287 eique
543 2199 754 2288 comparavit
784 2199 973 2269 libertatem
1003 2199 1141 2288 proprio
1169 2200 1335 2290 sanguine
1369 2221 1421 2266 sun

182 2288 384 2359 sustinendo
409 2287 557 2378 flagella,
577 2299 689 2376 sputa,
716 2288 841 2369 clavos,
865 2289 984 2357 mortis
1008 2288 1204 2378 angustias:
1225 2289 1321 2360 nobis
1343 2288 1423 2356 relin-

181 2400 291 2464 quens
307 2377 516 2466 exemplum,
537 2389 573 2446 ut
585 2398 771 2463 sequamur
782 2377 921 2465 vestigia
934 2378 1028 2466 ejus:
1045 2376 1138 2446 unde
1153 2375 1239 2446 dicit
1254 2377 1421 2468 apostolas:

180 2469 514 2642 .52·cpa11attrpor·,cr
535 2468 830 2554 conregnabimus:
854 2467 886 2534 sr‘
909 2468 1153 2546 commorimur,
1173 2477 1204 2534 ct
1218 2483 1423 2556 cannoparius

179 2558 228 2644 (2.
286 2559 341 2624 itu.
369 2578 418 2624 tt.

225 2647 242 2731 ξ
267 2647 335 2715 ts.
363 2642 541 2712 «Ecclesia
569 2643 624 2711 bei
651 2643 685 2711 in
712 2643 848 2713 duobus
872 2643 1028 2712 consistit
1044 2643 1239 2722 ordinibus,
1258 2645 1292 2712 in
1310 2642 1422 2713 Cleroet

180 2732 320 2822 populo.
348 2737 385 2801 ln
413 2732 506 2802 Clerc
523 2745 603 2801 sunt
619 2731 766 2821 Apostoli
793 2745 825 2802 et
841 2732 1022 2820 Apostolici
1040 2732 1114 2813 viri,
1137 2733 1297 2822 Episcopi
1319 2744 1348 2800 ct
1368 2750 1423 2797 cae-

180 2822 240 2890 teri
259 2833 406 2890 rectores
421 2821 602 2894 Ecclesiae.
614 2821 742 2906 quibus
755 2822 938 2891 commissa
959 2833 1010 2892 est
1025 2841 1109 2901 cura
1123 2833 1156 2890 et
1171 2823 1322 2910 regimen
1336 2821 1424 2908 ipsius

181 2909 362 2990 Ecclesiae,
382 2910 441 2999 qui
460 2921 603 2978 tractare
628 2909 754 2979 habent
778 2910 911 3000 negotia
933 2908 1174 2991 ecclesiastica,
1195 2922 1233 2979 ut
1261 2923 1361 2980 totum
1387 2927 1424 2972 re-

179 2999 308 3067 ducant
331 2999 372 3066 ad
393 2998 536 3068 salutem
553 2998 762 3067 animarum.
782 2999 877 3067 Unde
893 3011 926 3067 et
940 3003 1035 3067 Petro
1055 2997 1185 3067 dictum
1204 3010 1267 3076 est,
1288 3012 1321 3068 et
1335 2999 1364 3064 in
1380 3000 1424 3062 le-

180 3100 232 3156 tro
248 3085 326 3155 aliis
350 3085 519 3156 Ecclesiae
537 3087 736 3162 rectoribus,
763 3109 829 3156 non
856 3087 1007 3178 Regibus
1031 3099 1063 3156 et
1088 3087 1320 3178 principibus:
1346 3091 1383 3154 Tc
1402 3105 1424 3146 rs

180 3181 310 3255 Petrus,
332 3187 362 3244 ct
378 3199 479 3266 saper
504 3178 589 3246 lione
605 3187 736 3268 petram
753 3177 934 3266 aedeficabo
952 3178 1132 3245 Ecclesiam
1147 3199 1269 3254 mecm,
1289 3188 1318 3245 et
1332 3184 1425 3266 portu¹

181 3267 284 3354 inseri
310 3289 374 3334 non
391 3268 633 3355 praecludebant
657 3267 816 3334 adversus
841 3287 941 3334 cam:
972 3275 1003 3333 el
1031 3267 1093 3333 titt
1114 3266 1198 3334 dabo
1222 3269 1330 3334 claves
1350 3281 1421 3350 rapu

181 3358 344 3424 coelorum
369 3355 501 3436 (llatllt.
524 3355 603 3444 xri).
622 3359 658 3422 ln
678 3354 804 3444 populo
821 3365 902 3422 sunt
927 3359 1046 3441 llegcs,
1065 3352 1173 3423 duces
1196 3366 1229 3423 ct
1244 3355 1384 3424 comites,
1401 3360 1423 3414 et

181 3443 267 3512 aliae
286 3455 476 3532 potestates
494 3464 581 3529 quae
606 3443 774 3512 secularia
796 3442 922 3512 habent
946 3454 1091 3512 tractare
1115 3443 1263 3532 negotia,
1283 3455 1319 3512 ut
1341 3453 1421 3509 toton

181 3532 346 3601 reducant
365 3533 406 3601 ad
426 3553 543 3621 pacem
562 3545 594 3600 et
611 3533 774 3601 unitatem
794 3530 975 3603 Ecclesiae.
995 3535 1032 3599 Et
1049 3531 1130 3617 quia
1155 3545 1288 3600 certum
1305 3543 1360 3608 est,
1377 3531 1422 3594 tte-

181 3643 240 3710 ges
262 3634 458 3710 potestatem
476 3641 573 3688 suam
591 3620 634 3689 ab
652 3620 801 3690 Ecclesia
818 3621 984 3708 accipere,
1004 3640 1071 3689 non
1094 3621 1205 3709 ipsam
1224 3621 1268 3691 ab
1285 3617 1358 3691 illis,
1379 3609 1420 3680 sed

181 3731 199 3777 a
218 3709 369 3779 Christo:
392 3723 429 3779 ut
445 3708 535 3778 salva
557 3731 638 3796 paca
652 3722 760 3779 vestra
776 3708 908 3795 loquar,
927 3730 994 3779 non
1012 3707 1145 3778 habetis
1162 3707 1336 3798 Episcopis
1350 3721 1422 3795 prae·

81 3836 85 3843 ·
180 3799 304 3888 cipere,
324 3799 500 3869 absolvere
519 3797 681 3884 aliquem,
702 3797 751 3868 vel
770 3797 1080 3876 excommunicare,
1098 3797 1233 3866 trabere
1249 3797 1378 3866 clericos
1390 3787 1420 3886 avil

180 3887 348 3959 secularia
363 3887 508 3975 jndicia,
520 3887 678 3976 judicare
690 3887 733 3956 de
745 3886 901 3968 decimis
919 3885 962 3955 de
975 3885 1142 3966 ecclesiis,
1159 3885 1354 3954 interdicere
1364 3885 1420 3966 Ept-

181 3978 306 4068 scopis,
326 3997 367 4044 ne
385 3989 529 4044 tractent
544 3976 586 4045 de
602 3978 873 4079 transgressione
897 3973 990 4056 lidei,
1010 3975 1060 4044 vel
1073 3975 1275 4065 juramenti.
1294 3987 1324 4044 et
1339 3967 1418 4040 multa

179 4086 266 4150 quae
296 4066 329 4132 in
356 4064 449 4134 hunc
477 4064 617 4134 modum
647 4078 774 4154 scripta
798 4077 880 4133 sunt
904 4065 993 4133 inter
1016 4061 1285 4132 consuetudines
1308 4073 1416 4130 vestras.

180 4173 267 4234 quas
284 4153 399 4222 dicitis
414 4153 533 4222 avitas.
552 4153 717 4223 [lominus
737 4153 828 4222 enirn
850 4152 951 4222 dicit:
977 4157 1078 4242 Lepet
1097 4173 1190 4222 meos
1206 4148 1418 4240 custoditellt·

180 4241 239 4305 vit.
268 4241 350 4328 xix);
377 4241 555 4310 etiterum
584 4263 644 4329 per
673 4241 894 4330 Proplietam:
928 4246 993 4311 Vae
1016 4243 1078 4332 qui
1098 4241 1244 4311 condunt
1274 4245 1354 4332 leges
1374 4238 1419 4301 ric·

181 4345 276 4409 quas,
296 4339 326 4394 et
345 4331 522 4398 scribentes
536 4334 740 4419 scripserunt
758 4333 954 4420 injustitias,
973 4341 1011 4400 ut
1026 4331 1251 4423 opprimerent
1256 4341 1418 4508 pauperet

181 4411 214 4474 in
230 4412 372 4497 judicio,
396 4429 426 4486 et
451 4419 518 4486 aim
534 4421 683 4506 facerent
698 4442 820 4490 causae
835 4421 1017 4490 humilium
1035 4423 1156 4512 populi
1168 4422 1239 4490 mei
1287 4439 1333 4488 so.
1349 4413 1385 4498 sl.
