2994 4832
55 313 155 380 olda
423 334 462 380 ou
485 335 512 381 s.
540 333 619 380 snat
643 333 714 380 Ano.
740 334 778 380 nr
803 333 893 382 conr.
1187 319 1250 383 tlt

57 417 137 486 socios
154 395 402 488 sollicitudinis
431 418 606 500 Quiricum
636 418 820 505 quemdam
845 430 878 488 et
901 419 1130 488 Eustathium.
1164 419 1226 490 Sed
1252 420 1294 490 de

57 507 228 576 monasterio
249 505 395 592 quidem
426 505 519 586 baec,
549 511 613 576 lieo
640 506 782 588 favente,
815 507 905 578 dicta
930 507 1009 578 sint.
1044 508 1152 578 Crevit
1180 522 1293 580 autern

56 609 143 682 postea
164 606 194 662 et
217 595 469 665 monachorum
493 595 724 676 multitudine,
749 608 782 668 et
808 596 917 685 copiis
939 618 1051 666 rerum
1085 598 1295 668 necessaria·

55 703 128 750 rum:
151 683 256 769 etqui
284 683 359 752 illic
387 684 537 772 primum
566 684 675 754 relicti
700 698 782 756 sunt
806 708 825 756 a
847 686 945 756 beato
971 685 1077 767 Saba,
1105 707 1183 756 cum
1207 685 1292 758 luis·

54 783 110 840 sent
123 771 253 841 alterius
273 793 490 842 successores
506 783 538 841 et
556 775 690 843 morum
708 788 740 844 et
754 775 923 850 rectionis,
944 774 1015 844 illic
1031 795 1168 862 quoque
1191 776 1293 847 evita

52 860 203 928 emmam.
222 865 306 930 Cum
332 859 434 929 multi
452 873 564 930 autem
581 861 622 931 ad
644 885 721 932 eum
743 863 953 944 accederent,
972 875 1004 932 et
1021 863 1126 933 multa
1151 863 1292 949 quidem

48 947 73 1014 ei
84 915 237 1030 oderrent,
256 963 288 1018 et
306 971 466 1040 magnam
481 961 619 1037 quoque
641 951 672 1020 ei
696 952 769 1021 suis
790 952 950 1022 manibus
970 973 1068 1041 opem
1098 951 1225 1022 lerrent
1249 951 1292 1022 ad

46 1037 307 1118 aedificationem,
327 1038 448 1110 nullus
467 1038 543 1119 luit,
568 1040 629 1126 qui
645 1039 694 1108 vel
712 1061 820 1128 aquae
844 1040 990 1130 frigidae
1005 1040 1117 1111 solum
1142 1039 1293 1110 dedisset

44 1125 184 1194 calicem:
206 1141 243 1196 ut
273 1125 323 1194 vel
350 1127 433 1210 binc
459 1129 568 1216 possis
592 1128 761 1215 conjicere
789 1123 909 1210 de'iis,
937 1129 996 1216 qui
1023 1129 1149 1217 maiora
1173 1139 1292 1198 contu-

44 1213 139 1282 lerant
160 1215 336 1296 beneficia,
363 1216 423 1302 qui
445 1238 510 1286 non
525 1218 697 1306 evestigio
714 1218 791 1290 sita
814 1219 950 1308 superis
968 1217 1151 1296 maximam
1172 1231 1204 1286 et
1222 1239 1292 1286 ma-

44 1303 186 1391 gnificam
204 1315 413 1374 consecutus
438 1307 760 1376 remunerationem.
781 1312 857 1378 Post
875 1307 957 1376 haec
983 1318 1096 1378 autem
1119 1306 1188 1376 duo
1210 1328 1292 1392 quo·

43 1412 99 1475 qne
119 1391 254 1478 quidam
267 1415 309 1460 ex
332 1392 389 1473 iis,
407 1393 575 1479 quierant
592 1394 626 1463 io
649 1398 769 1476 Laura,
789 1417 868 1466 curn
889 1397 922 1466 in
942 1395 994 1477 iis,
1017 1417 1104 1481 quae
1118 1395 1159 1464 ad
1187 1401 1290 1465 neum

43 1480 205 1566 pertinent,
231 1493 321 1551 esset
344 1480 514 1552 fraternus
533 1484 690 1554 intereos
706 1505 896 1556 consensus
920 1497 951 1553 et
971 1483 1154 1554 concordia
1179 1485 1290 1572 (voca-

42 1569 152 1638 bantur
175 1582 286 1639 autem
313 1575 424 1640 Zanus
450 1583 482 1640 et
509 1571 721 1660 Benjamin),
745 1585 900 1661 petunta
924 1574 1020 1642 beato
1037 1572 1124 1642 Saba
1151 1572 1286 1650 cellam,

42 1679 118 1744 quae
134 1660 282 1745 quinque
306 1658 464 1728 stadiisa
489 1663 597 1730 Laura
617 1660 765 1732 distabat
789 1683 907 1730 versus
934 1661 1123 1730 meridiem.
1151 1660 1212 1730 llle
1229 1683 1291 1729 au-

43 1757 110 1824 tem,
129 1757 164 1815 ut
184 1747 242 1834 qui
266 1747 369 1818 sciret
392 1769 508 1817 eorum
533 1750 565 1816 in
584 1748 705 1824 virtute
725 1751 879 1820 studium
905 1762 938 1820 et
960 1749 1187 1839 diligentiam,
1214 1770 1289 1818 con·

43 1835 130 1903 cessit
150 1835 235 1922 quod
252 1836 432 1926 petebant:
449 1848 481 1906 et
501 1837 560 1906 dat
585 1839 635 1906 eis
659 1837 793 1920 cellam,
818 1860 925 1926 quam
951 1838 1181 1927 postulabant.
1205 1842 1286 1906 Cum

46 1921 89 1988 illi
103 1944 173 2016 ergo
194 1947 267 1994 eam
285 1925 510 2015 accepissent,
534 1926 621 1997 Saba
638 1949 774 2014 quoque
788 1927 838 1998 eis
860 1949 1018 2016 magnam
1038 1947 1136 2016 opem
1162 1925 1291 1996 serente

49 2021 77 2074 et
97 2014 259 2098 praebente
283 2014 470 2104 impensas,
490 2015 604 2104 ipsum
625 2017 828 2086 coenobium
846 2027 1075 2100 construxere.
1093 2019 1175 2084 Cum
1191 2013 1290 2082 multi

53 2111 151 2167 autem
174 2101 251 2172 illuc
274 2103 529 2178 convenissent,
557 2102 701 2174 ecclesia
725 2104 916 2186 aedificata,
949 2116 981 2174 et
1004 2127 1064 2173 ara
1089 2103 1165 2182 sira,
1195 2113 1227 2170 et
1254 2122 1294 2170 ea

53 2196 85 2282 ut
101 2208 154 2274 par
170 2204 230 2260 erat
252 2205 464 2273 consecrata,
487 2191 604 2262 statuit
622 2205 659 2262 ut
675 2193 699 2262 ii
716 2215 852 2280 quoque
875 2193 994 2262 eadem
1020 2191 1138 2281 regula
1160 2203 1200 2288 et,
1218 2188 1292 2288 lege

52 2289 192 2358 urerent,
206 2302 264 2368 qna
283 2279 358 2360 alii,
375 2282 435 2367 qui
451 2281 525 2369 ejus
551 2281 716 2369 parebant
731 2282 887 2370 imperim
906 2293 939 2352 et
959 2281 1007 2351 sic
1025 2280 1119 2350 locus
1135 2280 1290 2348 obmitto

52 2377 166 2434 erectus
181 2367 207 2434 in
224 2371 483 2450 monasterium,
507 2369 603 2439 lloret
627 2391 737 2458 usque
761 2372 795 2439 in
822 2371 1025 2441 hodiernum
1044 2369 1134 2438 diam
1154 2392 1160 2432 ι
1181 2379 1213 2436 et
1235 2364 1291 2434 de-

49 2454 220 2526 nominatur
243 2457 375 2527 abacti
399 2460 478 2526 Zani
499 2459 649 2526 nomine.

80 2542 98 2626 ξ
116 2548 184 2616 18.
203 2549 334 2635 Operae
356 2547 501 2634 pretium
524 2559 635 2616 tamen
653 2557 715 2624 est,
734 2568 771 2618 se
787 2545 955 2617 oblectare
977 2545 1071 2614 iniis
1098 2545 1195 2614 bonis
1212 2566 1290 2616 nar-

38 2629 153 2725 randis,
177 2655 264 2720 quae
289 2633 370 2704 lecit
392 2636 564 2723 Byzantii:
591 2647 624 2706 et
647 2635 813 2721 quidnam
839 2657 918 2704 eum
945 2634 1142 2724 impulerit,
1168 2645 1206 2700 ut
1241 2653 1292 2702 re-

36 2715 104 2787 lreta
127 2720 327 2804 Palaestina,
355 2723 397 2792 ad
415 2723 534 2793 urbem
562 2723 688 2794 venerit
713 2725 854 2812 regiam.
873 2726 1050 2794 Anastasio
1073 2736 1106 2794 et
1129 2722 1213 2802 Elia,
1233 2719 1293 2790 illo

32 2807 160 2890 quidem
186 2812 337 2900 imperii,
364 2811 428 2880 hoc
453 2833 530 2881 vero
554 2811 735 2893 Ecclesiae,
768 2834 855 2899 quae
886 2825 936 2883 est
956 2811 990 2882 in
1014 2811 1216 2892 Palaestina,
1240 2833 1291 2884 se-

30 2895 97 2964 dem
122 2897 408 2980 administrante,
435 2903 544 2970 oritur
571 2901 707 2970 interim
738 2901 911 2987 quoddam
944 2900 1169 2981 scandalum,
1197 2899 1290 2985 quod

31 2987 264 3074 lmperatorem
290 3000 323 3057 et
350 2987 512 3058 adversus
533 2988 660 3060 multos
675 2989 772 3071 alios,
791 3002 823 3060 et
837 2990 1002 3061 adversus
1019 2989 1126 3058 uttam
1144 2987 1227 3058 adeo
1246 2989 1288 3058 ir·

28 3074 145 3155 ritalit,
164 3088 203 3144 ut
219 3097 299 3145 eum
318 3075 492 3148 damnarit
508 3077 638 3148 exsilio.
656 3080 795 3148 Dicatur
811 3091 923 3149 autern
941 3079 1105 3168 primum,
1122 3077 1291 3163 quidnam

25 3183 94 3231 eum
113 3165 158 3233 ad
179 3165 267 3234 iram
286 3165 451 3246 incitavit,
475 3178 513 3235 ut
528 3167 588 3248 sic,
618 3189 706 3254 quae
731 3180 811 3236 sunt
835 3167 996 3254 deinceps
1021 3164 1178 3245 dicenda,
1207 3163 1290 3262 laci·

24 3250 83 3322 lius
120 3252 374 3342 intelligantur.
401 3255 511 3324 Tertio
533 3277 624 3325 anno
649 3255 785 3344 imperii
809 3257 996 3335 Anastasii,
1024 3253 1146 3323 incidit
1176 3273 1289 3340 gravis

23 3339 137 3410 seditio
163 3342 254 3412 iuter
273 3365 342 3425 eos,
360 3344 623 3444 qui'praecrant
653 3344 833 3414 Ecclesiis:
856 3343 1019 3416 Romanis
1038 3341 1287 3430 quidem-Pon-

24 3425 170 3501 tiricibus
196 3431 445 3502 dissidentibus
465 3455 483 3502 a
501 3433 707 3524 Byzantinis,
734 3431 825 3522 quod
846 3432 1018 3512 Acacium,
1047 3431 1105 3520 qui
1123 3435 1287 3527 Constan-

23 3519 270 3609 neopolitanus
287 3521 425 3621 quidem
444 3520 508 3590 fuit
532 3521 732 3679 Episccfius,
755 3521 796 3592 de
824 3521 925 3592 rebus
949 3531 1063 3590 autem
1086 3517 1288 3617 Christianis

23 3625 79 3675 nou
105 3621 202 3678 recte
226 3609 404 3690 sentiebat,
425 3609 629 3699 inscriptum
679 3610 794 3680 aberet
817 3610 852 3680 in
878 3609 983 3680 sacris
1005 3606 1203 3766 diptychis:
1224 3609 1289 3693 By-

21 3697 165 3766 motinis
191 3718 269 3768 vero
294 3719 415 3770 rursus
446 3697 587 3768 infensis
611 3697 858 3779 Alexandrinis,
885 3697 945 3785 qui
976 3696 1045 3767 Cha
1061 3694 1288 3766 oedonensem

22 3786 155 3882 quidem
176 3785 350 3876 synodum
367 3785 532 3858 leriebant
553 3787 778 3867 anathemate,
810 3785 958 3858 Dioscuri
985 3796 1098 3854 autem
1129 3783 1289 3852 admitte-

23 3887 93 3944 nant
131 3874 433 3946 communionem.
458 3881 540 3946 Cum
566 3876 758 3966 ergo‘inter
787 3897 844 3946 eos
873 3875 1016 3944 invicem
1052 3894 1176 3962 magna
1200 3883 1290 3942 esset

24 3961 200 4043 dissensio,
226 3963 287 4050 qui
313 3963 410 4052 prins
426 3963 538 4034 dictus
555 3979 605 4034 est
629 3964 729 4046 lllias,
750 3965 809 4054 qui
829 3975 982 4054 praeerat
998 3961 1209 4031 Palaestinae
1227 3965 1289 4028 lle-

25 4055 147 4134 rlesiae,
169 4050 280 4122 solius
306 4053 498 4141 Euphemii,
520 4054 580 4153 qui
603 4065 674 4124 erat
690 4052 992 4141 Constantinopoli,
1020 4047 1291 4146 amplectebatur

27 4141 311 4220 communionem,
332 4141 607 4212 Occidentalrbns
631 4141 784 4228 quidem,
811 4155 849 4212 ut
872 4141 1036 4220 diximus,
1055 4139 1287 4236 depugnanti-

29 4223 93 4298 bus:
122 4227 281 4298 Palladio
297 4251 374 4298 vero
390 4229 651 4300 Antiochenoad
670 4231 813 4321 gratiam
833 4231 985 4299 intuente
1005 4233 1286 4318 Imperatorram:

30 4331 47 4381 ·t
74 4317 152 4386 ideo
178 4316 491 4388 Chalcedonensam
523 4318 661 4408 quidem
691 4319 862 4408 synodum
891 4317 1030 4387 feriente
1055 4315 1284 4388 anathemate,

31 4419 187 4476 cautem
221 4405 459 4496 amplectente,
486 4427 573 4494 quae
600 4409 758 4478 tenebant
787 4405 1026 4477 Alexandrini:
1052 4417 1165 4496 utpote
1195 4398 1287 4488 quod
