2994 4832
79 261 143 327 blld.
165 264 183 325 5
434 281 473 326 ns
496 281 523 328 s.
550 277 630 328 saun
653 280 725 331 nnn.
751 279 789 326 nr
813 278 904 328 conr.
1198 264 1260 328 ldb
1293 325 1297 334 .

78 364 164 434 edem
187 363 312 434 tenabtn
336 364 605 453 imperatoriam,
627 387 706 434 cum
723 385 741 434 c
761 363 847 436 vivis
859 365 932 453 jam
954 364 1153 435 excessisset
1176 366 1303 436 Zeno*.

75 453 171 522 dodam
187 466 292 526 uuum
309 474 403 524 anno
421 453 464 524 ad
486 458 629 527 Lauram
656 453 787 525 accedit
804 453 855 522 vir
868 452 1011 540 quidam
1033 465 1185 534 sanctus,
1203 475 1305 542 quem

74 542 140 610 dona
162 541 359 612 decorabant
385 541 564 633 spiritalia,
584 563 708 634 genere
730 542 925 624 armenius,
953 542 1093 612 nomine
1115 544 1305 614 Jeremias:

73 651 149 717 quem
169 630 232 700 duo
253 652 392 718 quoque
415 631 647 719 sequebantur
669 631 846 721 discipuli,
869 631 929 719 qui
953 633 1166 702 vocabantur
1188 637 1308 706 Petrus

71 733 95 788 et
112 719 232 803 Paulus,
247 721 306 807 qui
322 721 622 810 cognoscebantur
644 722 719 811 ejus
744 722 846 790 vitam
869 733 984 810 aperte
1005 719 1130 792 relerre
1144 733 1176 790 et
1194 722 1308 811 expri-

72 809 291 881 saranatis
316 831 398 880 vero
422 809 549 880 Paulus
577 832 656 880 cum
679 810 782 900 longo
808 821 961 899 tempore
992 809 1026 878 in
1053 815 1163 880 Laura
1187 809 1309 882 suisset

71 909 222 986 superstes,
246 910 277 968 et
293 898 511 968 admirabilis
536 899 644 969 Sabae
661 921 774 968 rerum
794 911 967 988 gestarum
985 910 1182 968 accuratam
1208 921 1306 970 acce-

68 985 151 1074 pisset
169 988 407 1075 experientiam
435 989 477 1058 iis
495 1009 642 1075 quoque,
668 988 727 1075 qui
752 999 834 1056 sunt
856 1009 934 1058 eum
961 989 1081 1067 secuti.
1101 987 1211 1060 multa
1227 1010 1307 1057 nar-

68 1075 149 1146 rarit:
168 1098 311 1232 gnorum
333 1075 487 1166 plurima
511 1077 576 1148 sita
593 1089 675 1148 sunt
694 1078 728 1145 in
751 1077 923 1167 praesenti
948 1077 1055 1148 Sabae
1075 1077 1155 1146 rita.
1171 1081 1255 1147 Cum
1271 1077 1308 1148 hi

67 1183 166 1251 ergoa
208 1171 353 1236 Lauram
379 1165 616 1244 accessissent,
637 1187 798 1256 magnam
824 1187 865 1236 ex
882 1166 926 1238 iis¹
942 1166 1150 1324 voluptatem
1175 1167 1309 1256 accepit

1036 1277 1144 1326 uncae
1161 1268 1305 1413 partem,

1178 1365 1218 1414 us
1243 1358 1308 1414 tor-

69 1253 216 1333 B-Sabas;
240 1266 272 1324 et
295 1266 381 1324 tunc
398 1277 537 1344 parvam
564 1254 686 1326 cellam
707 1254 749 1324 ad
771 1254 941 1324 borealem
959 1277 1017 1345 spe

68 1339 96 1406 in
113 1363 170 1426 qua
191 1343 245 1412 ille
268 1344 369 1500 fains
393 1344 595 1414 versabatur
621 1345 657 1412 in
681 1343 932 1424 exercitatione,
958 1345 1099 1500 <fluendo
1123 1365 1160 1415 so

67 1441 171 1498 renum
193 1433 373 1512 incoebat,
400 1433 450 1502 cis
476 1433 610 1514 tribuit,
637 1446 670 1502 et
695 1433 745 1502 eis
769 1453 912 1534 parvum
939 1455 974 1500 re
991 1434 1078 1520 iquit
1104 1433 1306 1514 oratorium,

66 1530 95 1584 ut
108 1519 212 1590 diebus
228 1522 419 1592 Dominicis
438 1534 471 1590 et
493 1521 647 1591 sabbatis
671 1543 734 1592 sua
755 1521 873 1609 lmgua
890 1534 1088 1592 consuetam
1107 1533 1309 1612 peragerent

68 1604 345 1694 glorificationem:
372 1610 563 1696 exquibus
597 1610 700 1681 etiam
737 1625 877 1680 auctum
902 1622 953 1681 est
988 1611 1023 1680 in
1059 1616 1170 1680 Laura
1199 1633 1308 1700 genus

68 1699 282 1770 Armeniorum.
312 1703 398 1770 Cum
424 1700 540 1786 itaque
562 1699 727 1770 ieremias
755 1712 788 1768 et
822 1699 881 1786 qui
910 1721 990 1768 cum
1015 1699 1091 1790 ipso
1115 1713 1235 1778 erant,
1263 1701 1310 1770 ita

69 1786 252 1857 restitissent
271 1788 315 1858 ad
340 1792 501 1868 Laurum,
521 1799 661 1858 sanctus
680 1809 818 1876 quoque
838 1787 1028 1878 Episcopus
1043 1801 1076 1858 et
1093 1789 1310 1859 silentiarius

70 1876 188 1972 loannes
207 1877 251 1958 *ἢ
276 1899 403 1946 eorum
434 1876 577 1966 vestigia
602 1898 762 1963 sequena,
788 1877 907 1946 eodem
933 1878 1076 1958 accedit,
1104 1877 1176 1966 jam
1203 1899 1309 1966 agens

71 1965 244 2036 tricesimum
270 1977 433 2036 octavum
459 1987 591 2036 annum
622 1967 765 2034 aetatis:
792 1966 893 2055 cujus
918 1967 1108 2056 angelicam
1140 1967 1174 2034 in
1206 1986 1309 2036 carne

76 2050 202 2133 titania
225 2077 332 2126 suum
351 2065 488 2154 tempus
512 2066 662 2124 reservat
685 2055 812 2124 oratio:
839 2055 1033 2144 praesentia
1056 2067 1170 2124 autem
1186 2054 1307 2124 immo·

79 2137 191 2233 roboria
211 2143 313 2214 bonis
342 2143 432 2212 beatt
458 2143 576 2212 Sabae.
604 2148 694 2213 Haec
718 2145 809 2212 enim
835 2144 877 2212 de
900 2165 939 2213 eo
965 2142 1049 2212 dicit
1077 2143 1225 2234 insignis
1251 2141 1310 2211 ille

79 2237 170 2296 nrtute
185 2231 342 2312 loannes,
362 2232 423 2319 qui
442 2230 508 2300 luit
532 2232 606 2320 ipse
628 2253 765 2319 quoque
788 2254 882 2304 unus
901 2255 940 2301 ex
962 2232 1140 2301 monachis
1165 2236 1306 2312 Laurae,

77 2315 146 2411 quod
165 2317 202 2388 illi
221 2321 370 2408 quidem
404 2342 528 2409 magno
552 2332 641 2390 esset
665 2321 789 2402 studio,
810 2333 848 2390 ut
871 2343 906 2391 se
930 2321 965 2388 in
991 2321 1154 2391 omnibus
1179 2334 1310 2410 gereret

77 2415 143 2557 sticut
161 2429 298 2564 gregans
327 2408 547 2498 Euthymius
573 2421 606 2479 et
629 2408 703 2498 ejus
727 2421 878 2480 uteretur
901 2410 971 2480 vita
994 2421 1169 2497 tamquam
1195 2431 1310 2480 exem-

72 2511 187 2577 panat
210 2523 267 2570 uo.

100 2521 207 2668 §wil
224 2593 313 2659 Cum
351 2587 466 2672 itaqua
495 2585 618 2656 soleret
641 2586 846 2674 Euthymios
869 2585 1129 2674 quartodecimo
1154 2586 1312 2658 ianuarii

63 2689 172 2760 semper
187 2675 364 2762 proficisci
389 2675 424 2743 in
443 2688 571 2746 vastam
591 2674 827 2754 solitudinem,
846 2689 878 2746 et
896 2675 967 2746 illic
984 2676 1110 2746 versari
1130 2675 1164 2744 itt
1183 2675 1311 2745 divinis

62 2755 162 2831 diebus
178 2764 418 2856 jejuniorum,
447 2763 532 2833 nulli
566 2785 601 2834 sc
625 2764 812 2834 videndum
851 2765 1042 2854 praebens,
1068 2777 1101 2834 et
1136 2765 1309 2834 neminem

60 2845 234 2936 alloquens.
261 2855 332 2924 hoe
364 2874 502 2940 quoque
537 2851 667 2924 solebat
689 2858 725 2922 Β.
756 2854 862 2924 Sabas
901 2853 1011 2924 lacere
1047 2868 1308 2941 consequenter,

60 2948 188 3034 tempora
208 2943 324 3013 solum
344 2963 468 3032 parurn
487 2953 631 3012 mutato:
649 2941 931 3030 quandoquidem
950 2942 1007 3013 ille
1024 2955 1146 3030 quarto
1161 2943 1309 3020 decimo,

59 3042 132 3097 sicut
160 3030 336 3112 diximuS‚
362 3030 420 3100 hic
444 3043 558 3101 autem
584 3031 747 3102 vicesimo
771 3031 827 3101 die
856 3031 984 3101 mensis
1010 3032 1200 3103 secedebat.
1227 3037 1311 3102 Nam

59 3122 244 3212 postsancti
270 3120 407 3190 Antonii
438 3120 663 3201 memoriam,
695 3121 812 3210 magni
847 3119 1024 3210 Euthymii
1060 3120 1151 3189 diem
1186 3121 1311 3190 festum

57 3206 197 3278 rtcasimo
220 3209 277 3278 die
305 3209 435 3278 mensis
454 3207 633 3280 celebrans
658 3209 775 3291 Sabae,
804 3209 853 3278 sic
877 3229 914 3278 sc
938 3207 1135 3278 conserebat
1161 3208 1203 3276 ad
1229 3207 1313 3279 soli·

56 3293 215 3377 tudinem,
248 3312 282 3368 et
315 3296 387 3367 illic
412 3297 612 3368 morabatur
636 3319 747 3385 usque
771 3297 813 3367 ad
839 3296 1211 3376 lestum'Palmarum‚
1244 3317 1312 3364 non

56 3399 142 3452 secus
162 3399 263 3473 atque
278 3383 349 3466 ille,
369 3407 405 3456 se
430 3407 557 3475 purum
582 3407 792 3458 conservans
807 3387 851 3456 ab
867 3385 964 3456 omni
978 3384 1130 3454 humana
1152 3405 1313 3472 congres-

56 3469 146 3540 sione.
168 3479 206 3545 Et
229 3476 279 3544 sic
303 3473 444 3562 quidem
470 3495 606 3564 semper
629 3473 775 3546 iaciebat
799 3495 1008 3562 unoquoque
1032 3495 1125 3544 anno
1148 3485 1311 3542 vertente.

57 3559 125 3626 Cum
149 3567 318 3634 Mortuum
344 3575 458 3632 autam
485 3585 578 3634 mare
603 3563 791 3652 aliqnando
815 3563 945 3644 obiret,
978 3574 1011 3633 et
1041 3563 1075 3631 in
1101 3583 1140 3632 eo
1172 3581 1312 3651 parvam

55 3649 212 3729 quandam
239 3651 382 3721 vidisset
405 3651 556 3722 insulam
583 3652 772 3724 admodum
798 3651 966 3722 desertam
985 3663 1017 3722 et
1032 3649 1222 3725 horridam,
1237 3648 1315 3737 ejus

56 3736 179 3818 quidem
209 3741 324 3810 statim
354 3752 476 3830 captus
503 3739 570 3810 suit
596 3763 724 3822 amore;
751 3742 908 3811 animum
938 3762 1017 3810 vero
1044 3739 1192 3820 induxit,
1216 3739 1251 3808 in
1276 3761 1317 3809 ea

57 3825 190 3920 perferre
212 3829 287 3899 dies
308 3829 537 3918 jejuniorum.
564 3834 658 3900 Inter
680 3829 834 3901 eundum
862 3841 997 3911 autem,
1023 3827 1204 3900 daemonis
1227 3829 1317 3904 invi·

56 3908 113 3992 dib,
131 3917 250 3989 cecidit
272 3918 309 3988 in
324 3917 500 4005 quandam
518 3918 659 4000 lessam,
678 3940 768 4006 quae
784 3941 825 3990 ex
841 3918 980 3989 fornace
1004 3939 1085 3988 cum
1111 3919 1191 4010 igne
1215 3919 1316 3988 emit-

57 3998 133 4072 tebat
149 4005 345 4098 caliginem
363 4006 497 4094 fuitque
516 4007 547 4078 ei
566 4007 681 4080 vultus
700 4022 733 4078 ct
750 4007 858 4078 barba
879 4018 1012 4089 exusta,
1033 4020 1065 4079 et
1087 4007 1215 4076 multae
1230 4006 1318 4076 aliae

57 4105 156 4171 partes
189 4096 365 4187 corporis,
393 4096 479 4166 adeo
503 4107 541 4170 ut
563 4118 645 4168 cum
671 4096 791 4166 multis
821 4110 898 4187 post
929 4096 1054 4167 diebus
1085 4095 1242 4166 rediisset
1273 4093 1316 4166 ad

58 4175 209 4266 lauram,
240 4185 353 4276 signis
377 4197 510 4256 tantum
543 4207 687 4256 suorum
720 4207 854 4257 morum
880 4197 1042 4267 atroce,
1074 4185 1185 4272 iisque
1220 4183 1318 4254 valde

80 4337 91 4364 ⁸
101 4341 158 4384 zeno
167 4351 270 4388 mortuus
279 4348 318 4389 ast
327 4357 388 4388 anuo
398 4347 443 4388 491.

77 4391 100 4420 ”
112 4397 133 4435 a
143 4397 235 4443 rossus
244 4401 375 4446 sursuntt
386 4401 464 4442 vitm
474 4401 527 4450 lega
536 4397 562 4441 ln
572 4397 624 4443 Vol.
633 4409 657 4446 -v,
666 4409 719 4450 pag.
729 4399 768 4440 888
779 4401 824 4440 otc.
