2972 4826
238 537 308 614 DE
338 536 656 616 INVENTIONE
689 539 724 615 S.
756 537 1000 618 AMBROSII

120 733 194 796 vac
225 699 317 801 non
354 733 414 800 ss.
448 737 525 800 un.
561 735 789 802 ouovtsn
823 733 1127 803 ur‘rnortsn

390 933 473 978 ANNE
502 932 674 980 toccctxxt
699 933 849 980 rentem.

20 1121 192 1190 Sooctisn'rni
209 1125 243 1190 in
270 1123 403 1192 Cltristo
428 1127 538 1192 Petris
561 1135 592 1193 el
617 1125 751 1193 Domini
769 1127 880 1194 lt'ostri
906 1127 1039 1194 lloon'ni
1061 1131 1117 1194 Pll
1142 1127 1258 1194 diuino

51 1211 235 1278 Prouidentia
252 1215 383 1280 PAPAE
400 1217 441 1280 lx
465 1217 618 1282 inmensus
639 1218 864 1286 teosroncm.
884 1215 1183 1306 quibusjndiciuvn
1199 1237 1258 1283 so-

51 1319 99 1385 por
111 1299 275 1368 identitate
300 1323 477 1391 corporum
487 1305 520 1370 S.
540 1304 704 1372 Ambrosii
713 1305 869 1392 Episcopi
882 1314 912 1371 el
928 1306 1096 1373 Ecclesiae
1114 1306 1259 1373 llootoris

50 1398 266 1478 ecmnrtyrnm
294 1392 451 1458 Geroosii
472 1402 501 1458 et
524 1394 668 1459 Protesii
686 1393 726 1460 ob
751 1393 1003 1481 brcbiopiscopo
1021 1394 1260 1462 Mediolanensi

48 1479 192 1561 prolatum
216 1479 453 1566 confirmetur.

453 1695 544 1760 PIUS
569 1695 788 1760 EPISCOPUS

166 1857 286 1904 saeros
305 1855 474 1904 sanvonuu
491 1857 541 1904 om
559 1858 600 1903 so
617 1857 802 1904 rserarusv
822 1859 872 1904 mn
890 1855 1066 1904 aaronica.

47 2012 107 2092 ξί.
132 2013 190 2094 Qui
215 2013 404 2102 attingite
429 2012 497 2081 fine
522 2013 697 2100 usquead
725 2013 828 2082 finem
854 2012 1008 2094 fortiter,
1040 2035 1080 2082 uc
1109 2013 1261 2103 disponit

20 2100 103 2168 onnia
125 2103 287 2182 suaviter,
321 2107 409 2170 Deus
432 2099 650 2191 omnipotens
675 2107 917 2172 Sacrosanotae
942 2101 1110 2170 Ecclesiae
1134 2107 1262 2170 Imma-

20 2187 115 2256 ratane
137 2195 289 2280 Sponsae
320 2189 490 2290 Unigeniti
518 2191 591 2259 Filii
617 2192 787 2280 sanguine
810 2191 1023 2279 acquisitae,
1053 2203 1085 2260 et
1109 2191 1143 2258 in
1173 2195 1262 2279 Apo·
1388 2265 1392 2272 ,

20 2274 120 2346 stolicis
140 2279 391 2379 confessionis
408 2291 500 2379 petra
531 2278 718 2360 solidatae,
750 2281 813 2349 iter
838 2281 969 2372 jugiter
987 2292 1109 2382 ‘contra
1135 2279 1262 2380 invale-

22 2379 128 2464 scentem
152 2368 263 2440 seculi
282 2378 477 2468 nequitiam
495 2390 534 2438 ac
553 2369 771 2468 tenebrarum
790 2382 971 2472 potestates
984 2391 1019 2437 vn
1037 2373 1170 2468 Sanctis
1190 2389 1263 2438 suis

25 2464 235 2529 strumentum
249 2469 436 2528 constituit
450 2479 489 2526 ac
510 2479 701 2539 munimen,
724 2471 762 2527 ut
778 2480 837 2545 qui
850 2481 922 2546 Jam
940 2468 1090 2528 viventes
1106 2479 1139 2526 tn
1159 2479 1262 2525 carne

24 2559 75 2606 ean
90 2565 135 2614 sua
163 2547 336 2636 passione
360 2543 636 2626 illustraverant,
663 2546 819 2616 doctrina
846 2546 1080 2703 exemplisque
1103 2545 1263 2615 excolue-

21 2643 92 2702 rant.
112 2634 141 2704 in
164 2635 309 2706 coelesti
338 2633 461 2703 deinde
482 2635 592 2724 petria
616 2635 742 2725 recepti
767 2635 882 2705 adbuc
907 2636 979 2704 suis
1004 2635 1263 2736 goriosissimis

19 2715 176 2795 decorarent
199 2723 386 2814 trophaeis
409 2745 449 2792 ac
465 2737 631 2814 perpetuo
655 2738 832 2794 tuerentur
857 2725 1057 2814 petrocinvo.
1085 2723 1261 2794 Pientissi-

18 2825 84 2876 uum
100 2811 156 2883 hoo
175 2813 325 2883 divinae
348 2811 510 2882 honitatis
534 2811 718 2882 consilium
738 2826 808 2883 tum
830 2811 977 2882 maxime
994 2813 1154 2892 innotuit,
1179 2833 1258 2880 cum

16 2893 112 2992 obortis
129 2903 161 2970 in
177 2901 421 2972 Christianum
447 2900 613 2991 populum
640 2902 908 2988 universamque
925 2901 1132 2972 catholicam
1151 2899 1264 2970 Eccle-

16 3003 76 3054 stan
91 2989 404 3061 vehementissimis
429 2990 699 3078 tempestatibus,
731 2990 830 3080 plura
859 2995 1061 3060 Sanctorum
1088 2994 1259 3079 Corpora,

15 3091 76 3156 quae
91 3077 146 3150 diu
161 3079 355 3158 latuerant,
380 3079 412 3146 in
433 3078 545 3148 lucem
570 3077 686 3148 denuo
708 3079 874 3169 prodiere,
905 3093 943 3149 ut
967 3101 1006 3149 eo
1030 3077 1195 3166 adspectu
1220 3077 1261 3146 ed

16 3181 55 3228 sua
80 3169 232 3238 sectanda
263 3166 411 3256 vestigia
441 3189 611 3256 opemque
644 3167 896 3256 implorandam
923 3168 1072 3258 dejectos
1095 3168 1265 3255 erigerent

15 3251 126 3346 animos,
142 3279 181 3328 ao
198 3257 363 3348 proxime
384 3269 583 3326 secuturum
601 3255 643 3326 de
659 3256 803 3326 humani
825 3259 960 3347 generis
979 3259 1073 3326 hoste
1092 3274 1265 3344 praenun-

17 3350 107 3434 tarent
122 3347 361 3437 triumphum.
380 3344 416 3413 ld
436 3345 626 3434 praeteritis
641 3346 796 3416 evenisse
813 3357 877 3414 tem
907 3347 1037 3426 oribus,
1055 3357 1129 3413 acte
1148 3343 1265 3410 inven-

17 3432 90 3526 tionis
106 3438 295 3525 Corporum
326 3432 556 3521 plurimorum
578 3439 779 3504 Sanctorum
805 3435 840 3502 in
858 3367 990 3504 cbristo
1014 3432 1264 3520 quiescentium

18 3520 155 3616 evidenter
177 3522 398 3606 ostenduam
425 3523 578 3612 idipsum
604 3536 713 3593 aetate
736 3524 800 3592 hac
821 3536 949 3604 nostra,
975 3544 1042 3609 qua
1067 3519 1267 3620 abundante

18 3601 117 3692 delicto,
143 3612 222 3683 refri
251 3611 308 3680 uit
326 3611 691 3692 eharitasmultorum,
716 3613 859 3700 repertis
884 3611 1112 3682 sacrosanctis
1128 3613 1266 3678 Exuvns

20 3697 149 3769 tatrosii
174 3635 450 3772 Eebiolanensis
479 3702 637 3791 Episcopi
673 3714 706 3770 et
737 3701 909 3771 Ecclesiae
945 3699 1120 3780 Doctoris‚
1156 3717 1267 3784 neque

21 3797 62 3936 pp
76 3791 247 3860 Beatorum
275 3793 468 3878 Martyrum
494 3790 646 3860 Gervasii
671 3802 704 3858 et
729 3790 885 3870 Protesii‚
907 3787 1063 3859 futurum
1080 3808 1162 3857 sane
1185 3806 1266 3855 oon-

54 3895 138 3949 inus.

49 3963 116 4042 i2.
140 3973 178 4038 Et
198 3969 235 4038 hi
260 3963 407 4054 quidem
435 3967 552 4037 invicti
577 3967 671 4038 Fidei
700 3967 836 4057 Pugiles
854 3966 920 4037 sub
940 3971 1069 4036 Nerone
1094 3967 1127 4034 in
1155 3964 1267 4055 prima

26 4045 205 4141 ltboicorum
231 4055 404 4126 adversus
428 4055 639 4126 Christianos
664 4057 912 4146 persecutione,
933 4055 1011 4127 fuso
1031 4055 1181 4145 glorioso
1206 4074 1268 4143 pro

28 4133 118 4212 [aristo
139 4145 329 4238 sanguine,
359 4145 515 4234 martyrii
534 4145 684 4236 palmam
708 4145 823 4237 adepti
843 4157 941 4225 sunt;
968 4165 1118 4232 quorum
1142 4141 1267 4212 deinde

31 4220 133 4326 [Epora
155 4257 235 4306 oum
261 4233 327 4302 diu
345 4233 381 4302 in
403 4233 548 4304 Basilica
566 4238 621 4304 SS.
646 4234 767 4304 Felicis
782 4257 821 4304 eo
845 4233 988 4304 Neboris
1012 4232 1193 4302 Mediolani
1210 4230 1267 4330 de-

31 4303 167 4404 litassent,
196 4347 217 4393 a
248 4327 379 4392 Sancto
402 4323 592 4404 Ambrosio,
622 4325 680 4392 Dei
708 4323 904 4404 admonitu,
934 4335 1085 4412 reperta,
1113 4322 1149 4388 in
1174 4325 1268 4388 Basr-

32 4389 94 4474 lien
113 4411 151 4481 ab
170 4417 215 4484 Eo
232 4422 428 4483 extructam
457 4411 621 4483 translata
645 4411 750 4494 suere,
770 4413 885 4499 ibique
908 4409 1096 4482 honorilice
1121 4408 1267 4500 sepulta.
