3046 4838
193 282 213 348 8
555 299 594 346 na
618 299 646 348 s.
667 297 772 347 ιιιιιιο
795 299 846 348 aa.
870 297 1000 348 noxxox.
1276 280 1373 348 buc.
1402 282 1416 344 t

146 395 177 453 ct
200 395 380 454 moerentes
408 386 509 476 cripit
536 387 692 476 sospitate
718 383 792 475 (tot
818 385 863 474 v).
897 383 1074 456 ldinebat
1105 385 1171 455 sibi
1198 385 1421 454 saturitatem

146 472 256 575 panis,
285 485 322 544 ut
349 472 527 544 coelestem
559 487 671 564 posset
696 475 882 564 promereri
912 495 1047 564 panem.
1075 477 1140 544 Ora
1168 472 1306 562 quidem
1336 473 1423 562 ejus

140 562 285 650 jejuniis
311 561 506 653 pallebant,
537 585 663 653 corpus
690 563 826 634 aridum
855 563 1050 646 marcebat,
1081 563 1139 634 sed
1166 584 1261 632 mens
1292 563 1420 632 aerius

144 673 279 742 semper
295 664 451 721 aeternae
468 653 597 743 patriae
612 674 729 722 amore
745 653 941 722 aestuabat:
968 666 1000 723 et
1017 652 1108 722 unde
1125 653 1281 744 graviora
1299 673 1423 722 recor-

143 740 300 822 dabatur,
317 740 398 810 inde
415 741 599 832 patientius
614 742 740 812 leviora
755 742 923 832 portabat.
951 745 1091 833 Semper
1111 742 1202 812 enim
1222 742 1421 832 praesentis

144 830 229 900 vitae
245 830 430 900 terminum
456 831 605 912 intuens,
625 830 775 901 futuram
798 831 854 902 liei
872 832 1075 902 sententiam
1093 854 1132 902 ac
1151 831 1335 902 metuenda
1358 832 1421 920 ju-

141 917 232 989 dicia
257 918 472 999 formidabat,
501 919 613 990 sciens
637 921 827 1010 scriptum:
853 925 976 990 Beatus
1000 922 1106 1000 bomo,
1135 923 1197 1012 qai
1216 943 1350 1011 semper
1368 931 1421 990 eat

139 1009 283 1100 pavidas
300 1009 412 1099 (Prov.
439 1008 564 1097 xxxin).
592 1013 630 1080 llt
653 1009 738 1078 illud
766 1009 940 1099 Apostoli:
968 1013 1049 1082 Cum
1075 1013 1192 1080 timore
1212 1021 1244 1079 et
1268 1021 1420 1080 tremore

140 1108 286 1167 vestram
300 1099 445 1170 salutem
460 1099 650 1189 operamini
660 1098 802 1190 (Ptttip.
829 1097 879 1188 n).
905 1097 952 1169 ld
974 1099 1109 1169 Domini
1127 1120 1205 1169 vero
1230 1098 1333 1189 pedes
1354 1121 1418 1168 no·

141 1186 253 1257 ctibus
272 1187 419 1276 jacebat,
440 1187 602 1258 manibus
620 1201 737 1278 peetus
758 1187 918 1269 tundens
937 1209 1043 1278 genas
1062 1187 1225 1289 lacrymis
1245 1187 1415 1278 irrigans,

142 1275 383 1364 moderatoque
414 1276 564 1366 suspirio
586 1276 696 1346 oculis
725 1275 768 1346 ad
801 1275 934 1346 coelum
960 1277 1101 1358 levatis,
1138 1277 1235 1346 illum
1271 1297 1419 1366 semper

31 1391 35 1396 ·
142 1365 356 1456 respiciebat,
382 1386 483 1453 quem
508 1363 650 1436 fortasse
673 1365 905 1454 delinquendo
927 1365 1109 1437 offendisse
1130 1366 1281 1448 timebat,
1303 1387 1346 1436 ae
1366 1365 1417 1436 la-

143 1455 320 1524 mentabili
338 1476 416 1524 voce
433 1455 517 1526 haec
532 1454 687 1526 crebrius
703 1455 806 1526 verba
831 1456 1048 1558 geminabat:
1078 1457 1150 1526 Tibi
1171 1457 1237 1525 soli
1256 1458 1414 1547 peccavi,

141 1546 297 1614 macerare
319 1545 388 1613 mei
408 1545 589 1614 secandam
612 1567 772 1646 mappam
794 1545 1059 1615 mesericordiam
1078 1556 1172 1615 tuom
1190 1545 1259 1634 (Pa.
1282 1545 1364 1634 50);
1383 1559 1418 1615 et

141 1631 229 1702 illud
247 1633 335 1703 beati
354 1632 442 1703 Job:
468 1637 639 1716 Memento,
666 1634 838 1722 inquiens,
864 1636 947 1724 quio
962 1645 1079 1705 ventris
1095 1644 1143 1704 eat
1158 1636 1231 1704 vita
1249 1655 1337 1703 mea.
1359 1639 1414 1715 Et,

141 1726 245 1792 Parce
264 1723 351 1792 milti
363 1747 374 1791 .·
400 1723 488 1792 nibil
510 1724 599 1793 enim
621 1733 699 1794 sunt
722 1723 792 1794 dies
814 1723 1058 1812 mei(·lobv11).
1079 1727 1117 1793 Et
1132 1744 1172 1792 ex
1191 1745 1227 1794 se
1242 1723 1415 1810 quodam·

144 1810 245 1880 modo
272 1811 475 1914 egrediens,
501 1810 586 1883 illud
611 1825 689 1882 ante
720 1833 818 1882 suam
849 1812 1011 1902 pingebat
1035 1825 1204 1882 mentem:
1230 1811 1321 1900 quod
1349 1834 1417 1882 nec

143 1899 266 1970 oculus
281 1900 376 1982 vadit,
397 1923 459 1970 nec
479 1901 574 1971 auris
590 1900 733 1982 audivit,
754 1899 867 1970 necin
887 1921 946 1970 eor
962 1900 1113 1971 bominis
1129 1901 1293 1980 ascendit,
1321 1923 1416 1988 quae

142 1991 358 2080 praeparavit
388 1994 476 2060 Deus
503 1989 730 2081 diligentibus
754 2012 801 2061 se.
829 1989 908 2060 ldeo
937 1991 1001 2059 ista
1027 1990 1158 2082 jugiter
1186 1991 1413 2070 meditando,

142 2090 270 2164 quanto
291 2077 369 2169 plus
387 2078 595 2170 proficiebat,
615 2090 709 2150 tanto
732 2078 812 2168 plus
833 2078 1100 2149 humiliabatur:
1127 2090 1164 2149 ut
1186 2079 1417 2174 quantoplus

143 2167 346 2240 humiliatus
360 2181 460 2252 esset,
480 2179 572 2239 tanto
587 2167 739 2258 amplius
757 2167 946 2258 proliceret.
973 2168 1077 2270 Cujus
1091 2181 1221 2257 quanta
1236 2167 1299 2240 fuit
1317 2190 1416 2238 moe-

142 2257 245 2338 stitia,
265 2269 358 2328 tanta
374 2258 438 2328 fuit
453 2269 486 2328 et
502 2258 600 2328 venia
616 2279 624 2338 ;
642 2269 675 2326 et
686 2269 853 2345 quantum
872 2279 908 2327 se
929 2257 1106 2328 humiliter
1124 2257 1255 2338 afflixit,
1275 2271 1413 2328 tantum

143 2344 328 2416 clementer
346 2369 364 2416 a
383 2348 526 2418 Domino
551 2347 674 2416 meruit
690 2345 883 2416 sublimari.
902 2350 928 2416 0
943 2345 1112 2436 profunda
1127 2346 1321 2437 benignitas
1338 2347 1411 2417 Deil

143 2435 193 2503 Fit
208 2435 354 2506 velocior
369 2435 479 2516 venia,
500 2456 604 2523 quam
621 2434 780 2524 culpa.0
804 2433 884 2504 felix
910 2436 1128 2526 poenitentia,
1146 2458 1234 2524 quae
1260 2451 1325 2506 tam
1355 2458 1414 2505 ve-

142 2522 260 2594 lociter
275 2523 318 2594 ad
336 2546 372 2594 se
391 2524 514 2595 Christi
530 2525 629 2594 traxit
653 2522 936 2604 misericordiam,
960 2545 1117 2612 quaeque
1137 2547 1205 2594 non
1235 2525 1331 2615 prius
1356 2547 1413 2595 as-

141 2612 242 2683 siduo
258 2615 341 2684 lletu
364 2612 565 2684 delictorum
585 2613 744 2683 flammas
759 2613 1002 2704 extinguendo,
1023 2614 1261 2701 frequentique
1272 2614 1413 2704 jejunio

142 2715 356 2791 peccatorum
375 2703 470 2772 virus
485 2700 700 2778 excludendo
722 2701 861 2784 destitit,
879 2702 1285 2789 quammisericordiam,
1328 2725 1412 2772 uam

141 2793 300 2878 poscebat
316 2793 503 2874 abomino,
530 2791 727 2881 impetraret
742 2795 748 2860 l
779 2795 822 2861 [te
837 2792 965 2862 talibus
980 2793 1110 2882 quippe
1127 2814 1187 2883 par
1203 2725 1410 2862 Malaclriam

141 2881 341 2971 prophetam
360 2881 526 2951 Dominus
550 2878 653 2950 dicit:
679 2881 766 2950 Dedi
787 2882 819 2950 ei
841 2882 994 2950 timorem
1011 2903 1135 2962 meam,
1154 2892 1185 2950 at
1210 2883 1323 2950 timuit
1340 2905 1407 2960 me,

139 2979 170 3037 et
193 2992 215 3039 o
237 2971 325 3062 facie
347 2972 490 3041 nomime
513 2970 581 3038 mci
592 2971 735 3061 pavebat
757 2969 894 3059 (Malae.
913 2969 964 3058 ιι).

182 3062 264 3145 §Q
292 3060 442 3148 lienique
474 3058 624 3146 quodam
661 3070 813 3147 tempore
847 3057 1069 3150 interpellans
1097 3059 1304 3140 Dominum,
1342 3059 1411 3128 fide

140 3147 240 3238 pleno
265 3161 400 3238 pectore
422 3147 588 3239 exigebat,
616 3159 654 3218 ut
677 3149 718 3228 si,
741 3160 880 3238 accepta
897 3152 963 3219 Deo
984 3148 1191 3236 poenitentia
1211 3149 1285 3238 ejus
1302 3161 1406 3226 esset,

137 3259 277 3326 quoquo
294 3237 395 3308 modo
415 3237 617 3329 dignaretur
629 3237 661 3306 ei
681 3237 763 3307 dare
784 3237 952 3307 notitiam.
980 3237 1132 3308 ilabebat
1153 3238 1266 3327 itaque
1286 3237 1320 3306 in
1346 3260 1411 3307 eu·

138 3325 265 3408 biania,
285 3328 343 3398 ubi
362 3325 501 3399 assidue
524 3326 678 3397 cubitare
698 3324 820 3396 solitus
843 3338 926 3406 erat,
949 3325 1136 3398 multorum
1154 3327 1298 3417 pignora
1322 3331 1409 3396 San-

136 3427 270 3487 ctorum
298 3415 332 3484 in
366 3415 539 3574 supremis
568 3414 808 3506 dependentia,
836 3415 902 3486 sub
922 3435 1070 3505 quorum
1104 3437 1201 3486 sacro
1225 3415 1407 3492 velamine,

138 3505 301 3576 reclinato
317 3505 353 3574 in
377 3505 408 3574 ci
425 3505 490 3575 icio
509 3505 631 3595 capite,
658 3525 756 3574 orare
770 3517 995 3575 consueverat
1015 3516 1123 3576 nocte.
1143 3509 1215 3587 Quo
1241 3504 1407 3574 nimirum

136 3594 172 3663 in
189 3594 263 3666 loco
278 3615 359 3665 cum
378 3617 418 3664 ex
436 3615 529 3664 more
548 3592 699 3682 quadam
718 3604 815 3664 nocte
839 3593 873 3663 in
891 3595 1045 3663 oratione
1063 3606 1276 3685 prostratus,
1302 3615 1410 3685 super

135 3683 290 3756 cilicium
315 3681 549 3764 incumberet,
577 3704 698 3754 somno
722 3683 905 3773 ingruente
932 3704 1142 3773 oppressus,
1166 3682 1270 3752 veluti
1296 3695 1407 3754 trans-

134 3771 248 3844 eundo
273 3773 308 3842 in
328 3784 499 3843 momento
515 3770 734 3852 obdormivit,
754 3772 934 3858 visumque
957 3785 1008 3841 est
1031 3772 1062 3840 ei
1082 3772 1254 3843 adstitisse
1269 3785 1408 3861 repente

132 3861 345 3949 quamdam,
372 3872 473 3949 atque
498 3862 648 3932 dixisse:
675 3883 694 3928 ι(
711 3865 818 3941 Ecce,
845 3861 955 3952 Eligi,
982 3859 1161 3931 exauditae
1188 3873 1269 3930 sunt
1289 3864 1408 3950 pr'eces

134 3963 235 4029 tuae,
263 3949 459 4038 indiciaque
482 3951 565 4021 olim
590 3949 746 4040 quaesita
777 3971 869 4020 nunc
902 3949 963 4020 tibi
996 3970 1216 4022 concessa.»
1245 3955 1318 4019 llox
1350 3951 1408 4020 ille

131 4039 309 4120 excitatus,
335 4038 474 4110 odorem
500 4039 616 4110 batisit
639 4038 889 4131 gratissimum.
910 4039 1023 4110 Sensit
1038 4041 1139 4110 etiam
1157 4061 1197 4110 ex
1216 4038 1338 4130 gerulo
1354 4061 1407 4109 re-

133 4127 320 4216 liquiarum
334 4141 449 4219 guttas
459 4129 685 4200 suavissimas
696 4149 801 4219 super
816 4151 918 4200 suum
934 4128 1111 4200 lenissime
1124 4129 1276 4199 defluere
1287 4142 1404 4218 caput.

132 4221 179 4289 Er
194 4239 263 4306 quo
280 4217 384 4288 nimis
404 4219 581 4297 attonitus,
599 4219 746 4288 surrexit
762 4216 931 4300 velociter,
956 4229 988 4288 et
1011 4217 1156 4288 sollicite
1176 4217 1403 4308 conspiciens,

132 4306 217 4378 vidit
235 4307 335 4395 quasi
360 4305 556 4377 balsamum
571 4306 741 4378 distillare
758 4307 801 4378 da
817 4307 1035 4386 chrismario,
1055 4306 1228 4407 etpallio,
1248 4329 1317 4394 quo
1336 4321 1408 4377 erat

135 4408 283 4466 partus.
309 4401 416 4466 Tanta
440 4396 569 4487 quippe
600 4395 788 4486 fragrantia
815 4396 931 4466 odoris
955 4397 1156 4470 suavissimi
1185 4408 1292 4467 totum
1320 4396 1403 4467 illud
