2960 4824
243 274 308 342 282
640 291 679 338 on
702 291 730 339 s.
757 289 891 338 ntnrxns
915 291 1040 338 srruxrc
1315 271 1389 337 ont.
1408 273 1434 334 tt

245 379 366 465 §affl
392 379 476 446 Cum
502 374 556 446 his
581 386 615 444 ct
638 374 716 446 aliis
737 374 897 464 pluribus
921 375 1108 466 Episcopus
1132 376 1228 465 prius
1254 373 1438 444 instruxisset

200 464 410 546 Patriarcha,
426 476 462 534 et
477 463 619 534 omniuo
635 464 853 542 exercuisset,
876 475 915 534 ut
933 465 1112 552 aptissime
1127 465 1169 532 ad
1189 463 1376 534 monendam
1392 462 1439 529 mi·

200 553 436 635 sericordiam,
450 564 483 622 et
501 552 649 623 maxime
670 553 910 624 miserabiliter
928 553 971 621 ad
995 553 1250 643 proponendam
1271 551 1439 622 accederem
1474 565 1475 612 t

202 643 399 735 petitionem
416 665 424 722 ;
447 641 517 710 illis
534 654 647 711 autem
662 641 828 731 imperata
841 641 1059 723 facientibus,
1074 655 1108 711 et
1119 642 1252 711 interne
1271 640 1438 731 supplicum

200 734 270 802 ritu
289 753 368 800 curn
386 730 550 820 lacrymis
573 730 817 810 clamantibus,
845 730 995 819 primum
1014 731 1153 818 quidem
1169 753 1210 799 ea
1227 727 1437 818 quaeliebaut,

200 841 302 909 aegre
329 819 458 890 ferebat
484 823 650 899 Sanctus,
673 819 915 911 clangebatur
937 820 1066 889 animo.
1094 820 1222 889 Deinde
1239 839 1317 888 cum
1340 817 1440 884 rideret

202 909 315 999 magis
331 921 596 997 perseverantes,
613 921 646 978 et
662 907 897 978 vehementius
921 922 1111 998 precautes,
1137 921 1265 978 etcum
1283 903 1441 976 miserabili
1474 945 1475 948 =

158 1037 163 1054 ·
200 996 353 1068 clamore
378 997 509 1066 calidas
533 996 705 1086 lacrymas
728 998 938 1077 emittentes,
966 997 1139 1067 nesciebat
1166 991 1251 1084 qu'id
1275 1007 1380 1085 ageret
1399 992 1441 1060 illa

202 1087 398 1156 misericors
413 1087 542 1166 anima,
558 1086 600 1155 ad
614 1099 778 1173 utrasque
793 1086 956 1156 distracta
967 1085 1202 1176 cogitationes.
1220 1083 1359 1169 Quando
1370 1082 1440 1150 enin
1474 1121 1475 1148 t

201 1175 244 1244 ad
263 1173 470 1256 Sacerdotes,
487 1173 575 1244 etad
595 1175 817 1244 Sacerdotum
836 1175 1034 1244 intuebatur
1052 1175 1234 1264 lacrymas,
1257 1174 1438 1243 morabatur:
1465 1171 1475 1253 {1

200 1263 341 1351 quando
354 1276 466 1333 autem
484 1263 526 1332 ad
540 1263 752 1344 columnam,
774 1276 806 1334 et
820 1285 878 1334 eos
893 1263 951 1350 qui
970 1277 1051 1334 sunt
1066 1264 1101 1332 in
1116 1285 1154 1332 ea
1169 1262 1314 1342 labores,
1331 1265 1441 1344 stopa·
1467 1256 1475 1332 l

201 1352 408 1422 bilissimam
429 1351 591 1438 quietem,
613 1365 686 1422 erat
708 1351 918 1423 inllexibilis.
937 1351 1089 1442 sicergo
1105 1352 1193 1422 inter
1213 1373 1250 1422 se
1264 1347 1441 1420 contendere

202 1440 294 1511 tibus
307 1439 585 1530 cogitationibus,
609 1454 640 1511 et
657 1441 691 1509 in
706 1441 910 1529 aequilibrio
922 1440 1178 1528 quodammodo
1193 1440 1324 1530 positis,
1337 1435 1443 1524 quaerit
1474 1463 1475 1506 1

203 1542 415 1600 momentum
435 1530 578 1618 superni
590 1529 738 1618 judicii:
765 1544 799 1600 et
813 1552 852 1599 eo
869 1543 979 1599 stante
996 1529 1038 1599 ad
1058 1531 1262 1610 orationem,
1282 1550 1342 1597 vox
1356 1525 1442 1595 stetin

201 1618 330 1688 ecoelo
350 1618 469 1700 extitit,
489 1639 579 1705 quae
598 1619 697 1708 jubet
719 1619 762 1700 ei,
782 1632 821 1688 ut
838 1631 872 1688 et
885 1615 1081 1698 descendat,
1097 1631 1132 1688 et
1148 1640 1271 1688 rursus
1289 1624 1442 1686 revertatur

202 1707 245 1777 ad
264 1706 481 1784 columnam.
502 1708 556 1775 Sic
580 1729 660 1777 eum
678 1729 756 1775 curu
782 1707 911 1798 gaudio
934 1707 1142 1796 excipientes
1165 1706 1336 1796 Episcopi,
1361 1700 1475 1775 dedu·

201 1807 325 1865 xerunt
348 1794 391 1865 ad
409 1795 629 1870 Pontificem:
654 1795 716 1882 qui
740 1795 808 1864 dici
830 1817 897 1865 non
925 1807 1044 1884 potest,
1070 1799 1200 1882 quanta
1228 1815 1348 1865 rursus
1367 1788 1442 1859 luerit
1460 1829 1467 1919 Ι

203 1883 328 1974 plenus
356 1883 506 1965 laetitia,
538 1898 571 1954 et
599 1897 727 1971 quanto
755 1905 834 1954 eum
860 1884 989 1954 honore
1016 1885 1196 1985 exceperit.
1222 1890 1328 1971 Atque
1356 1879 1442 1949 stetin
1463 1913 1475 1961 :t

202 1973 342 2060 quidem
363 1973 488 2042 Christi
510 1972 618 2043 miles·
632 1974 731 2043 vertit
753 1973 1016 2053 adversarium,
1046 1987 1109 2042 etsi
1136 1974 1166 2043 ei
1190 1973 1228 2041 in
1252 1981 1442 2060 conspectum
1458 1964 1468 2067 j

203 2084 270 2132 non
290 2061 441 2132 venerit:
466 2060 580 2131 verbis
601 2073 713 2131 autern
739 2061 863 2142 solum,
891 2075 1066 2148 tamquam
1096 2062 1236 2131 eminus
1263 2060 1391 2130 emissis
1406 2055 1442 2140 ja·

203 2151 305 2233 culis,
327 2171 413 2220 usus
437 2150 492 2232 sit,
514 2151 604 2219 sicut
627 2151 728 2220 etiam
747 2173 808 2239 per
822 2173 910 2232 eam,
930 2173 1034 2236 quarn
1052 2151 1149 2239 prius
1172 2151 1322 2230 miserat,
1347 2146 1441 2237 episto
1462 2164 1475 2200 κ

206 2239 288 2321 lam,
319 2261 444 2308 novum
469 2237 650 2328 appellans
681 2239 951 2310 Diocletianum:
977 2251 1009 2308 et
1027 2260 1107 2307 cum
1140 2259 1200 2338 par
1224 2254 1367 2326 utraque
1386 2249 1441 2302 eunt
1474 2273 1475 2315 ;

205 2327 392 2407 terruisset,
420 2349 543 2418 nempe
565 2339 597 2398 et
623 2329 811 2417 praesentis
838 2327 958 2408 seculi,
985 2339 1018 2397 et
1042 2327 1151 2396 luturr
1171 2327 1354 2418 supplicia,
1380 2335 1442 2418 tarn
1474 2363 1475 2406 ,

202 2437 306 2504 quam
326 2415 523 2504 improbum
543 2417 769 2505 mancipium,
788 2417 959 2505 persuasit
975 2429 1013 2486 ut
1028 2415 1172 2506 lugeret.
1192 2417 1360 2486 llinarum
1375 2426 1441 2480 enm
1474 2463 1475 2466 ,

206 2507 327 2574 umore
342 2503 485 2604 allectus
509 2525 590 2574 cum
608 2505 860 2594 respondisset:
888 2510 1016 2586 «Ecce,
1039 2505 1100 2575 tibi
1118 2507 1271 2576 concedo
1289 2505 1441 2594 civitaten,
1474 2553 1475 2582 1

201 2606 235 2664 et
250 2615 371 2664 omnes
400 2615 461 2695 qur
485 2607 566 2694 ⁸¹¹.¹¹l
594 2594 628 2694 in
650 2613 701 2674 ear,
733 2595 806 2684 ipse
830 2605 1006 2684 praetextu
1030 2593 1284 2664 exercitationis
1307 2593 1441 2684 processit
1474 2661 1475 2668 χ

203 2695 296 2752 extra
314 2695 479 2752 terminos
495 2695 652 2752 civitatis.
673 2706 691 2749 a

247 2773 266 2858 ξ
289 2775 363 2844 Μ.
391 2771 454 2842 Sed
473 2791 515 2840 ne
531 2770 581 2840 sio
601 2771 741 2858 quidem
759 2793 839 2841 eum
859 2770 992 2840 dimisit
1008 2771 1060 2841 vir
1079 2769 1313 2852 fortissimus3
1339 2767 1389 2839 sed
1409 2761 1444 2830 lt·
1474 2805 1475 2847 3

203 2858 366 2948 gientem,
395 2871 570 2947 tamquam
595 2859 656 2946 qui
679 2859 840 2948 clypeum
866 2860 1070 2941 ab'ecisset,
1094 2861 1360 2950 persequebatur
1380 2849 1445 2923 mrh·
1455 2852 1467 2989 ἡ

204 2961 285 3048 tem,
311 2959 344 3016 et
365 2948 592 3048 contendebat
615 2969 695 3047 cum
719 2881 989 3039 apprehendere,
1016 2961 1055 3018 ut
1078 2961 1249 3040 argueret,
1276 2959 1308 3018 et
1329 2964 1399 3016 cum
1417 2955 1444 3005 et

204 3057 257 3104 sin
312 3033 375 3104 larx
392 3049 536 3108 certaret
555 3049 754 3107 certamine.
784 3037 954 3127 loit'ergo
982 3037 1084 3118 riam,
1113 3059 1202 3124 quae
1230 3037 1314 3107 illuc
1332 3030 1444 3103 larebat·
1465 3055 1475 3118 ‘3

206 3125 243 3194 ti
270 3135 417 3194 cautem
446 3125 532 3194 mihi
555 3125 667 3196 zelum
687 3125 845 3196 athletae.
873 3131 956 3196 llam
976 3147 1058 3196 cum
1084 3126 1116 3195 ci
1138 3125 1241 3216 pedes
1266 3121 1446 3195 laborassent
1461 3145 1475 3204 χ

203 3213 466 3295 exercitatione,
491 3225 525 3284 et
555 3235 622 3284 nou
652 3226 790 3303 possent
814 3215 848 3284 io
894 3215 973 3297 edi,
998 3214 1216 3286 commodato
1240 3213 1362 3304 accipit
1381 3206 1465 3333 alios}

204 3302 321 3392 pedes,
339 3314 372 3372 et
386 3302 578 3374 ducebatur
594 3315 749 3393 portatus
772 3303 816 3374 ab
839 3325 858 3372 e
876 3304 931 3374 iis.
954 3304 1092 3374 Fuitne
1108 3305 1275 3392 remeius
1292 3305 1352 3372 iter
1368 3299 1465 3382 inane

204 3403 238 3463 et
250 3391 380 3478 absque
397 3392 597 3462 miraculis?
610 3397 846 3480 Nequaquam:
860 3405 893 3462 et
906 3391 1145 3463 lubentissime
1161 3392 1301 3480 quidem
1315 3385 1445 3460 omniurn
1473 3431 1475 3474 3

205 3481 467 3552 meminissem:
494 3481 551 3550 sed
577 3503 656 3552 cum
677 3482 738 3551 tria
761 3481 975 3571 prohibeant,
1003 3502 1126 3571 nempe
1142 3493 1176 3552 et
1225 3481 1369 3551 rolixitas
1389 3488 1446 3566 nar·
1474 3489 1475 3556 ,

204 3569 360 3651 rationis,
383 3567 521 3639 dicendi
546 3569 720 3671 facultatis
736 3569 968 3650 imbecillitas,
985 3582 1018 3639 et
1036 3587 1092 3651 ne,
1114 3571 1144 3640 si
1161 3503 1263 3640 vellm
1282 3563 1387 3638 omnia
1408 3556 1445 3624 dt·

204 3681 292 3738 oere,
314 3679 394 3730 curn
415 3679 474 3728 ros
489 3670 710 3739 exsatiarero,
727 3659 802 3729 sitis
818 3659 1031 3730 socordiores
1055 3659 1090 3729 in
1107 3659 1163 3740 iis,
1180 3679 1269 3746 quae
1283 3665 1360 3728 sunt
1373 3663 1445 3740 pret·
1474 3699 1475 3737 2

202 3746 330 3836 cipua,
360 3746 481 3818 multis
505 3748 782 3837 praetenuissis,
811 3767 1002 3837 paucorum
1029 3748 1231 3818 meminero.
1256 3733 1445 3836 Quidamlr
1474 3793 1475 3796 ,

203 3856 330 3923 prosus
354 3834 397 3904 ad
420 3857 501 3908 cum
529 3837 563 3906 in
589 3836 643 3906 via
659 3835 837 3917 accedens,
864 3836 979 3906 emisit
1001 3857 1132 3918 vocem,
1153 3858 1256 3923 quam
1272 3833 1443 3912 elimetrarq

204 3922 248 3994 ad
272 3923 459 4006 Christum,
486 3925 553 3996 nisi
576 3925 668 4014 quod
686 3924 745 3995 ille
759 3925 899 4012 quidem
919 3921 1043 4006 hlium,
1063 3925 1120 3994 hic
1135 3937 1250 3995 autam
1265 3937 1389 3993 serrum
1403 3915 1445 3978 Det
1474 4001 1475 4004 Ἴ

205 4011 359 4092 vocabat,
377 4023 411 4081 et
428 4015 579 4105 rogabat,
597 4027 635 4084 ut
657 4015 702 4084 ab
723 4035 762 4084 eo
786 4013 1028 4100 assequeretur
1049 4015 1275 4084 curationem.
1292 4008 1350 4080 llle
1364 4013 1442 4070 reru:

205 4101 327 4185 «Quid
353 4101 414 4170 tibi
439 4104 501 4186 ris,
524 4103 658 4190 inquit,
688 4102 780 4191 quod
800 4124 839 4172 eo
863 4102 980 4173 relicto
1007 4103 1068 4190 qui
1098 4103 1182 4172 haec
1209 4111 1314 4192 potest
1334 4103 1442 4193 curare,

204 4190 378 4261 accessisti
403 4189 446 4259 ad
467 4190 656 4274 hominem,
682 4193 743 4278 qui
761 4204 813 4262 est
831 4190 1007 4262 similibus
1030 4188 1199 4262 obnoxius
1222 4179 1441 4280 sueconicus,
1474 4229 1475 4268 3

204 4299 244 4350 ea
260 4278 452 4367 postulans,
468 4301 556 4366 quae
569 4281 649 4368 ejus
665 4282 754 4350 vires
766 4281 952 4370 superant?
968 4281 1266 4350 verumenimvero
1286 4277 1314 4345 si
1330 4264 1443 4359 quidem

204 4365 329 4446 credis,
360 4388 428 4435 non
453 4367 551 4437 illum
581 4368 706 4452 solum,
734 4368 920 4440 sedetiam
952 4368 1031 4458 ejus
1065 4369 1241 4440 ministros
1262 4381 1355 4456 poste
1376 4355 1442 4423 11⁸⁰ss
1474 4427 1475 4434 ,
