2920 4810
10 267 70 332 titt.
93 267 110 331 6
363 249 629 334 uharrnotoutu'rr
657 286 872 333 runnsrnaruu
1139 267 1221 334 bct*

32 367 337 444 hanelarnntpassum
348 368 378 428 in
390 367 602 446 persecutione
630 374 714 428 extra
739 365 891 430 inondum
919 367 999 438 tait,
1023 373 1054 429 et
1081 368 1137 430 sub
1158 369 1266 434 habitu

10 447 148 508 liutetiani
170 445 227 508 snb
247 445 379 508 Deciano
399 447 551 523 Praeside,
575 454 604 508 et
630 445 741 507 saeculi
766 448 859 522 gessit
881 445 1012 508 militem
1034 445 1154 510 Christi.
1184 448 1268 514 lnter

10 541 51 586 on
69 542 101 586 eo
120 531 246 602 quatuor
266 525 446 598 sacerdotes,
470 533 505 589 ut
524 528 602 588 scri·
631 525 706 587 haec
726 526 866 604 stupebat
888 527 920 589 in
936 528 1005 588 sinu
1032 543 1087 589 suo
1108 527 1268 594 Britannia

10 612 56 666 rmt
70 605 295 675 Laurentiusde
310 604 605 668 PadillaetVasecus
632 607 731 666 civem
752 621 841 666 sunm
862 607 1113 683 peregrinarum
1135 610 1214 670 intra
1235 611 1270 672 fi-

10 695 43 746 rc.
62 685 189 747 hlolauus
210 693 313 747 antero
337 687 369 746 in
392 685 543 747 Additioc.
567 686 602 748 ad
634 701 688 746 nes
710 685 845 762 proprios
867 687 954 746 noris
983 688 1120 762 qnotidie
1153 689 1270 752 actibus

10 763 169 835 ,isuardum
194 766 268 827 haec
297 765 409 828 habet:
432 766 534 828 ‹rurt
557 767 606 827 hic
632 764 758 826 exulare
780 774 809 825 ct
830 765 953 826 morari.
971 765 1078 844 Atqui
1096 769 1270 846 mantalam
1339 785 1342 792 ’

10 861 62 904 raus
79 845 267 923 septuaginta
288 839 505 922 Episcopornm
523 892 532 917 ,
553 847 604 922 qui
634 846 760 923 epatria
790 844 948 916 exulirat,
971 853 1004 907 ut
1026 847 1119 908 ctiam
1142 863 1269 927 corpore

10 939 64 998 eges
82 923 216 986 Gothicas
238 925 270 985 in
292 924 434 1003 Hispania
460 925 606 988 condide-
634 931 712 986 esset
732 923 813 993 exul,
836 939 896 984 non
912 941 1005 1000 aegre
1028 942 1151 1003 operam
1172 929 1269 990 dabat

13 1011 71 1078 ont;
98 1005 144 1066 hic
168 1021 184 1068 a
212 1003 350 1066 barbaris
374 1003 525 1080 Gothicis,
553 1005 606 1084 qui
635 1003 739 1083 ltaque
761 1011 796 1064 ut
815 1002 891 1066 alter
912 1004 1092 1080 Abraham,
1121 1007 1204 1072 erite
1234 1009 1271 1071 de

10 1081 159 1146 htaloniam
181 1083 372 1158 incolebant,
398 1083 481 1146 claro
510 1088 607 1164 capite
636 1090 716 1145 terra
739 1083 821 1144 etde
842 1087 1026 1161 cognatione
1052 1101 1116 1161 sna,
1139 1089 1269 1150 meditu-

10 1163 134 1236 onlasso,
156 1166 303 1242 martyrio
334 1171 496 1226 coronatur
526 1179 608 1228 anno
637 1165 719 1224 tione
740 1161 879 1224 versabat
899 1165 1028 1228 assidua.
1052 1163 1145 1227 Porro
1166 1183 1270 1230 succe·

10 1239 90 1302 luisti
108 1241 199 1306 lidda
228 1242 430 1306 Undeautern
445 1245 606 1322 acceperit,
636 1243 780 1306 dentibus
801 1242 837 1304 ad
859 1243 1014 1320 integrum
1046 1246 1142 1319 rotis,
1174 1248 1272 1309 consi-

10 1321 112 1384 rondum
133 1325 322 1398 invenimus,
348 1339 405 1385 nec
419 1323 530 1385 alicubi
545 1325 610 1402 eins
637 1323 713 1385 lium
734 1321 856 1383 invenit
869 1323 980 1386 readiu
1002 1335 1105 1386 mente
1126 1331 1269 1405 concepta
1378 1387 1383 1398 ,

10 1405 111 1464 reminis
137 1401 317 1482 Episcopum
353 1402 609 1466 barcinonensem
637 1402 803 1480 coagitata.
827 1401 939 1464 Habuit
960 1403 1088 1482 proinde
1103 1406 1135 1466 in
1150 1422 1272 1467 consor·

11 1480 109 1554 egimus
123 1483 152 1544 in
167 1481 324 1556 Conciliis,
340 1499 417 1562 quac
431 1482 609 1562 frequenter
641 1481 1274 1562 tiumsuscipiendaeperegrinationiscon-

14 1560 49 1618 llis
69 1563 247 1641 tenporibus
268 1571 370 1626 coacta
398 1569 472 1624 sunt
501 1563 532 1623 in
560 1563 610 1625 hi:
636 1564 751 1638 juratos
767 1563 798 1622 in
814 1558 923 1622 Christi
938 1572 1125 1627 sacramenta
1139 1573 1274 1644 tyrones,

10 1639 107 1716 spania,
128 1643 297 1704 necetiam
323 1641 402 1720 apud
428 1641 459 1705 S.
484 1640 611 1704 lldelon·
640 1643 853 1716 Quadanocum
885 1641 1051 1716 videlicet,
1082 1642 1274 1721 lgenocum,

10 1734 65 1791 turm,
84 1723 130 1799 qai
152 1724 291 1784 virorum
314 1723 481 1784 illustrium
503 1737 611 1785 eorum
640 1729 729 1801 atque
744 1721 913 1792 dalocum,
936 1737 1049 1798 genere
1069 1723 1192 1801 quidem
1208 1739 1273 1801 spe·
1370 1739 1376 1751 ·

12 1813 148 1874 stuporum
166 1804 279 1864 seriem
298 1802 410 1864 texuit.
427 1799 560 1863 -Haec
580 1819 612 1864 o·
641 1800 785 1875 nabiles,
808 1808 839 1862 et
860 1801 925 1861 rita
953 1800 1132 1882 probabiles.
1156 1803 1192 1864 Hi
1215 1806 1276 1866 nni

10 1879 69 1939 noia
88 1899 102 1945 e
122 1882 251 1946 baronio
276 1882 306 1942 io
329 1881 414 1944 Notis
428 1883 464 1945 ad
487 1881 611 1960 hlartpr.
642 1897 712 1942 cnm
733 1880 820 1944 beato
841 1880 967 1943 Winoco
983 1898 1088 1944 rerum
1110 1898 1276 1946 suarumo·

10 1955 75 2017 llum
644 1976 716 2023 nore
738 1958 884 2038 expediti,
908 1961 1080 2038 patriosolo
1102 1968 1276 2040 parentum·

643 2056 705 2121 quo
719 2041 826 2119 opibus
839 2041 936 2111 eruli,
947 2041 982 2102 ad
998 2043 1180 2104 currendum
1193 2045 1275 2105 viam

183 2119 213 2182 S.
238 2119 410 2188 articus.
644 2121 855 2182 mendatorum
879 2119 933 2181 Dei
950 2121 1083 2199 passibus
1105 2121 1173 2184 lidei
1189 2121 1278 2184 duce·

155 2228 285 2290 Μαί,
310 2228 425 2290 incerto
646 2202 781 2271 bantur,
810 2199 884 2260 illud
916 2202 1120 2280 apostolicum
1150 2215 1277 2278 operum

429 2276 435 2290 '
644 2294 768 2343 suorum
790 2280 916 2340 vocibus
936 2281 1114 2344 clamantes:
1138 2279 1206 2343 Non
1227 2280 1280 2344 lra-

43 2353 198 2426 llanrrnor..
224 2395 265 2408 -
294 2359 327 2422 ln
355 2359 488 2438 Phrygia
520 2359 615 2420 sancti
645 2359 748 2424 bemus
769 2357 820 2420 hio
843 2365 1015 2422 muneratori
1042 2359 1206 2428 ciuitatem,
1231 2359 1280 2422 ssd

11 2431 105 2498 lrrrcr.
645 2441 792 2582 (ntorum
812 2437 998 2516 inquirimus
1020 2437 1184 2518 (AdHebr.
1200 2443 1278 2514 xrrr).

12 2589 16 2598 ι
40 2511 73 2574 lle
90 2533 132 2593 eo,
152 2529 272 2598 praeter
294 2535 419 2592 nomen,
444 2515 521 2580 nihil
535 2517 616 2581 alind
660 2523 746 2599 gitur
769 2526 833 2596 post
855 2517 944 2598 longa
964 2523 1084 2581 viarum
1105 2517 1208 2597 'spatia
1229 2535 1280 2580 re·

10 2601 107 2656 rorent.
647 2602 732 2678 gioni
748 2599 869 2660 tandem
884 2599 1027 2678 appulere
1041 2597 1280 2672 Morinorum*‘,

45 2735 48 2742 .
649 2680 701 2742 ubi
722 2679 799 2741 larua
823 2675 967 2754 vulgante
988 2684 1162 2740 sanctornm
1185 2679 1282 2740 homi·

125 2755 153 2818 S.
174 2757 350 2821 WlNOCUS
372 2757 484 2822 Annas.
649 2773 721 2821 num
732 2765 804 2819 tunc
815 2755 924 2820 llorere
936 2756 1117 2836 religionem
1129 2773 1281 2838 compare·

167 2865 245 2930 llil
260 2882 343 2928 “rr
364 2865 433 2928 ⁷¹⁶·
648 2837 1283 2981 tlt‘uirilitatistaillllttll

23 2991 199 3077 ¹llararrnea.
216 3033 254 3046 --
272 3000 358 3078 hpud
380 2999 491 3078 Bergas
503 2999 619 3078 doposi·
652 2999 732 3059 tinus
747 2998 779 3058 in
794 3005 975 3059 ornamento
991 2933 1138 3061 dgcclesiae
1154 2997 1207 3059 llei
1219 3003 1285 3059 erat

11 3075 43 3158 lto
59 3079 145 3138 sancti
160 3079 280 3142 Wruocr
302 3079 437 3153 Abbatis,
453 3079 506 3158 qni
523 3082 621 3139 virtu·
650 3079 722 3154 lapis
743 3076 899 3154 pretiosus,
922 3081 954 3138 in
976 3075 1079 3138 Sithin
1100 3077 1286 3140 monasterio

13 3147 76 3211 tibus
101 3163 129 3228 et
157 3159 315 3222 miraculis
346 3161 445 3221 clarus
475 3159 621 3222 tratribus
650 3155 763 3219 merito
777 3163 808 3218 et
822 3157 921 3218 officio
936 3155 1031 3219 Abba.
1047 3154 1103 3218 Hic
1116 3157 1287 3220 sanctitatis

13 3231 146 3316 et'iamsibi
156 3239 285 3301 subditis
306 3237 405 3300 multo
419 3247 553 3317 tempore
566 3237 622 3300 mi·
650 3253 722 3299 suae
742 3245 876 3300 aromata
898 3235 990 3314 longe
1010 3235 1132 3316 lateque
1152 3237 1287 3316 spirare·

16 3317 144 3378 narrarit.
651 3323 708 3390 rat,
731 3319 805 3377 etin
821 3317 964 3378 militiam
988 3315 1099 3378 Christi
1115 3335 1169 3379 suo
1182 3331 1287 3379 exem·

45 3387 105 3466 Ejus
124 3391 211 3472 A'cta,
232 3396 401 3477 fidelissime
423 3399 556 3475 scripto,
588 3407 624 3458 nt
653 3397 700 3477 plo
712 3397 879 3472 permultos
901 3397 1045 3460 inritdrat
1065 3403 1156 3475 atquo
1172 3402 1289 3476 pertra-

16 3462 138 3534 hrronins
159 3476 623 3555 testatur,habetSurins,quac
654 3483 751 3538 xerat:
781 3478 869 3556 cujus
897 3474 1062 3539 laudabilia.
1093 3484 1173 3554 gesta
1202 3478 1288 3538 nosse

18 3553 414 3640 lliyhrologomiraculiset
428 3557 624 3619 translatione
652 3557 705 3636 qui
731 3552 816 3628 velit,
837 3572 874 3618 cr
892 3555 1018 3629 libello,
1040 3572 1101 3637 quo
1122 3557 1186 3634 eius
1206 3559 1313 3620 actus'

18 3637 124 3706 onrssrs,
145 3634 194 3698 hlc
214 3637 391 3700 referimus.
654 3636 828 3714 plenissime
842 3636 1054 3709 continentur,
1075 3637 1232 3716 perspicue
1246 3637 1291 3698 di·

39 3705 626 3792 ,«BeatusWinocnsinBritannioe*li-
654 3730 738 3777 scero
760 3718 881 3792 poterit.
904 3716 993 3777 Tanti
1014 3730 1090 3792 ergo
1104 3715 1197 3796 patris
1211 3719 1290 3794 regi-

20 3783 92 3847 mbas
109 3806 142 3852 ex
156 3795 306 3859 nobilium
329 3798 467 3860 virorum
489 3799 625 3877 prosapia
656 3797 729 3858 mini
752 3795 810 3856 riri
835 3796 891 3870 illi,
917 3811 994 3874 quos
1013 3795 1156 3870 diximus,
1178 3795 1291 3859 devoto

22 3871 138 3954 ltstcndi
159 3876 282 3940 exordia
303 3879 446 3956 snrnpsit,
467 3877 519 3939 sed
542 3877 627 3938 uobi-
655 3891 686 3936 se
700 3877 844 3953 obsequio
855 3875 1068 3952 subdiderunt,
1081 3883 1112 3938 et
1126 3876 1291 3952 egregium

23 3935 99 4034 lttatrs
116 3951 236 4016 titulum
260 3955 415 4035 probitatis
447 3956 548 4018 indole
576 3973 623 4018 or·
656 3956 783 4016 omnino
803 3953 933 4027 duxere,
955 3955 991 4015 ad
1013 3955 1181 4016 doctrinam
1197 3958 1290 4016 sancti

25 4033 99 4106 reru.
120 4029 172 4102 Qui
194 4051 264 4096 cum
279 4036 405 4114 aprima
420 4043 517 4099 aetate
533 4051 628 4098 novus
656 4037 760 4095 altimo
771 4033 914 4112 pervigili
927 4035 1070 4111 pendere.
1093 4033 1205 4094 Eorum
1219 4050 1292 4098 roro

25 4107 162 4192 rrrtrrtibus
175 4117 256 4190 qnasi
271 4132 388 4193 semper
402 4116 564 4195 inciperet,
577 4115 626 4176 in·
656 4113 801 4176 laudabili
823 4114 978 4176 devotioni
1002 4112 1159 4189 gratulans
1188 4113 1293 4176 beatus

27 4179 126 4260 terrpsa
142 4196 238 4255 tumen
254 4196 418 4272 primordia
441 4211 629 4258 consumma·
657 4193 811 4267 Bertinus,
833 4193 889 4254 suh
911 4207 1015 4256 norrun
1030 4191 1068 4270 pii
1087 4193 1179 4268 patris
1189 4191 1293 4280 ‚nene-

26 4259 64 4389 105
80 4273 220 4342 appamit:
242 4282 272 4336 et
295 4279 326 4337 jn
351 4277 469 4339 mundo
492 4276 628 4354 posuus’
685 4321 711 4348 *¹1
725 4321 753 4361 In
767 4331 793 4361 eu
808 4317 899 4362 scilicet
916 4317 1018 4368 regione,
1034 4327 1093 4368 quae
1114 4319 1190 4360 artois·
1206 4332 1293 4364 nuncu·

69 4367 199 4418 Britanniam
208 4378 319 4424 Minorem
329 4381 442 4434 intellige.
658 4385 734 4432 pater.

94 4466 245 4552 Molprol.
267 4479 379 4544 illustr.
1163 4480 1218 4540 ssss*
