2946 4798
33 306 104 369 llEtJ.
131 305 170 369 27
372 323 410 368 on
434 323 461 369 s.
487 319 609 368 tonnus
632 321 683 366 av.
711 321 749 366 nr
772 319 924 366 araneae.
1176 301 1239 364 489

30 408 117 475 ditior
131 417 191 487 est,
211 407 271 493 qni
286 405 524 476 autumnalem
553 403 729 474 lructuum
761 403 990 473 maturitatem
1009 401 1119 492 carpit
1143 423 1198 484 eo,
1221 402 1282 488 qui

31 517 136 564 vernae
160 495 359 585 propaginis
384 493 524 564 arbusta
550 493 726 580 plantavit.
754 493 999 562 Convenienter
1025 491 1129 581 igitur
1153 489 1281 560 sactum

28 597 78 665 est,
98 595 132 653 ut
158 584 248 654 sicut
271 583 389 674 Moysi,
414 583 457 652 ita
477 595 510 652 et
532 581 674 651 loannis
694 581 828 671 glebam
847 582 1066 670 omnipotens
1095 585 1181 651 [leus
1204 579 1283 648 abs-

27 673 180 829 ppnderet,
199 687 232 742 et
252 674 286 740 in
304 672 441 742 duobus
469 671 688 740 mirabilibus
714 671 796 741 viris
820 693 929 739 unum
959 667 1167 738 miraculum
1189 667 1284 737 exbi-

49 775 121 831 eret.

64 853 158 936 §ss-
179 855 218 920 Et
239 849 442 927 notandum.
458 870 562 936 quarn
581 847 776 927 affectuose,
795 868 899 934 quam
920 847 985 937 pie,
1004 867 1110 932 quarn
1130 858 1281 936 paterne,

28 960 118 1025 {ruam
136 938 362 1019 amabillime,
390 938 554 1018 Salvator,
580 939 647 1014 Sic.
671 937 793 1025 inquit,
813 957 889 1006 eum
908 939 982 1006 uolo
1006 957 1155 1016 mouere,
1183 936 1285 1004 donec

29 1030 154 1096 aemam.
180 1029 344 1109 Veniam,
379 1027 513 1114 inquit,
540 1047 607 1095 non
636 1026 781 1096 mittam.
801 1031 871 1096 Non
892 1026 1024 1095 mittam
1046 1023 1203 1094 videlicet
1223 1023 1284 1092 ali-

29 1138 116 1202 quam
133 1138 320 1206 supernam
340 1115 512 1196 virtutem,
531 1137 598 1184 non
615 1115 809 1206 angelicam
837 1127 1049 1204 potestatem,
1071 1134 1161 1200 quae
1178 1113 1285 1199 hujus

32 1205 193 1276 ministerii
211 1207 300 1275 mibi
326 1204 490 1296 iungatur
508 1203 631 1284 ollicio,
658 1225 747 1290 quae
771 1203 984 1273 obedientiae
1011 1202 1115 1359 lippus
1140 1221 1284 1291 exequa·
1327 1259 1332 1272 .

34 1307 80 1361 tur
91 1293 254 1365 allectum.
281 1299 357 1384 lpse
375 1316 435 1384 per
450 1293 690 1381 memetipsum
711 1293 857 1372 veniam,
874 1293 947 1381 ipse
960 1313 1040 1381 egre
1068 1291 1192 1360 lentem
1210 1290 1285 1380 ejus

32 1383 161 1452 animam
195 1385 229 1452 in
258 1383 389 1483 gloriae
410 1404 505 1452 meae
535 1380 688 1451 claritate
705 1381 907 1472 suscipiam,
934 1402 1039 1468 quam
1064 1396 1096 1451 et
1121 1381 1155 1448 in
1181 1399 1285 1449 carne

31 1485 205 1542 manentem
234 1471 403 1542 divinitus
427 1471 658 1542 illustrabam.
680 1476 834 1553 Quantae
864 1469 970 1559 igitur
995 1469 1202 1538 reverentiae
1226 1468 1286 1537 ha-

30 1559 146 1631 bendus
159 1572 211 1632 est
227 1561 432 1632 bominibus
450 1560 572 1629 beatus
591 1559 654 1630 iste
670 1559 830 1638 loannes,
851 1579 954 1645 quem
973 1558 1046 1646 ipse
1063 1571 1183 1628 auctor
1200 1557 1285 1627 vitae

29 1647 189 1720 honoravit
208 1651 244 1719 in
266 1671 370 1720 earne
390 1650 570 1730 viventem,
589 1648 769 1718 honoravit
792 1660 825 1716 et
848 1646 890 1715 de
909 1646 1025 1716 seculo
1043 1646 1287 1716 recedentem?

30 1737 121 1832 limis
133 1739 222 1808 enim
240 1738 401 1808 honorati
417 1737 612 1808 suntamici
630 1738 677 1806 tui
698 1741 796 1807 Deus.
814 1736 998 1806 Honoravit
1015 1735 1187 1822 siquidem
1204 1757 1283 1804 euru

32 1847 57 1890 m
80 1827 150 1908 vita,
172 1828 258 1897 dum
284 1827 327 1896 de
351 1839 569 1896 sacrosancto
589 1839 722 1915 pectore
746 1848 809 1896 sno
826 1826 892 1895 sibi
914 1824 1170 1894 reclinatorium
1194 1823 1284 1892 lecit.

32 1916 193 1986 Honoravit
218 1938 343 1986 rursus
363 1917 396 1984 in
417 1927 535 1995 morte,
555 1937 634 1984 cum
656 1915 698 1984 ad
715 1914 972 2004 suscipiendam
996 1912 1128 1982 lelieem
1156 1913 1287 1981 meritis

32 2004 162 2074 animam
178 2005 411 2096 dignatusest
435 2004 607 2074 advenire.
627 2008 692 2073 llae
715 2004 841 2073 mirum
860 2004 887 2073 si
905 2001 1050 2072 diversis
1074 2023 1153 2070 euru
1181 2001 1287 2070 bono-

34 2090 111 2161 ribus
136 2093 339 2174 cumulavit,
373 2115 475 2181 quem
500 2105 532 2162 et
557 2094 591 2162 in
617 2094 828 2162 consortium
855 2093 993 2163 sibimet
1019 2089 1198 2180 adoptivae
1222 2088 1310 2166 lra,

36 2182 180 2252 territatis
204 2182 364 2253 adscivit.

72 2269 170 2353 ist.
198 2272 317 2341 Dictus
334 2281 385 2342 est
400 2269 501 2340 etiam
527 2269 631 2340 frater
648 2269 781 2339 Domini
808 2268 928 2338 beatus
946 2269 1118 2350 lacobus,
1145 2267 1204 2338 scd
1231 2267 1288 2336 ille

39 2353 175 2430 iraterer
194 2374 332 2440 natura,
361 2359 422 2430 iste
443 2359 546 2446 lrater
569 2381 609 2428 ex
628 2359 759 2458 gralia;
787 2357 843 2426 ille
863 2380 902 2427 ex
919 2359 1132 2447 cognatione,
1163 2359 1224 2428 iste
1248 2379 1288 2427 er

38 2448 197 2540 praecipua
214 2449 418 2528 dilectione;
446 2447 502 2516 ille
528 2469 586 2536 per
613 2447 739 2517 lineam
765 2460 938 2516 maternae
962 2447 1284 2602 consanguinitatis,

36 2547 84 2602 rste
98 2559 150 2625 per
168 2536 348 2608 vinculum
376 2550 535 2626 paternae
559 2536 748 2606 eharitatis.
767 2537 906 2625 Siquis,
937 2535 1059 2622 inquit,
1107 2537 1197 2624 ilipit
1221 2557 1284 2615 me,

33 2643 193 2696 seriuouem
215 2649 329 2697 meum
352 2628 509 2705 servabit,
538 2635 568 2694 et
595 2627 693 2694 Potor·
716 2647 808 2694 meus
832 2626 952 2714 diliget
975 2647 1062 2703 eum,
1091 2633 1122 2692 et
1146 2625 1191 2693 od
1214 2645 1289 2692 eum

34 2715 191 2796 centenus,
215 2727 247 2786 et
272 2717 478 2785 mansionem
502 2716 595 2806 oprrd
618 2737 693 2784 eum
717 2716 882 2802 sociemus
903 2713 1016 2803 (loon.
1042 2715 1120 2796 rrv).
1145 2717 1182 2782 Et
1204 2713 1287 2800 quid

33 2802 165 2889 amplius
188 2805 331 2874 dicam?
355 2809 470 2873 Frater
489 2804 623 2872 Domini
649 2802 714 2872 luit
731 2802 787 2871 ille
810 2802 971 2883 carnalis,
997 2802 1058 2870 ista
1083 2800 1285 2894 spiritualis.

34 2889 254 2978 Sedquantum
268 2891 624 2994 cognatiospiritualis
637 2890 810 2961 carnalem
827 2890 1113 2962 necessitudinem
1127 2889 1290 2980 probatur

32 2979 184 3074 egredere,
205 2984 237 3052 in
259 2982 369 3070 ipsius
388 2981 521 3050 Domini
540 2981 652 3050 verbis
670 3002 856 3069 possumus
877 2979 953 3049 luce
973 2979 1101 3050 clarius
1121 2978 1285 3048 invenire.

34 3071 73 3135 lu
94 3072 197 3140 enirn:
222 3073 372 3162 Spiritus
395 3081 454 3148 est,
482 3073 544 3161 qui
565 3072 726 3160 vivificat,
749 3091 829 3138 uum
852 3091 930 3138 coro
954 3091 1019 3137 raon
1041 3069 1174 3158 prodest
1197 3071 1290 3159 quic-

33 3177 117 3240 quum
139 3159 249 3248 (loon.
277 3159 336 3248 vr).
361 3159 528 3230 iacobum
552 3159 665 3245 itaque
691 3173 727 3226 ut
751 3157 854 3227 irater
877 3170 964 3228 esset
992 3159 1137 3236 Domini,
1167 3171 1290 3226 natura

34 3247 163 3316 carnalis
179 3248 344 3328 instituit,
364 3253 515 3318 loannes
531 3259 644 3316 autem
671 3261 764 3317 tanto
790 3245 940 3336 nobil'grs
957 3244 1061 3315 irater
1084 3260 1145 3323 est.
1161 3259 1290 3332 quanto

34 3333 177 3430 etipsius
197 3349 340 3407 naturae
358 3339 524 3406 Dominus
541 3357 621 3406 eum
643 3337 676 3404 in
695 3335 895 3404 affinitatem
917 3333 981 3403 sibi
1000 3335 1193 3423 spiritualis
1210 3333 1290 3403 ado-

36 3424 145 3504 ptionis
161 3427 362 3516 assumpsit.
390 3431 605 3512 Quamquam
628 3439 660 3494 et
680 3425 752 3515 ipse
769 3424 918 3492 lacobus
944 3423 1071 3492 idcirco
1092 3423 1212 3494 beatus
1233 3425 1288 3504 sit,

36 3511 102 3608 quia
116 3514 268 3602 ejusdem
286 3515 476 3604 spiritualis
492 3513 669 3584 allinitatis
685 3535 764 3583 eum
787 3511 928 3581 Domino
946 3513 1167 3602 participium
1188 3524 1287 3581 tenet.

38 3595 172 3693 lltoquin
199 3603 265 3673 nisi
290 3604 433 3674 Domino
452 3626 510 3694 per
526 3603 686 3693 spiritum
698 3605 915 3693 jungeretur,
943 3623 1002 3692 per
1027 3599 1110 3670 illud
1140 3615 1292 3671 terrenae

38 3690 191 3762 vrrrculum
216 3692 526 3784 consanguinitatis
551 3715 570 3762 a
597 3693 738 3762 llomino
758 3691 956 3761 nullatenus
976 3689 1176 3761 salvaretur.
1194 3691 1290 3774 Quod

39 3785 113 3870 tanto
133 3781 353 3852 excellentius
368 3781 528 3862 loannes,
548 3793 677 3868 quanto
693 3796 725 3852 et
742 3793 819 3849 ante
835 3785 975 3850 Crucem
1001 3781 1210 3850 constitutus
1229 3803 1292 3850 au-

39 3857 121 3934 divit:
146 3874 224 3940 Ecce
246 3881 356 3942 mater
380 3881 451 3940 tua.
479 3871 596 3940 llerito
619 3892 701 3961 ergo
717 3891 785 3958 quo
801 3891 880 3938 euru
900 3871 1041 3939 caeteris
1064 3869 1142 3959 plus
1158 3869 1289 3948 dilexit,

40 3951 201 4028 sublimius
217 3981 295 4028 eum
313 3961 456 4030 caeteris
473 3959 664 4029 bonoravit.
688 3963 726 4028 Et
745 3979 817 4038 nos,
838 3957 971 4034 iratres.
993 3979 1054 4047 pro
1072 3957 1213 4028 modulo
1231 3977 1292 4026 no·

42 4044 219 4134 strodignis
240 4069 320 4116 eum
346 4049 549 4119 studeamus
573 4048 693 4118 ellerre
719 4047 923 4139 praeconiis.
951 4046 1067 4137 dignis
1091 4067 1293 4116 veneremur

44 4144 156 4218 sliniter
178 4136 362 4224 obsequiis.

78 4218 177 4301 518.
203 4226 394 4296 Notandum
416 4238 544 4306 tamen,
567 4227 647 4312 qnia
665 4246 844 4312 nunquam
863 4238 930 4298 tarn
957 4223 1077 4314 digne,
1105 4235 1172 4292 tam
1201 4245 1292 4292 reve-

49 4318 135 4378 renter
150 4312 260 4383 beatos
274 4313 451 4404 Apostolos
475 4314 639 4395 colimus,
661 4335 766 4400 quam
791 4335 870 4384 cum
896 4313 1088 4403 apostolica
1114 4327 1293 4402 praecepta

50 4407 209 4482 servamus,
234 4424 313 4472 cum
338 4425 396 4476 eos
420 4403 455 4472 in
482 4404 536 4473 via
561 4403 617 4472 llei
644 4403 884 4493 praecedentes
909 4421 1045 4493 semper
1068 4401 1291 4483 attendimus,
