3046 4838
81 284 145 348 llEtJ.
166 285 182 348 3
380 305 420 350 nn
446 305 473 351 s.
499 305 602 354 nrnruo
626 307 674 352 nr.
702 305 948 353 ooncnsrnnrnsr
1215 289 1250 351 tt

80 386 216 454 ndactom
240 388 269 454 in
297 389 500 457 cinerem.»
524 393 720 472 Quaesitum
752 391 878 460 deinde
902 405 952 461 est
982 413 1022 460 err
1052 389 1189 470 abbate,
1216 391 1302 478 quid
1360 393 1364 404 ”
1403 455 1406 460 ,

78 474 256 563 responderet
271 475 310 544 ad
336 476 384 558 id,
403 478 495 565 quod
520 480 607 548 Beda
631 481 797 570 scriptum
817 479 967 567 reliquit,
987 480 1125 549 beatum
1144 479 1300 548 Birinum

76 563 212 652 sepultum
235 564 369 651 quidem
389 566 495 636 luisse
511 567 544 636 in
569 570 718 638 Ecclesia
745 571 988 650 Dorceslrensi,
1009 568 1065 640 sed
1085 581 1160 656 post
1176 567 1302 638 multos

75 673 157 720 annos
171 651 207 720 ad
223 653 404 724 Ecclesiam
432 661 636 728 wentanam,
653 657 872 727 translatum.
891 657 952 727 llle
977 679 1055 726 vero
1079 679 1147 725 non
1166 658 1302 746 negavit

75 740 270 829 inscriptum
293 765 378 823 esse,
403 745 460 814 sed
482 745 638 826 addebat,
658 748 691 814 in
712 746 888 816 cnrootets
906 769 971 815 non
998 747 1110 816 solum
1138 746 1222 824 visa,
1241 745 1300 815 sed

73 827 149 897 etiarn
169 830 275 900 audita
297 835 467 902 annotari.
496 839 580 904 Turn
611 847 784 924 praeterea
809 835 931 924 ajebat,
959 857 1085 923 corpus
1113 834 1298 922 cujusdam

72 921 208 1019 Episcopi,
232 920 262 988 in
281 922 408 1012 angulo
434 933 523 992 retro
549 924 673 994 ostium
699 924 864 993 ecclcsiae
889 923 1078 1014 sepultum,
1097 927 1298 1023 wentanam

72 1027 124 1074 sne
137 1011 318 1080 ll'rntoniam
334 1011 538 1080 translatum
553 1012 669 1092 fuisse,
680 1013 818 1082 ossibus
828 1013 1038 1100 quibusdam
1054 1014 1087 1080 in
1103 1033 1142 1081 ea
1155 1011 1299 1081 ecclesia

70 1095 187 1165 relictis:
212 1121 267 1167 nec
290 1101 500 1170 credendum
533 1122 605 1170 esse
631 1102 732 1171 talem
763 1107 786 1169 E
814 1102 969 1190 iscopum
996 1114 1097 1190 atque
1118 1105 1294 1190 Legatum,

71 1193 123 1283 taor
136 1185 182 1252 vili
199 1186 264 1256 loco
281 1188 463 1260 humatum
481 1211 566 1259 esse.
588 1192 738 1278 Denique
756 1123 914 1272 addebat,
936 1203 1013 1282 post
1034 1191 1179 1280 primam
1208 1191 1298 1258 beati

71 1275 150 1340 Burni
173 1275 387 1346 inventionem
405 1277 590 1365 quemdam
612 1291 750 1350 sanctae
765 1281 852 1348 vitae
869 1281 994 1353 virum.
1011 1279 1185 1348 inclusum
1202 1277 1296 1368 apud

70 1361 205 1433 ltalivelle
231 1380 319 1436 entra
344 1366 534 1446 Oxoniam,
558 1369 764 1438 Matthaeurn
791 1371 952 1450 nomine,
980 1369 1154 1438 audivisse
1179 1389 1297 1438 vocem
1335 1411 1336 1418 κ

69 1447 204 1522 dicentem
225 1455 306 1524 sibi:
335 1478 352 1522 a
380 1456 518 1524 Birinus
543 1457 577 1524 in
596 1458 802 1547 pavimento,
825 1459 982 1527 Bertinns
1001 1471 1089 1527 retro
1110 1457 1255 1526 ostium:
1278 1479 1296 1522 r>

69 1541 249 1626 quiquidem
272 1545 433 1614 Bertinns
447 1545 604 1614 decimus
628 1569 648 1615 a
672 1547 787 1616 Birino
811 1548 1001 1703 Episcopus
1018 1547 1093 1616 fuit.
1116 1546 1161 1614 td
1186 1558 1297 1614 extre-

71 1647 146 1695 num
161 1629 344 1714 affirmabat,
364 1633 474 1704 multa
490 1637 684 1704 Dorcestrae
701 1636 831 1704 miracu
849 1659 868 1704 a
885 1636 970 1716 fieri,
981 1635 1170 1706 wintoniae
1185 1633 1294 1702 nulla.

106 1717 169 1800 38.
189 1725 226 1789 lle
250 1723 290 1791 iis
326 1735 444 1792 autem
471 1723 594 1792 certior
625 1723 779 1794 redditus
803 1746 964 1793 summus
988 1723 1149 1802 Pontifex,
1170 1723 1217 1792 ita
1246 1745 1297 1790 re·

72 1805 194 1892 scripsit:
217 1835 232 1875 n
259 1812 437 1882 Honorius
458 1811 657 1902 Episcopus,
685 1826 748 1882 etc.
775 1812 967 1882 Venerabili
999 1813 1094 1882 fratri
1125 1813 1297 1970 Stephano

73 1896 242 1968 tantuarien·
266 1901 546 1990 rlrcbiepiscopo,
569 1915 705 1970 sanctae
721 1907 895 1971 Romanae
920 1901 1090 1972 Ecclesiae
1109 1907 1171 1970 Car
1199 1900 1294 1982 inali,

75 1993 100 2046 et
122 1981 215 2055 dilecto
244 1988 313 2058 tilio
340 1989 508 2080 magistro
531 1991 654 2059 Othoni
685 1991 898 2060 subdiacono
931 2004 1057 2072 nostro,
1089 1989 1235 2060 salutern
1265 2001 1298 2058 et

79 2071 248 2164 lpostolieam
273 2077 565 2147 benedictionem.
584 2079 720 2148 Dilectis
744 2079 825 2148 filiis
851 2079 975 2149 Abbate
1003 2091 1035 2149 ct
1058 2091 1227 2147 conventu
1255 2076 1298 2146 de

80 2157 302 2255 bopcestreolim
334 2167 435 2236 nobis
464 2167 747 2252 insinuantibus,
778 2168 868 2255 quod
898 2191 1024 2258 corpus
1063 2167 1152 2236 beati
1188 2165 1297 2234 Birini

78 2247 197 2339 Eprscopi
209 2255 235 2322 in
250 2277 375 2326 eorum
402 2255 551 2325 Ecclesia
574 2257 608 2325 in
626 2257 700 2326 loco
716 2257 840 2325 humili
859 2259 1051 2346 requiescit:
1071 2269 1102 2324 et
1119 2255 1297 2324 humiliter

76 2337 318 2434 supplicantibus
340 2344 481 2414 utillud
501 2346 691 2415 faceremus
712 2347 746 2413 in
765 2345 838 2415 loco
857 2347 965 2436 magis
983 2347 1105 2414 idoneo
1121 2343 1294 2414 collocari:

76 2422 217 2524 lrbrllrater
237 2433 527 2524 archiepiscope,
554 2457 593 2503 ac
616 2434 751 2504 dilectis
784 2433 863 2504 Ellis
888 2434 1136 2504 Archidiacono
1159 2445 1191 2501 et
1215 2432 1297 2502 offi-

71 2512 131 2607 ¹cralr
150 2523 287 2592 Cantuar.
319 2543 381 2611 per
409 2535 542 2592 nostras
565 2522 726 2593 dedimus
755 2522 883 2592 litteras
909 2525 941 2591 in
970 2524 1164 2602 mandatis,
1196 2535 1234 2590 ut
1267 2521 1295 2590 si

68 2608 225 2680 rnveneritls
259 2633 335 2680 rem
376 2610 486 2680 taliter
519 2633 555 2680 se
590 2611 735 2688 babere,
762 2612 992 2682 concederetis
1028 2612 1094 2702 ipsi
1122 2610 1241 2680 Abbati
1266 2619 1298 2679 et

64 2699 209 2768 conventui
238 2699 443 2770 auctoritate
476 2712 589 2769 nostra
615 2700 787 2770 licentiam
824 2722 949 2790 corpus
974 2701 1088 2790 ipsum
1114 2700 1156 2770 ad
1183 2698 1296 2768 locum

64 2783 149 2870 nagts
169 2787 327 2858 idoneum
354 2788 594 2858 transferendi.
621 2795 735 2878 Nuper
769 2801 882 2858 autern
920 2791 1112 2880 recepimus
1144 2803 1240 2869 tuas,
1266 2799 1299 2858 et

62 2887 155 2942 eorum
176 2877 414 2947 archidiaconi
437 2890 469 2946 et
501 2877 663 2948 Officialis
688 2877 841 2959 litteras,
867 2879 1080 2948 continentes
1108 2878 1199 2965 quod
1226 2877 1299 2968 ipse

25 3037 26 3040 Ἴ
61 2960 299 3036 lrcbidiacouus
323 2967 397 3036 vice
421 2980 477 3036 tua
512 2981 545 3036 et
570 2965 733 3037 Officialis
770 2967 959 3067 praedicti,
994 2968 1218 3057 personaliter
1255 2965 1299 3034 ad

61 3042 149 3117 locunr
176 3054 288 3143 ipsum
318 3057 483 3137 accessit,
510 3068 542 3125 et
572 3055 690 3125 accitis
715 3055 797 3125 virrs
826 3056 892 3125 vita
916 3067 948 3125 et
971 3056 1063 3125 sarna
1086 3055 1297 3145 conspicuis,

25 3151 27 3214 ί
60 3140 214 3224 superbae
233 3144 409 3214 veritatem
434 3153 563 3230 quanta
588 3145 698 3234 poluit
717 3143 896 3233 diligentia
914 3146 947 3213 in
976 3145 1103 3214 uisivit.
1123 3145 1213 3212 Licet
1237 3164 1300 3210 au-

60 3236 109 3293 tenr
129 3250 182 3316 per
203 3253 252 3314 ea,
270 3254 359 3320 quae
385 3233 514 3302 invenit
537 3255 641 3323 super
658 3233 853 3302 inventione
871 3168 1032 3323 sepulcri,
1051 3233 1110 3302 ubi
1134 3231 1300 3321 praedicti

25 3389 27 3404 ζ
59 3317 147 3384 sancti
169 3342 293 3412 corpus
326 3322 537 3412 requiescere
561 3321 711 3403 dicitur,
742 3343 782 3390 ac
809 3343 914 3411 super
939 3320 1137 3401 miracula,
1170 3319 1300 3407 quibus

25 3439 27 3454 ι
58 3398 154 3474 divina
175 3409 327 3510 dignatio
347 3410 459 3480 locum
488 3409 602 3501 ipsum
635 3411 677 3480 ad
706 3411 955 3480 invocationem
980 3409 1131 3479 nominis
1157 3407 1301 3498 praelati

25 3495 27 3582 l
60 3488 272 3567 eloriosissrmi
298 3499 428 3580 Sancti,
458 3510 525 3568 tarn
553 3498 830 3580 misericorditer,
861 3520 964 3585 quern
991 3497 1196 3578 mirabiliter
1230 3517 1301 3564 rno-

25 3583 27 3668 l
60 3541 155 3674 deruis
186 3598 249 3655 tern
277 3587 398 3658 oribus
433 3587 640 3668 illustravit,
670 3609 800 3657 necnon
833 3610 891 3677 per
921 3587 1049 3658 indicia
1082 3587 1116 3655 in
1143 3583 1301 3676 sepulcro

25 3671 27 3772 ᾗ
60 3685 129 3766 tpso,
145 3675 230 3762 quod
250 3610 330 3745 ddcit
346 3676 484 3766 aperiri,
504 3689 648 3767 reperta,
668 3676 764 3746 vobis
778 3675 842 3744 luit
860 3677 1044 3746 verisimile
1065 3675 1189 3776 visum,
1209 3673 1301 3775 quod

25 3773 27 3838 t
60 3759 189 3852 rpusdern
213 3765 328 3834 sancti
348 3787 474 3854 corpus
499 3766 533 3834 in
559 3765 632 3835 loco
658 3766 839 3854 requiescit
862 3765 995 3835 eodem:
1021 3786 1102 3854 qura
1128 3777 1239 3834 tamen
1266 3785 1301 3831 rn

25 3841 27 3920 l
62 3841 130 3944 lbro
150 3851 253 3922 Eadem
277 3853 320 3922 de
351 3854 461 3924 Gestis
483 3858 529 3924 rin
558 3853 695 3934 lorum,
727 3854 875 3944 legitur,
905 3875 1031 3943 corpus
1066 3855 1181 3943 ipsum
1209 3851 1303 3948 apud

25 3927 27 3962 ³
63 3931 301 4012 ll'rntoniensenr
327 3941 507 4012 ecclesiam
525 3877 607 4013 dim
634 3943 741 4012 luisse
765 3942 988 4012 translatum:
1007 3953 1161 4012 verentes
1188 3963 1302 4031 proce·

25 3963 27 4100 l
63 4015 125 4092 dere
145 4027 176 4096 in
199 4030 353 4133 negotio,
382 4044 501 4101 contra
528 4032 612 4102 tanti
637 4032 700 4101 viri
730 4032 821 4102 dicta
846 4054 888 4100 ne
912 4031 1146 4122 argueremini
1171 4029 1304 4119 aliquid

25 4125 27 4204 l
64 4127 319 4212 Elapsumpsrsse,
340 4120 514 4212 negotium
541 4121 655 4210 ipsum
679 4121 720 4189 ad
742 4120 973 4222 Apostolicum
995 4119 1169 4210 judicium
1200 4121 1305 4188 remi·

25 4211 26 4226 ¹
65 4213 157 4282 suns,
182 4229 373 4296 processum
409 4209 519 4299 ipsius
541 4209 780 4279 archidiaconr
815 4209 915 4279 nobis
939 4210 1005 4279 sub
1034 4207 1159 4299 sigillis
1184 4207 1305 4278 vestris

66 4281 184 4362 lideliter
205 4297 476 4367 transmittendo.
503 4301 720 4386 Quamquam
750 4297 856 4389 igitur
886 4317 926 4365 ex
953 4299 1027 4387 ipso
1052 4317 1214 4386 processu
1243 4318 1304 4384 ap-

68 4391 160 4456 pareat
182 4386 361 4468 evidenter,
388 4385 503 4457 locum
528 4387 644 4478 ipsum
673 4397 721 4456 tot
749 4399 782 4456 et
807 4385 921 4466 tantis,
951 4397 1090 4472 tamque
1117 4383 1222 4454 claris
1245 4403 1306 4472 per
