2920 4810
201 263 302 331 tuoe*
549 283 813 333 usarinocouruu
843 285 1057 333 rnuusrnnruri
1289 265 1359 330 lut.
1377 267 1398 326 ll

154 367 305 446 apparuit,
328 366 434 428 induta
459 369 573 440 tunica,
596 383 686 444 quain
709 383 789 429 aine
819 367 950 439 fossoris,
972 369 1060 444 cuius
1082 367 1144 428 vita
1167 367 1254 427 tantis
1273 367 1402 425 enititur·

154 447 238 523 prius
259 453 427 525 acceperat.
452 445 528 508 Cum
554 461 603 508 me
630 455 733 509 autem
757 447 793 508 in·
818 447 930 509 raoulis
941 445 1084 524 gloriosa,
1103 451 1136 506 ut
1152 448 1243 507 trium
1258 451 1401 506 mortuorun

156 535 267 586 terram
289 527 493 604 projecissem,
514 528 660 600 accurrit,
675 535 706 589 et
720 542 788 588 cum
818 527 968 588 meruerit
988 543 1052 588 esse
1077 525 1242 588 suscitator.
1270 523 1349 602 (Vide
1367 527 1401 582 so-

154 605 297 679 laorymis
309 606 535 668 diritemiuus:
560 605 788 684 «Nequaquam
817 605 912 680 rium,
930 621 996 684 pag.
1014 606 1096 684 ott).

155 685 212 746 hoc
226 685 461 760 iaciasolromo,
478 701 670 764 nequaquam
688 686 787 760 iacias,

154 765 295 826 divinum
327 766 441 826 donum
473 766 619 828 aderens:
653 781 692 827 ne
722 781 789 828 uras
937 763 1321 827 splendidioris.

155 847 313 917 miseram,
328 845 431 906 divina
447 845 593 907 dedecore
607 845 753 907 afficiens.
771 869 783 901 l
958 873 1076 934 Passus
1091 879 1135 934 ,st
1150 888 1231 934 amm
1244 869 1308 932 294·

154 922 787 1003 lleitaquetunicaappreirensumerexit.
1391 1003 1393 1006 Ι

154 1001 219 1081 ligo
239 1010 343 1066 autem
365 1003 456 1066 eduxi
479 1021 495 1066 e
517 1005 588 1066 sinu
618 1019 685 1066 meo
707 1007 790 1084 pyxi-
858 1003 1034 1068 llsnrrnou.
1062 1037 1100 1050 -
1122 1003 1243 1079 Gotyaei
1266 1001 1402 1076 tultriaco

154 1081 225 1144 dem
240 1099 309 1144 cum
325 1081 422 1146 Carne
436 1084 568 1146 Domini.
585 1083 662 1146 Cum
678 1083 727 1145 ilia
738 1101 791 1146 au·
819 1085 949 1160 insignis
963 1086 1057 1162 passio
1077 1085 1173 1147 sancti
1195 1085 1319 1146 lissum
1341 1081 1405 1154 ieri

157 1167 218 1223 tem
241 1165 273 1223 in
297 1171 407 1226 terram
438 1165 617 1236 cecidisset,
648 1163 789 1225 divinum
819 1165 872 1241 ptii
887 1165 1002 1238 Militis,
1025 1165 1127 1242 quiin
1151 1163 1344 1242 persecutione
1365 1159 1406 1218 llio-

154 1240 270 1304 donum
291 1245 414 1320 accepit,
437 1249 468 1304 et
482 1243 751 1305 lamentationibus
761 1251 790 1304 et
819 1242 955 1316 cletiaoi,
978 1253 1153 1322 postquam.
1182 1243 1295 1320 abJecto
1319 1238 1407 1302 militie

153 1318 295 1400 lacrymis
318 1331 430 1384 terram
446 1323 652 1402 rigansdixir:
677 1323 790 1384 iNunc
818 1322 955 1400 cingulo,
973 1325 1087 1384 meruit
1108 1323 1228 1386 coelesti
1244 1323 1313 1398 Regi
1331 1325 1406 1379 menta

154 1399 287 1461 dimittis
320 1401 463 1464 ancillam
499 1411 601 1476 tuam,
635 1403 787 1464 Domine:
819 1403 1095 1465 conversationem
1112 1405 1214 1463 eremo
1230 1401 1355 1463 militare
1368 1411 1409 1474 pro-

154 1479 305 1553 Quoniam
329 1482 472 1543 viderunt
486 1481 565 1544 oculi
583 1485 643 1543 mei
659 1480 790 1545 salutare
819 1481 930 1544 cedens
941 1482 972 1543 in
986 1483 1192 1560 publicum,et
1203 1479 1407 1564 seCliristianuu

154 1565 264 1621 tuum:
287 1559 435 1632 Quoniam
459 1561 669 1623 remissionem
693 1577 790 1639 pecea-
819 1560 913 1624 libera
937 1579 1009 1623 voce
1041 1562 1220 1636 declarans,
1249 1563 1338 1640 primo
1363 1557 1408 1614 dne

155 1645 255 1701 torum
271 1641 301 1702 in
315 1641 455 1703 manilius
466 1641 675 1720 accepiNuuc
689 1641 789 1713 abibo,
818 1641 1004 1703 cruciatibus
1018 1643 1223 1715 examinatum
1240 1633 1409 1702 norissiuei-

153 1734 212 1796 quo
241 1726 291 1782 tua
322 1735 371 1782 nie
397 1721 482 1798 iubet
513 1724 684 1800 potentian
713 1719 790 1781 Haeo
819 1721 1218 1798 xisinorationegenilius,
1240 1715 1407 1780 Dominoloi

153 1813 226 1877 ergo
250 1815 320 1862 cum
342 1800 478 1874 dixisset,
501 1811 533 1862 et
554 1816 661 1862 manus
681 1799 734 1860 diu
758 1801 789 1861 in
819 1799 941 1862 Christo
961 1801 1057 1878 gratia
1079 1815 1192 1876 agens,
1222 1799 1318 1876 gladio
1341 1807 1409 1857 caeso

153 1880 273 1941 coetum
285 1881 480 1952 extendisset,
502 1896 552 1950 me
569 1880 708 1958 precibus
724 1895 790 1957 pro·
819 1886 871 1952 est,
886 1895 919 1942 ao
940 1879 1046 1941 multis
1060 1887 1124 1958 post
1139 1887 1267 1941 mortem
1294 1873 1408 1938 miraculis

152 1974 295 2038 sequens,
318 1960 434 2021 dimisit
448 1961 483 2022 ad
498 1961 602 2022 socios.
620 1957 696 2022 (lum
714 1975 789 2038 pau·
819 1959 939 2022 claruit.

155 2053 205 2100 cos
230 2045 333 2101 autem
362 2040 425 2100 dies
453 2040 556 2100 venati
588 2054 734 2112 essemus,
760 2045 790 2100 et
857 2037 988 2101 Consule
1008 2039 1205 2101 Breviorium
1221 2038 1301 2100 liooa.
1317 2033 1363 2097 sul
1378 2031 1409 2090 lat

155 2119 294 2194 praedam
316 2123 388 2179 satis
409 2133 553 2196 magnam
580 2120 788 2196 cepissemus,
818 2119 876 2180 die.
895 2150 934 2162 -
957 2117 989 2180 ln
1005 2117 1035 2179 S.
1054 2118 1183 2180 llennae
1206 2117 1344 2179 honorem
1362 2109 1410 2170 dio·

155 2199 269 2261 reversi
292 2215 406 2260 sumus.
431 2198 468 2259 Et
484 2197 526 2259 illi
545 2199 669 2278 quidem
692 2197 789 2277 prole·
818 2200 972 2261 staulinus
999 2199 1126 2274 llagnus
1156 2195 1307 2259 ecclesiam
1332 2199 1411 2273 sistro

155 2278 195 2338 cti
206 2279 321 2340 suntad
337 2293 458 2342 narem:
471 2285 640 2355 egoaotem
654 2278 788 2351 cucurri,
819 2280 897 2340 uisse
925 2275 1210 2356 Constantinopoli,
1233 2275 1336 2336 dicitur
1360 2276 1409 2346 opit

154 2369 188 2418 ut
202 2357 285 2432 illius
300 2357 403 2420 beatae
415 2373 519 2435 preces
538 2359 706 2437 acciperem
723 2359 789 2419 viae
818 2357 1037 2436 Nicephorum.
1063 2355 1141 2418 llum
1172 2371 1254 2417 anno
1280 2353 1335 2416 294
1359 2363 1409 2410 ua:-

154 2437 290 2498 comites.
305 2435 380 2498 Cum
392 2445 495 2500 autem
508 2438 701 2500 venissemin
714 2447 789 2500 tem·
818 2438 933 2516 tyrium
954 2435 1154 2515 complevisse
1170 2435 1296 2498 lioinart
1319 2437 1408 2493 istiu

153 2517 250 2594 plum,
271 2525 303 2578 et
323 2517 433 2579 deinde
454 2519 732 2595 circumspicerem,
757 2523 790 2578 ut
818 2517 849 2578 in
866 2516 1065 2595 Praefatiooc
1079 2523 1137 2578 etc.

154 2610 221 2657 eam
244 2597 392 2671 riderem,
415 2597 505 2658 video
526 2613 593 2658 eam
609 2597 640 2658 in
658 2612 693 2658 eo
712 2597 788 2668 loco,

156 2675 257 2754 illqlll)
270 2674 787 2769 pslU§Vlderm,flffllgPiiSSO.Cllffl
846 2711 888 2774 ss
915 2709 1161 2774 VALENTINUS
1190 2701 1387 2772 FELICIANsi

154 2756 444 2832 ergoprocidissem,
466 2757 680 2833 etbeatosepus
701 2756 790 2833 pedes
893 2762 900 2775 '
1016 2807 1025 2822 ,
1165 2757 1173 2784 ’

154 2849 251 2896 essem
272 2833 442 2911 amplexus,
464 2842 496 2898 et
517 2834 663 2913 rigassem
691 2834 789 2912 lacry-
949 2825 988 2868 ΕΤ
1001 2805 1230 2871 WCTOfflNUS
1245 2807 1307 2870 ΜΜ·

155 2914 223 2987 mis,
236 2913 349 2976 stabam
359 2923 471 2988 mutttS,
483 2916 534 2976 diu
547 2915 691 2977 dubitatis
704 2913 790 2992 tttlid·
878 2923 1065 3002 Martyrium
1086 2919 1208 2984 sttbt'dre
1221 2938 1298 2985 anno
1316 2915 1371 2979 3⁰3.

155 3007 225 3055 nam
247 2995 388 3056 tacerem.
415 2997 513 3074 atoue
528 2993 788 3074 videbarquidem

154 3073 307 3150 sapienter
328 3083 356 3136 et
378 3076 494 3137 utiliter
515 3074 661 3149 lauturus,
677 3077 700 3136 si
717 3089 787 3135 cum
858 3076 1032 3137 llanrrnoc.
1050 3073 1261 3137 -liavennae
1274 3075 1407 3134 sanctorm

153 3151 294 3232 lacrymis
317 3155 376 3216 [leo
397 3153 590 3234 supplicans,
611 3163 641 3215 et
670 3162 790 3216 sanctae
819 3155 983 3234 llartyrum
1019 3151 1209 3228 Varenum,
1238 3149 1407 3234 incinunt:

154 3241 255 3294 motus
277 3237 458 3308 reverentia,
481 3249 635 3312 rogarem,
658 3245 692 3295 ut
718 3235 790 3296 huic
818 3233 996 3305 Vioronnu,
1020 3235 1070 3312 qui
1097 3236 1125 3294 io
1153 3236 1347 3310 persecutione
1366 3225 1407 3284 liu

156 3313 200 3374 rei
216 3329 231 3374 a
247 3314 307 3376 lieo
330 3315 563 3391 provideretur:
585 3320 616 3374 et
637 3315 789 3392 quomodo
819 3315 940 3375 oleriani
956 3315 1092 3376 coronati
1108 3322 1192 3374 suot.

157 3393 181 3453 is
199 3395 399 3466 ostendisset,
419 3395 535 3474 jussum
557 3394 699 3455 divinum
721 3410 790 3456 exo·
859 3393 980 3456 Praetor
1002 3393 1170 3472 llartyrum
1201 3393 1316 3454 nomina
1335 3393 1358 3447 et
1373 3395 1405 3466 ao·

154 3488 276 3552 queror.
298 3473 382 3547 Quod
403 3477 427 3536 si
443 3474 501 3536 hoe
515 3487 576 3535 non
591 3488 689 3558 essem
711 3489 788 3536 asse·
819 3489 905 3546 num,
928 3489 988 3552 quo
1014 3475 1088 3550 passi
1111 3481 1196 3547 suut,
1219 3471 1291 3534 nihil
1311 3463 1373 3531 aliud
1388 3472 1405 3516 n

155 3559 255 3627 cutus,
276 3553 409 3616 secunda
430 3561 505 3629 erat,
528 3562 562 3616 ut
583 3553 719 3625 dicitur,
744 3555 788 3614 in·
819 3553 950 3615 Boionio
969 3555 1134 3632 reperitur.

155 3633 252 3697 enoda
277 3635 443 3711 navigatio,
468 3647 575 3711 nempe
587 3639 619 3694 ut
634 3633 712 3695 lianc
723 3647 789 3696 rem

154 3715 243 3776 sociis
263 3717 536 3789 communicarem,
558 3720 673 3775 etcum
689 3715 791 3776 eisse-
879 3713 909 3774 S.
938 3710 1218 3774 urueuououits
1247 3711 1370 3771 lisoius.

156 3795 296 3870 putturae
317 3793 493 3856 mandarem
508 3794 613 3856 heatae
636 3793 788 3872 reliquias,
958 3821 1074 3880 Passus
1088 3825 1130 3880 ,Sp
1146 3835 1229 3880 mmo
1244 3815 1307 3880 304,

157 3873 279 3954 hymnis
307 3879 338 3935 et
367 3875 490 3937 canticis
521 3889 703 3952 prosequens
735 3891 790 3953 pro
1335 3947 1339 3955 ‚

157 3955 286 4018 viribus.
313 3953 370 4016 Sed
395 3961 429 4016 ut
452 3953 595 4026 videtur,
619 3967 680 4015 non
703 3952 790 4017 lacile
859 3951 1089 4013 llunrrnoc.-
1104 3951 1136 4014 ln
1160 3949 1406 4029 Mesopotanuiset·

153 4035 304 4113 contingit
318 4049 350 4096 se
364 4035 516 4118 sapienter
530 4050 636 4111 gerere
640 4079 696 4096 .....
712 4057 724 4091 s
819 4033 857 4092 oti
876 4031 1071 4094 drnnuoooni
1094 4031 1245 4110 Martyris,
1265 4029 1311 4109 qui
1326 4021 1408 4108 solita

819 4111 886 4172 dem
908 4111 1093 4173 Diocletiano
1106 4119 1135 4173 et
1163 4111 1280 4174 Eleusio
1298 4092 1407 4186 Passala

182 4183 370 4226 mmmmm
663 4185 713 4226 ⁰¹¹³
727 4185 763 4226 ¹1·
820 4191 943 4268 ignibus
971 4191 1134 4262 eruciatus,
1157 4201 1188 4254 et
1211 4189 1275 4254 aliis
1292 4179 1408 4260 supplicio

196 4267 377 4331 llnnrrnon.
408 4305 445 4316 —
473 4271 605 4334 'loronis
632 4274 663 4333 in
696 4271 790 4336 Gallia
821 4277 928 4344 tortus,
940 4271 1189 4348 demumcapitis
1201 4263 1406 4352 damnauerit

158 4344 263 4402 natatis
278 4347 356 4406 beati
374 4351 511 4413 ilsnrnu
522 4351 657 4429 Episcopi
674 4359 704 4414 et
715 4351 791 4414 Con·
819 4351 952 4412 cernitar
983 4351 1169 4424 corruisset,
1193 4366 1245 4412 neo
1272 4345 1340 4408 ullus
1355 4335 1408 4398 aliu>
