2932 4812
247 280 311 344 620
641 295 680 342 nc
704 295 732 342 s.
759 295 883 342 usuam
910 294 1038 342 nouam
1312 275 1379 340 tlte.
1399 275 1423 338 tt

203 382 407 462 habeantur,
426 381 486 468 qui
501 391 758 471 persecutorum
779 378 904 470 gladiis
921 401 983 470 pro
1000 380 1125 450 Christi
1137 379 1274 450 nomine
1287 377 1425 448 feriuntur.

203 469 378 541 Conclusit
402 473 491 539 Deus
514 489 653 540 omnem
679 481 814 540 nostrae
832 469 1121 558 tergiversationis
1143 468 1286 548 aditum,
1302 467 1426 538 obstruit

202 579 305 630 omne
328 557 559 629 excusationis
582 559 757 628 humanae
780 557 996 649 confugium.
1025 563 1109 628 Ecce
1127 558 1200 647 jam
1231 577 1295 626 non
1317 555 1426 624 salernus

202 669 283 718 cum
304 648 403 717 heato
423 645 617 734 Apollinare
646 668 707 735 pro
731 652 795 717 Deo
822 660 964 718 mortem
990 648 1119 728 subire,
1169 666 1326 716 assumus
1346 643 1424 713 saltem

202 759 283 808 cum
315 737 413 806 beato
442 736 647 805 Barbatiauo
675 735 777 805 vitam
814 739 879 806 Deo
915 735 1105 826 placentem
1137 669 1274 806 (fucere.
1308 739 1423 823 llagnun

203 826 333 916 quippe
353 837 404 894 est
429 825 514 894 mori
540 846 601 914 pro
621 824 765 904 Christo,
788 825 846 894 sad
871 836 1010 895 nonest
1033 823 1180 895 inferius
1198 825 1305 893 vivere
1325 822 1415 914 Christo

204 919 394 999 Utrumque
410 913 502 981 enim
520 913 555 982 in
573 925 699 982 statera
716 913 843 983 Paulus
863 935 972 1000 aequa
997 913 1095 984 lance
1119 912 1299 1003 pendebat,
1318 931 1379 980 cun
1392 908 1424 974 dr·

203 1013 312 1074 aeret:
339 1007 440 1071 hemo
467 1004 555 1071 enim
574 1013 724 1072 nostrum
742 1003 809 1072 sibi
829 1005 924 1084 vivat,
954 1013 985 1072 et
1008 1025 1103 1072 nemo
1129 1003 1197 1072 sibi
1219 1003 1368 1072 moritur:
1383 1000 1422 1064 nir

203 1095 291 1161 cuim
314 1091 469 1170 vivimus,
499 1094 636 1160 llomino
659 1093 827 1160 vivimus:
853 1095 923 1162 sr'oe
946 1094 1121 1172 morimur,
1144 1094 1282 1162 Domirm
1300 1091 1421 1158 mnn'nn.

203 1182 279 1251 Sive
298 1202 376 1270 crgo
394 1181 551 1260 vivimus,
570 1182 641 1250 sive
663 1182 838 1260 morimur,
857 1183 992 1251 Domini
1011 1202 1128 1250 sumus
1144 1185 1252 1265 (Rom.
1280 1178 1347 1266 xiv).
1362 1175 1425 1258 Quis-

203 1268 281 1358 quis
306 1269 412 1358 igitur
431 1280 524 1338 amat
554 1269 779 1358 martyrium,
805 1267 964 1340 exhibeat
990 1289 1026 1338 se
1057 1271 1226 1358 martyrio
1250 1268 1393 1357 dignun.
1409 1289 1426 1328 a

203 1357 359 1447 martyrii
383 1369 614 1444 consequetur
630 1356 751 1449 procul
768 1355 875 1428 dubio
892 1358 1096 1448 praemium.
1116 1361 1189 1428 llon
1212 1369 1317 1448 potest
1334 1351 1426 1442 sangu-

204 1467 282 1516 nem
309 1445 477 1526 sundere;
505 1457 614 1537 potest
641 1447 866 1536 semetipsum
892 1446 1120 1534 poenitentiae
1144 1447 1213 1517 telo
1256 1451 1425 1520 creuerant

204 1537 238 1605 in
260 1534 374 1605 cordis
393 1535 596 1606 contritione
621 1546 783 1605 mactare.
806 1539 1030 1624 Praeparetur
1045 1535 1088 1604 ad
1106 1469 1300 1606 seriendrm
1313 1529 1423 1623 jugata.

204 1645 271 1692 non
297 1623 404 1694 decrit
420 1636 669 1706 remunerator,
690 1624 826 1694 etiamsi
850 1623 998 1695 deluerit
1021 1623 1173 1714 gladius.
1202 1629 1297 1694 Deest
1311 1617 1424 1714 carniln.

202 1713 263 1803 qui
282 1713 449 1783 cervicem
474 1713 622 1784 exterius
642 1713 762 1783 loriat:
790 1712 885 1784 adest
908 1712 1041 1802 judex,
1071 1714 1132 1801 qui
1162 1713 1274 1784 bonae
1293 1712 1424 1782 voluntate¹

203 1801 397 1895 praemium
417 1801 547 1872 reddat.

242 1893 260 1978 ὅ
284 1895 330 1962 u.
354 1889 559 1961 Studeamus
579 1890 696 1981 igitur,
712 1889 939 1972 dilectissimi,
966 1911 1047 1961 cum
1060 1890 1264 1962 beatissimo
1287 1887 1425 1960 nontam

203 1977 327 2050 Christi
344 1979 548 2050 Barhatiano
565 1979 672 2050 seculi
690 1979 795 2069 hujus
809 1978 1047 2050 blandimenta
1061 1979 1252 2071 despicere,
1268 1999 1366 2048 rerum
1378 1987 1425 2041 ten·

203 2068 375 2156 puralium
393 2067 601 2138 affluentiam
621 2067 782 2148 devitare,
798 2069 913 2140 camis
934 2068 1106 2138 incentiva
1123 2072 1319 2159 reprimere,
1335 2079 1424 2134 crucan

204 2171 279 2246 post
302 2157 473 2227 Christum
491 2157 592 2226 etiam
610 2157 645 2226 in
668 2179 750 2246 pace
767 2155 1005 2228 Ecclesiastica
1022 2156 1203 2246 bajulare:
1228 2169 1379 2245 quatenus
1393 2169 1424 2232 qt

205 2266 297 2315 nunc
320 2247 394 2335 ejus
419 2245 612 2316 mirabilem
635 2245 815 2334 sequimur
836 2247 953 2328 vitam,
980 2267 1060 2316 oum
1082 2247 1157 2336 ipso
1179 2243 1380 2337 postmodun
1394 2237 1425 2302 le

204 2333 422 2404 siderahilem
442 2333 675 2425 perducamur
698 2334 741 2404 ad
769 2334 938 2424 gloriam:
966 2347 1159 2426 praestante
1191 2336 1330 2408 Domino
1354 2337 1424 2398 nostri

203 2422 284 2494 lesu
308 2423 452 2504 Christo,
473 2423 533 2511 qui
553 2428 755 2494 cum'Patre
780 2436 812 2494 et
833 2423 963 2512 Spiritu
989 2428 1111 2494 Sancto
1136 2425 1220 2496 vivit
1243 2437 1275 2494 et
1296 2419 1423 2514 gloriatur.

204 2533 265 2602 per
284 2512 419 2582 infinita
444 2511 558 2584 secula
576 2512 784 2594 seculorum,
808 2517 925 2584 lmen.

370 2837 486 2940 vim
522 2839 750 2940 smum
791 2839 1034 2940 unciam
1070 2788 1315 2940 nonium

591 3094 733 3144 AUCTORE
758 3095 823 3142 Slll·
849 3095 1087 3143 unsaranasrn.

548 3295 601 3350 ad
621 3293 755 3350 coelum
777 3291 923 3350 avolarit
944 3306 1034 3350 anno
1055 3293 1131 3350 439.

248 3489 266 3574 ξ
289 3492 327 3560 1.
356 3488 432 3558 Fuit
454 3510 536 3580 ergo
560 3488 626 3558 hoc
641 3510 780 3578 quoqne
803 3511 936 3572 earum,
963 3511 1053 3578 quae
1076 3489 1160 3560 olim
1184 3489 1329 3585 fuerunt,
1347 3481 1427 3576 ciutt·

205 3587 278 3676 tum
304 3577 473 3648 maximae
492 3590 524 3647 et
549 3577 763 3650 clarissimae
783 3585 921 3661 Romae,
951 3599 1019 3648 non
1045 3578 1158 3650 solum
1183 3569 1426 3666 ellenripulcntu·

203 3665 294 3746 dme,
315 3685 425 3754 neque
450 3666 518 3736 situ
535 3669 682 3748 vincere,
709 3687 751 3738 ne
776 3691 819 3738 ue
844 3667 1018 3758 trophaeis
1041 3680 1074 3737 et
1103 3666 1182 3738 aliis
1205 3665 1354 3739 omnibus
1379 3651 1425 3744 glo-

203 3753 297 3856 riari,
326 3755 383 3824 sed
406 3755 514 3826 multo
531 3756 641 3912 mqris
656 3756 722 3826 sibi
738 3689 883 3848 placere,
903 3768 935 3827 et
952 3778 987 3826 se
1012 3755 1234 3857 magnificare
1251 3758 1424 3848 proptettll·

202 3866 263 3933 qui
288 3864 350 3934 pro
373 3843 505 3914 Christo
522 3865 557 3916 se
595 3843 711 3916 ortiter
735 3849 925 3936 gesserunt,
956 3858 1025 3915 tam
1055 3867 1145 3917 viros
1164 3866 1267 3934 quam
1295 3836 1424 3912 nolens

202 3946 235 4004 et
258 3932 321 4003 has
346 3933 468 4024 magis,
489 3931 582 4021 quod
607 3955 675 4004 non
700 3955 799 4006 secus
823 3957 863 4006 ac
883 3934 947 4004 viri
971 3933 1101 4005 fortiter
1128 3934 1345 4006 decertarunt,
1364 3935 1389 3992 et
1404 3937 1425 3980 ff

203 4022 292 4092 vitae
314 4021 509 4114 exemplum
536 4020 578 4090 ad
604 4021 763 4092 virtutem
789 4021 867 4095 aliis
887 4025 1151 4094 constituerunt.
1178 4029 1223 4094 Er
1247 4018 1360 4108 quibus
1382 4021 1424 4097 una

202 4108 268 4179 luit
292 4114 388 4180 beata
423 4109 555 4180 Melana
584 4110 621 4192 *,
656 4133 761 4200 quam
794 4113 860 4183 sibi
895 4133 987 4184 nunc
1021 4123 1260 4204 argumentum
1294 4099 1425 4198 proposui

230 4301 242 4326 ⁹
257 4301 319 4342 Haec
332 4303 432 4352 Melana,
444 4305 484 4346 vel
492 4305 679 4354 Melanlajuntor
688 4313 786 4348 vocetur
796 4309 908 4358 respectu
917 4311 1019 4355 centone,
1028 4309 1135 4358 atumem
1144 4305 1251 4353 nominis.
1259 4305 1319 4353 entus
1328 4297 1368 4350 qn·
1374 4285 1424 4354 netad

203 4351 260 4390 oret.
277 4353 327 4392 lton
341 4356 440 4404 imparis
453 4359 558 4404 vtrtutts,
572 4359 605 4398 alt
619 4359 741 4406 Batonius.
751 4363 792 4402 out
802 4363 900 4403 mtnorts
909 4363 987 4406 laudis
997 4361 1100 4404 aarum
1109 4363 1182 4404 amtor
1191 4362 1237 4402 fult
1246 4353 1357 4407 aliqnando.
1365 4343 1394 4386 sed
1402 4349 1425 4386 a·

204 4404 256 4441 Μ
266 4403 374 4453 ⁰⁸⁸⁰¹¹¹⁸
384 4409 483 4461 tongins
492 4407 682 4460 praecursum·
689 4423 762 4464 opere
771 4415 916 4458 obscurante.
