2946 4798
256 267 319 332 5¹6
579 283 617 328 oa
641 282 687 328 ss.
715 277 803 339 vanu,
831 281 937 328 nonna
962 280 1030 328 are.
1057 281 1113 328 ιιιι.
1320 261 1390 326 bat.
1412 265 1441 324 tt

209 370 343 448 afferre,
357 381 395 436 ut
409 365 501 456 quod
519 365 552 434 in
566 366 616 434 cis
631 364 717 434 nihil
736 364 921 454 prodesset,
941 386 1128 454 aggressus
1144 376 1196 436 est
1209 365 1405 455 persuadere:
1419 382 1440 432 a

211 457 382 528 simulans
401 454 714 533 mansuetudinem,
728 455 835 543 iussit
857 475 915 524 eos
934 453 1097 543 deinceps
1117 453 1241 542 degere
1258 453 1353 524 nullis
1368 453 1440 522 malis

212 548 361 627 affectos,
374 555 406 614 et
420 541 558 612 abunde
573 543 624 612 eis
635 541 723 623 dari,
740 564 828 630 quae
844 553 942 614 erant
956 541 1000 612 ad
1013 564 1116 612 usum
1132 544 1329 624 necessaria,
1341 542 1437 612 cibum.

213 638 367 724 inquam,
388 632 569 722 pecuniam
590 645 624 701 et
646 643 766 713 vestes,
787 653 854 700 non
883 631 1000 702 minus
1023 652 1128 718 quam
1154 644 1267 702 antea.
1295 631 1350 701 Sed
1372 631 1438 718 virgo

214 723 299 794 nihil
320 722 440 812 egebat
464 719 621 811 pecuniis
644 733 677 790 et
700 719 872 791 restibus:
898 721 1006 790 immo
1020 741 1097 790 vero
1114 720 1236 811 egebat
1254 717 1438 811 quidemsed

213 835 280 883 non
298 833 361 881 sua
383 831 500 890 causa,
528 807 586 878 sed
612 829 818 900 pauperum,
839 807 968 897 quibus
995 810 1100 880 etiam
1125 811 1321 880 vestimenta
1344 808 1437 906 discin-

211 902 318 981 dens,
352 897 602 969 distribuebat:
628 910 660 968 et
689 896 862 985 quomodo
893 898 1111 969 existimabat
1144 921 1219 968 essa
1249 917 1437 968 necessarium

211 987 347 1079 corpori
371 987 598 1068 alimentum,
626 987 673 1057 ita
691 987 794 1056 etiam
820 1007 903 1058 suae
937 987 1074 1056 animae
1111 986 1356 1067 necessarium,
1383 984 1438 1052 aliis

213 1077 376 1180 praebere
404 1077 667 1146 nutrimentum.
702 1075 869 1158 Quocirca
894 1075 1013 1146 multis
1036 1074 1161 1146 diebus
1190 1077 1390 1166 permanebat
1402 1074 1438 1163 ja-

207 1189 307 1257 juna,
331 1180 369 1235 ut
393 1176 532 1255 possent
555 1164 692 1234 abunde
708 1163 786 1234 aliis
805 1165 958 1255 praeberi
984 1166 1206 1236 nutrimenta.
1235 1170 1274 1234 Et
1292 1177 1364 1235 tunc
1382 1184 1439 1249 quo·

211 1277 279 1342 que
294 1275 373 1324 cum
398 1253 539 1324 vidisset
555 1251 814 1323 multitudinem
841 1274 1032 1344 pauperum
1050 1253 1093 1323 ad
1115 1275 1151 1323 se
1173 1255 1438 1324 confluentina

212 1359 389 1431 tamquam
405 1363 521 1412 caram
547 1342 729 1422 nutricem,
748 1355 786 1412 ut
805 1341 930 1412 famem
961 1343 1006 1412 ab
1035 1343 1085 1412 eis
1110 1343 1334 1433 propulsaret,
1355 1363 1438 1431 rogar-

213 1434 314 1514 tium,
340 1431 448 1502 dubia
470 1431 590 1512 animi,
618 1443 655 1501 ut
678 1451 767 1518 quae
792 1429 879 1500 nihil
901 1441 1013 1521 posset
1040 1431 1251 1522 impendere,
1276 1431 1361 1519 quod
1377 1428 1438 1499 surl-

212 1534 303 1592 ceret
329 1531 442 1591 tantae
466 1519 705 1601 multitudini,
735 1519 778 1588 ad
806 1541 912 1590 suum
940 1519 1110 1589 mundum
1142 1520 1315 1612 adspexit:
1346 1533 1438 1590 etnun

211 1631 332 1680 zonam
349 1609 457 1691 illam,
476 1630 564 1696 quae
581 1607 683 1698 plena
706 1620 779 1679 erat
801 1607 949 1698 gemmis
972 1621 1005 1678 et
1027 1610 1234 1699 margaritis,
1256 1623 1290 1681 et
1305 1609 1367 1680 alia
1384 1627 1438 1694 qur

210 1710 308 1769 erant
322 1718 406 1769 auro
423 1709 543 1767 ornata
561 1709 594 1766 et
613 1710 765 1786 argento,
779 1698 896 1767 omnia
912 1696 1049 1766 vinculo
1066 1718 1135 1768 uno
1151 1697 1436 1788 comprehendisset

210 1787 359 1858 demittit
371 1809 432 1878 per
444 1786 641 1867 fenestram,
653 1797 686 1856 et
700 1787 899 1856 transmittit
913 1783 955 1855 ad
971 1785 1068 1875 pium
1083 1787 1269 1874 quemdam
1280 1789 1435 1858 Diaconum

210 1877 268 1948 cui
290 1897 413 1945 nomen
431 1886 503 1945 erat
525 1874 679 1964 alypius,
697 1885 864 1965 rogatque
889 1886 926 1946 ut
951 1874 1085 1953 vendat,
1112 1886 1144 1945 et
1164 1897 1302 1957 aurum,
1328 1873 1403 1964 quod
1417 1895 1438 1938 a

210 1989 250 2037 eo
271 1963 547 2046 redibit,dividat
565 1963 788 2054 pauperihus.
811 1962 880 2032 Dici
896 1984 962 2032 non
983 1975 1101 2052 potest,
1120 1978 1272 2051 quantae
1290 1984 1437 2056 pauperati

212 2053 427 2124 multitudini
438 2052 522 2122 haec
533 2051 723 2123 sufficerint
737 2051 780 2122 ad
793 2051 1017 2122 alimentum:
1032 2051 1090 2124 sed
1106 2075 1217 2140 neque
1233 2076 1338 2142 quaro
1354 2049 1439 2122 mult-v

211 2142 333 2212 divites
351 2143 405 2210 sui
428 2141 619 2212 imitatione
646 2140 877 2232 provocaverit
895 2140 938 2210 ad
964 2161 1063 2231 opem
1085 2140 1262 2212 ferendam
1289 2141 1432 2234 egentibus

211 2237 293 2302 Cum
313 2242 424 2299 autem
448 2251 515 2300 non
540 2241 710 2321 oporteret
732 2251 820 2311 eam,
847 2249 935 2316 quae
954 2241 1026 2299 erat
1042 2228 1127 2304 adeo
1144 2244 1249 2312 casta,
1269 2245 1301 2301 et
1324 2251 1397 2319 quae
1414 2244 1440 2292 a:

212 2320 297 2390 alias
322 2317 499 2388 exercebat
519 2319 672 2399 virtutes,
698 2331 731 2388 et
755 2339 844 2406 quae
869 2339 994 2410 magno
1014 2317 1187 2388 ferebatur
1214 2319 1341 2390 fluento
1362 2318 1442 2388 adbr-

212 2408 441 2488 neficentiam‚
468 2406 622 2478 babitare
646 2407 681 2477 ιιι
708 2405 938 2478 tabernaculis
960 2419 1191 2496 peccatorum,
1214 2421 1246 2478 et
1271 2409 1306 2478 in
1326 2407 1390 2478 aula
1409 2425 1445 2470 ιι·

211 2499 279 2587 gia,
308 2498 387 2567 huic
411 2495 513 2566 etiam
532 2496 581 2566 rei
598 2495 795 2586 providetur
819 2519 839 2566 a
862 2496 1010 2586 superis.
1039 2495 1153 2568 Videte
1176 2509 1291 2568 autem
1310 2513 1446 2585 quamsa-

239 2589 359 2656 lenter.

215 2609 273 2762 βξ
296 2677 336 2746 8.
364 2675 421 2744 bei
448 2684 621 2763 parentem
641 2671 801 2743 Davidem
826 2672 861 2742 in
887 2673 1004 2742 animo
1029 2694 1180 2755 versans,
1203 2687 1236 2744 et
1261 2675 1293 2744 id
1319 2667 1446 2762 quodillr

212 2762 388 2832 simulavit
410 2783 449 2832 eo
470 2775 632 2852 tempore,
652 2784 719 2848 quo
735 2761 904 2852 fugerata
925 2760 1010 2831 facie
1026 2762 1120 2845 Saul,
1139 2775 1172 2832 et
1187 2759 1444 2850 quemadmoduu

213 2851 309 2920 vultu
333 2872 396 2922 suo
421 2862 562 2932 mutato,
581 2873 616 2922 se
641 2850 739 2920 finxit
757 2872 832 2920 esse
848 2863 980 2920 emotae
997 2851 1135 2932 mentis,
1154 2854 1251 2922 etsie
1268 2851 1380 3009 effugit
1400 2865 1446 2915 ma·

212 2961 278 3008 nus
292 2959 424 3020 eorum,
442 2941 613 3027 quierant
633 2961 709 3008 vere
733 2939 947 3029 insipientes,
966 2951 998 3008 et
1015 2937 1057 3008 de
1072 2940 1122 3009 eis
1137 2940 1243 3010 erexit
1261 2954 1334 3032 trop
1359 2955 1445 3028 acum

212 3025 277 3096 tale
292 3027 375 3118 quid
394 3027 469 3118 ipsa
492 3050 630 3118 quoque
644 3029 812 3118 excogitat
828 3041 861 3097 et
878 3028 988 3117 fingit,
1008 3027 1181 3099 invertens
1197 3028 1328 3111 oeulos,
1345 3041 1374 3098 et
1394 3021 1447 3092 sal·

211 3139 287 3185 vam
303 3137 468 3208 expuens,
485 3130 518 3186 et
534 3139 658 3188 manus
675 3117 881 3207 percutiens,
900 3128 933 3185 et
951 3135 1049 3186 voces
1065 3117 1226 3188 emittens
1250 3117 1446 3189 inordinatas:

211 3205 445 3294 utaliquando
468 3205 607 3294 quidem
634 3205 848 3295 lacrymans;
871 3204 1057 3292 aliquando
1081 3217 1195 3277 autern
1222 3207 1337 3277 ridens
1357 3207 1448 3294 intem·

212 3296 338 3384 pestive
357 3307 389 3366 et
405 3293 575 3365 indecore.
598 3299 688 3364 Haec
712 3315 792 3368 cum
817 3293 970 3364 viderent
994 3293 1019 3362 ii
1041 3295 1099 3380 qui
1124 3309 1222 3364 erant
1240 3298 1274 3364 in
1297 3295 1391 3396 regia,
1410 3286 1448 3356 alt

209 3384 351 3471 quidem
370 3383 634 3465 miserabantur,
652 3383 712 3453 alii
726 3405 802 3453 vero
821 3383 922 3453 etiam
941 3383 1173 3466 mirabantur:
1191 3384 1347 3454 nonnulli
1360 3391 1446 3452 auten

211 3472 316 3543 simul
345 3486 377 3543 et
404 3471 640 3543 misericordia
666 3472 913 3554 movebantur,
940 3484 973 3541 et
996 3472 1193 3562 stupebant.
1219 3473 1316 3556 Quod
1342 3467 1447 3565 quidem

210 3581 290 3630 cum
315 3561 481 3632 audiisset
504 3560 769 3632 crudelissimus
796 3560 991 3632 Praefectus
1023 3561 1066 3632 ab
1094 3561 1211 3648 aliquo
1234 3584 1276 3632 ex
1302 3564 1343 3632 iis
1364 3578 1412 3646 qm
1429 3570 1448 3616 a

211 3649 420 3732 assidebant,
446 3663 479 3720 et
503 3651 643 3721 vidisset
668 3651 771 3720 etiam
797 3649 828 3718 id
856 3649 948 3737 quod
978 3649 1092 3732 fiebat,
1123 3652 1217 3720 visus
1241 3662 1292 3721 est
1314 3648 1411 3720 dolere
1428 3649 1446 3700 a

211 3738 327 3809 animo
352 3761 452 3831 aegre
468 3739 566 3810 ferre.
590 3744 673 3810 llam
699 3754 780 3809 tunc
806 3740 901 3828 virgo
927 3738 1073 3808 maxime
1099 3738 1257 3809 morbum
1284 3735 1444 3809 simulabat

209 3827 349 3916 quando
374 3828 567 3899 Praefectus
592 3830 626 3897 in
651 3849 726 3898 eam
751 3828 953 3916 conjecisset
969 3827 1099 3898 oculos.
1130 3826 1225 3898 Unde
1239 3829 1339 3899 otiam
1361 3825 1445 3893 timna

209 3917 370 3998 aflicitur,
401 3930 432 3988 et
458 3941 488 3988 er
515 3918 631 4008 pluras
656 3915 796 3988 adhibet
819 3916 997 3998 custodes,
1025 3937 1067 3986 ne
1092 3915 1232 3986 absente
1262 3922 1444 4007 Imperator*-

210 4005 340 4094 aliquid
359 4005 390 4074 ei
414 4027 516 4097 grave
540 4005 721 4087 accideret,
740 4018 773 4076 et
789 4028 824 4076 se
839 4005 1000 4076 deorsum
1027 4006 1270 4096 praecipitans,
1297 4004 1408 4074 veniret
1424 4012 1443 4058 ι’

213 4093 417 4181 periculum.
450 4099 632 4182 Postquam
664 4108 776 4184 autem
804 4093 952 4164 multum
981 4093 1144 4185 temporis
1176 4095 1356 4165 contritum
1381 4095 1442 4156 cst1t

210 4183 433 4253 custodibus:
449 4182 508 4253 illa
525 4205 614 4264 vero,
637 4205 741 4276 quam
760 4193 968 4273 susceperat,
990 4204 1169 4274 personam
1193 4205 1260 4253 non
1278 4175 1443 4252 dimittebat.

210 4269 268 4337 sed
289 4270 449 4357 prudenti
474 4272 661 4342 admodum
680 4272 885 4364 cogitatione
902 4271 1090 4344 simulabat
1106 4293 1143 4342 se
1156 4294 1233 4344 esse
1248 4270 1443 4360 insipientem

210 4365 242 4422 et
259 4357 399 4428 molesta
425 4373 496 4432 erat
521 4360 575 4442 iis,
602 4362 660 4450 qui
682 4383 757 4432 eam
778 4360 1028 4444 custodiebant,
1054 4381 1175 4430 eorum
1200 4361 1332 4452 quidem
1350 4363 1443 4424 vexat*
