2946 4798
6 281 8 302 l

6 383 8 402 l

6 405 8 416 ι

227 246 291 310 522
551 261 590 308 nn
614 261 660 310 ss.
686 261 772 318 rnna,
799 257 907 308 ιιοιιιιιι
931 259 987 308 nrt:
1028 261 1085 308 ιιιι.
1292 240 1366 306 DIC.
1387 241 1417 304 28

181 353 226 416 Ile
253 348 301 416 sis
325 367 503 436 arrogans,
532 368 595 416 nec
620 345 829 427 seditiosus,
860 367 922 416 nec
955 345 1118 416 insolens.
1145 349 1182 414 In
1211 344 1333 414 honore
1352 340 1419 410 habe

181 457 293 506 mores
309 441 557 506 Romanorum:
578 455 728 504 reverere
745 438 985 524 Imperatores,
1005 434 1094 504 »Sic
1111 433 1249 521 quidem
1270 430 1420 520 imperarit

180 525 426 604 Maximianus;
446 525 504 594 sed
531 545 641 613 neque
666 537 830 610 torquens
847 524 1028 614 persuasit,
1055 544 1165 610 neque
1183 523 1269 592 haec
1291 533 1416 590 cautam.

181 636 261 684 eum
288 614 400 684 affecit
429 611 582 702 pudore:
610 611 667 681 sed
694 635 772 682 cum
798 623 887 682 esset
920 623 1048 702 martyr
1073 611 1232 702 superior
1245 622 1278 680 et
1292 608 1421 678 manibus

181 701 353 783 lictorum,
373 713 405 772 et
430 700 572 772 vocibus
590 722 679 787 quae
702 701 733 770 ei
754 701 1033 782 incantabantur,
1052 700 1239 788 quaerebat
1263 719 1357 768 suum
1377 701 1419 764 Ile-

205 813 272 873 em,
297 803 330 860 et
353 803 421 859 tnta
446 811 525 859 voco
542 803 574 858 et
590 789 723 860 viribus
744 788 839 860 illius
855 789 1038 861 invocabat
1055 789 1245 860 auxilium:
1269 810 1287 854 ιι
1314 787 1419 856 bonite

182 815 264 950 lesu
288 879 430 958 Christe,
452 879 582 959 dicens,
608 878 782 965 quomodo
807 901 873 960 me,
901 892 939 948 ut
966 900 1027 968 pro
1054 890 1082 948 te
1106 878 1271 954 dicerem.
1297 874 1417 946 cormbe-

183 969 278 1048 rosti‚
298 969 344 1037 ita
370 968 485 1052 etiam,
513 989 533 1036 o
557 967 657 1048 bone,
679 965 724 1036 da
745 967 831 1036 mibi
857 967 957 1050 vites,
983 979 1020 1040 ut
1045 988 1105 1057 pro
1130 981 1162 1036 te
1193 967 1316 1056 patiar,
1336 977 1364 1032 ut
1379 984 1416 1062 ae·

182 1057 337 1128 cessione
363 1077 597 1144 eorumquae
627 1068 708 1128 sunt
733 1055 864 1138 tristia,
893 1056 937 1128 sit
961 1055 1047 1126 mihi
1081 1056 1316 1145 praemiorum
1342 1071 1418 1138 maror

182 1145 425 1216 remuneratio.
451 1167 469 1211 ιι
494 1148 565 1216 IIoc
598 1158 774 1233 tamquam
810 1144 901 1236 ignis
929 1144 1003 1235 igni
1036 1144 1220 1226 additum,
1251 1141 1421 1214 Maximiano

184 1234 349 1322 majorem
375 1234 463 1304 iram
488 1234 670 1306 accendit:
697 1234 771 1324 ipse
795 1247 908 1304 autem
938 1255 1016 1316 coe,
1042 1234 1104 1322 qui
1128 1231 1371 1323 percutiebant,
1385 1249 1423 1296 eo·

182 1344 294 1412 usque
318 1335 356 1393 ut
381 1323 598 1392 verberarent
622 1323 788 1403 incitavit,
809 1322 919 1394 donec
946 1344 1073 1416 corpus
1098 1322 1265 1412 martyris
1288 1317 1374 1390 humi
1391 1317 1424 1404 ja·

183 1425 286 1493 cenet,
306 1410 392 1481 nihil
407 1410 568 1482 dillerens
585 1411 628 1481 ab
645 1411 821 1482 lnanimis:
837 1412 1006 1502 sanguine
1021 1411 1162 1499 quidem
1175 1411 1254 1500 jam
1270 1407 1423 1481 exinanito.

183 1499 272 1592 pelle
296 1521 375 1570 vero
400 1511 498 1571 vento
515 1499 709 1583 tumefacta,
727 1511 760 1570 et
775 1501 851 1592 ipsa
866 1521 970 1571 carne
987 1501 1084 1590 prius
1102 1512 1325 1602 consumpta,
1341 1506 1370 1566 et
1382 1515 1424 1594 nu·

181 1589 237 1660 dis
254 1588 337 1660 solis
360 1589 499 1660 ossibus
523 1589 783 1680 apparentibus.
806 1589 903 1672 Quod
927 1589 1068 1677 quidem
1094 1591 1201 1658 movit
1221 1583 1424 1659 misericordia

183 1699 252 1748 non
270 1677 381 1746 solum
400 1681 475 1769 plos
491 1692 522 1748 ct
539 1678 710 1749 humanos
726 1677 872 1760 animos,
893 1679 1072 1748 sedetiam
1089 1679 1229 1748 animos
1247 1675 1423 1748 infidelium.

182 1772 220 1836 tlt
244 1788 310 1836 non
338 1767 595 1848 Maximianum,
615 1769 716 1856 cujus
740 1767 880 1838 animus
903 1779 975 1838 erat
1002 1766 1114 1868 lapide
1137 1767 1271 1836 durior.
1411 1849 1415 1856 Ι

226 1857 244 1942 ἕ
268 1860 333 1930 ss.
362 1855 424 1925 Sed
454 1869 632 1944 postquam
659 1857 707 1924 sic
728 1856 887 1926 allectum
913 1855 1123 1946 Glycerium,
1140 1867 1173 1926 et
1191 1878 1214 1924 a
1232 1867 1424 1939 mortuoqu-

183 1944 260 2014 dem
288 1943 374 2014 nihil
405 1965 509 2045 prope
533 1943 759 2025 differentem,
791 1944 897 2015 solam
931 1959 1045 2014 autem
1080 1945 1239 2035 linguam
1268 1953 1423 2038 moventur

184 2033 375 2102 vehementi
393 2033 530 2122 spiritu,
549 2044 581 2102 et
600 2033 783 2103 dicentem:
800 2056 818 2100 a
836 2038 918 2104 Sum
936 2033 1163 2114 Christianus,
1181 2055 1304 2104 servus
1320 2030 1424 2100 Christi.

183 2122 243 2209 qui
267 2121 378 2191 solum
404 2132 455 2190 est
471 2143 572 2193 verus
589 2127 689 2192 Deus.
719 2126 813 2192 Unus
836 2134 887 2192 est
909 2121 994 2192 mihi
1010 2123 1189 2203 Dominus,
1208 2143 1305 2194 unus
1323 2124 1397 2190 Itex:
1417 2139 1423 2170 ι

184 2231 251 2280 non
269 2210 382 2280 lerens
400 2209 457 2279 ille
478 2210 639 2300 loquendi
660 2209 863 2292 libertatem,
875 2211 973 2298 jubet
988 2233 1067 2280 eum
1088 2211 1231 2299 quidem
1247 2209 1333 2282 solvi
1347 2229 1365 2276 a
1378 2205 1426 2270 vin·

183 2299 285 2381 culis,
314 2299 502 2369 abductum
528 2321 606 2370 vero
638 2311 731 2369 extra
760 2299 943 2381 civitatem,
972 2300 1051 2389 igno
1083 2311 1279 2370 crematum
1316 2306 1426 2366 mortem

185 2389 313 2458 subire.
332 2393 461 2458 Ductus
484 2409 565 2478 ergo
585 2409 774 2478 generosus
789 2387 846 2458 ille
865 2387 908 2458 od
927 2389 1041 2458 locum
1059 2389 1302 2470 constitutum,
1316 2399 1346 2458 et
1360 2395 1426 2477 stans

184 2476 226 2546 ad
245 2477 424 2556 orientem,
441 2479 565 2566 partim
584 2477 724 2564 quidem
743 2477 876 2548 Christo
890 2477 959 2566 egit
975 2477 1115 2566 gratias,
1131 2477 1192 2564 qui
1205 2499 1288 2547 eum
1305 2499 1323 2546 a
1341 2469 1426 2541 mults

185 2565 346 2635 liberarat
372 2564 586 2655 periculis:·
616 2567 715 2636 actim
747 2578 862 2636 autem
892 2588 952 2654 pro
977 2588 1013 2635 se
1038 2565 1257 2636 vehementer
1282 2562 1386 2636 oravit,
1404 2565 1427 2652 tl

185 2655 334 2744 propiis
359 2654 417 2744 qui
442 2667 539 2723 erant
564 2587 704 2744 ulique.
730 2653 855 2724 Deinde
879 2675 958 2724 cum
977 2654 1100 2724 Christi
1121 2655 1264 2756 signum
1283 2674 1343 2724 suo
1357 2646 1427 2740 adhe

184 2745 315 2812 buisset
330 2743 477 2832 corpori,
490 2741 555 2812 luit
572 2741 695 2814 affixus
713 2741 818 2834 ligno,
839 2765 939 2813 sacra
952 2743 1100 2815 victima.
1121 2766 1211 2814 artes
1227 2753 1427 2812 carensonsst

183 2832 287 2912 vitio,
316 2833 345 2899 ei
371 2831 431 2919 qui
456 2831 550 2920 ligno
577 2845 713 2922 propter
743 2852 804 2904 nos
829 2831 893 2902 luit
917 2831 1051 2902 affixus.
1082 2836 1164 2923 Igne
1195 2843 1311 2903 autem
1335 2826 1429 2898 subtus

184 2941 340 3000 accenso,
362 2921 442 2990 lesu
470 2919 535 2990 luit
562 2919 715 2990 oblatum
741 2920 981 2992 holocaustum
1007 2933 1040 2989 et
1063 2921 1278 2992 sacrificium
1303 2923 1429 3003 accepta·

184 3008 263 3092 bile,
292 3021 324 3076 et
357 3008 473 3078 diviua
511 3009 619 3079 hostia
657 3030 737 3078 arae
772 3031 942 3099 supernae
976 3009 1196 3080 conveniens.
1232 3007 1321 3094 Quid
1356 3021 1428 3076 vero,

188 3097 315 3166 hincne
332 3097 495 3166 intellexit
509 3099 736 3167 Maximianus
752 3099 826 3186 pios
836 3120 910 3168 esse
926 3097 1176 3168 immutabiles?
1190 3099 1334 3168 llultum
1347 3093 1430 3163 abac

185 3185 243 3256 sed
262 3207 341 3255 cum
360 3187 568 3257 execrandae
593 3188 669 3277 ejus
693 3188 823 3257 hostiae
847 3187 1058 3257 ducerentur
1074 3186 1115 3256 ad
1136 3186 1305 3276 templum
1329 3177 1429 3254 duote

184 3275 252 3344 cim
273 3274 430 3358 deorum,
449 3275 539 3366 quod
562 3289 634 3346 erat
658 3277 749 3346 intra
768 3275 911 3364 regiam,
932 3275 1075 3345 aderant
1090 3276 1233 3364 quidem
1252 3273 1358 3365 impii,
1371 3285 1429 3337 can·

185 3364 277 3434 didis
301 3377 332 3432 et
370 3363 565 3454 magnificis
600 3363 753 3435 vestibus
784 3364 996 3434 celebrantes
1033 3363 1158 3435 festum
1195 3365 1250 3436 sui
1286 3360 1428 3433 interitus.

186 3453 285 3524 Solus
309 3465 421 3522 autem
449 3451 551 3522 Indes
575 3454 657 3522 atris
683 3451 826 3524 indutus
846 3453 1011 3532 vestibus,
1038 3465 1069 3522 et
1093 3475 1173 3524 cum
1199 3453 1283 3523 haec
1307 3447 1430 3520 celebra·

185 3557 314 3622 rentur,
335 3543 484 3612 maximo
499 3540 617 3610 dolore
634 3541 787 3620 affectus,
805 3562 885 3612 cum
911 3563 947 3612 se
973 3543 1006 3611 in
1034 3541 1131 3611 valde
1151 3544 1329 3613 tenebrosa
1346 3531 1429 3606 inclu-

184 3631 286 3700 sisset
307 3629 532 3712 domuncula,
551 3630 740 3720 impiorum
766 3630 914 3702 deflebat
939 3631 1130 3702 interitum.

229 3721 297 3793 Is.
325 3720 586 3790 Renunciantur
611 3719 694 3791 haec
725 3740 862 3808 quoque
893 3720 1120 3809 Imperatori,
1147 3731 1179 3789 et
1211 3719 1240 3788 is
1271 3715 1376 3788 statim
1399 3704 1429 3776 tlt

184 3810 261 3899 ipso
283 3809 461 3899 arripitur,
480 3821 513 3880 ct
532 3807 666 3880 sistitur
688 3807 730 3878 ab
754 3807 814 3878 illo
838 3807 962 3910 Judipe
982 3807 1206 3896 judicandus.
1236 3811 1316 3878 Cum
1338 3811 1427 3900 autem

184 3898 287 3970 etiam
313 3909 498 3986 antequam
519 3896 727 3986 loqueretur,
744 3897 777 3966 ei
793 3910 1013 3968 renunciaret
1035 3897 1150 3980 vestis,
1171 3897 1264 3984 quod
1288 3913 1367 3983 quae
1388 3895 1429 3954 lte

184 3987 279 4070 bant,
299 3986 343 4056 ab
366 4007 405 4056 co
429 3987 660 4058 censebantur
683 3985 913 4086 dignaluctu
936 3999 970 4056 et
993 3985 1143 4068 trIstitia,
1161 3986 1269 4076 jussit
1285 3986 1354 4075 ejus
1375 3992 1427 4064 nt}

179 4077 290 4148 nibus
314 4073 513 4164 etpedibus
539 4075 673 4162 lnjectis
696 4089 849 4155 catenis,
876 4089 909 4146 ct
932 4074 1022 4146 collo
1045 4074 1189 4156 collari,
1219 4096 1296 4145 eum
1326 4077 1427 4138 servan

185 4165 361 4238 inclusum
396 4165 430 4232 in
461 4185 610 4234 carcere.
644 4169 750 4254 Itque
780 4163 899 4234 Indem
933 4163 1074 4252 quidem
1107 4162 1254 4234 babebat
1277 4151 1425 4253 custodit?

186 4253 414 4324 Maximianus
438 4273 517 4322 vero
543 4257 707 4324 Domnam
757 4273 871 4339 unque
890 4251 1099 4342 quaerebat;
1126 4265 1159 4322 et
1181 4251 1294 4322 surore
1334 4233 1428 4314 enode

185 4359 224 4406 ac
238 4340 399 4409 ebrietate
414 4340 505 4411 laesa
519 4341 660 4422 ratione,
674 4355 707 4412 et
719 4276 847 4412 sllrlitus
865 4363 998 4424 eorum,
1017 4361 1105 4430 quae
1121 4340 1164 4418 de
1181 4342 1255 4432 ipsa
1268 4269 1425 4410 uulnera.
