2954 4816
263 293 328 359 438
639 311 678 356 uu
709 311 736 357 s.
764 309 902 358 auorum
926 311 1070 358 uanrtrrr
1328 291 1398 356 but.
1415 293 1446 355 ts

218 396 427 465 existimaret
452 387 639 485 Eugeniarn
666 416 707 464 ne
728 417 827 484 posse
850 394 989 482 quidem
1015 415 1151 486 semper
1168 417 1242 465 esse
1260 406 1388 466 castam:
1404 393 1446 462 sed

221 507 330 574 neque
349 484 458 553 morbi
480 483 772 573 propulsationem
798 483 934 553 divinae
958 483 1064 556 luisse
1088 485 1229 576 gratiae,
1250 485 1304 553 sed
1322 485 1391 553 artis
1405 505 1447 571 po-

220 575 288 643 tius
315 574 478 663 magicae,
505 584 537 642 et
561 573 695 642 inimici
720 574 900 664 potentiae.
934 577 1023 643 llaec
1045 595 1134 661 quae
1157 595 1216 644 cor
1238 573 1313 662 ejus
1333 594 1447 660 occupa·

220 679 348 743 verant,
372 676 404 731 et
425 661 607 730 vehemens
634 662 774 731 llamma
798 664 938 743 amoris,
958 677 991 731 et
1018 664 1131 752 gravis
1152 661 1374 738 incredulitas.
1396 683 1447 748 per-

218 752 375 830 suadent,
396 762 434 819 ut
458 749 569 819 audax
594 749 730 820 lacinus
746 751 980 841 aggrediatur,
1002 763 1035 819 et
1059 771 1112 822 res
1140 752 1351 822 tenebrarum
1373 749 1448 818 libere

216 839 408 926 eloquatur.
430 843 495 908 Res
519 840 610 906 enirn
637 841 751 930 gravis
775 855 825 910 est
848 862 957 922 amor,
977 853 1009 910 et
1033 840 1344 929 impudentissima.
1367 845 1447 922 Neque

216 949 270 997 res
289 927 425 998 catulla
450 926 535 996 adeo
560 927 656 1028 aditu
681 927 844 1008 difficilis,
864 929 1025 1019 adquam
1045 949 1166 998 senon
1190 950 1289 1020 posse
1313 927 1447 1019 perrecin

217 1035 249 1084 et
265 1037 339 1086 eam
357 1037 521 1103 consequi
539 1019 722 1087 exrstimet.

259 1107 277 1192 ἐ
300 1108 368 1176 18.
397 1109 479 1174 Cum
502 1105 615 1194 itaque
635 1105 772 1196 degeret
791 1107 825 1174 in
844 1108 948 1196 agris,
971 1119 1009 1177 ut
1033 1105 1247 1187 dictumest,
1272 1107 1386 1177 vicinis
1401 1124 1446 1171 no·

219 1195 378 1273 nasterio,
404 1205 437 1262 et
456 1195 711 1282 perturbatione
735 1195 841 1264 animi
861 1194 958 1265 valde
983 1195 1163 1277 laboraret,
1190 1193 1331 1265 simulat
1354 1215 1385 1264 se
1403 1211 1447 1260 ror-

219 1303 300 1370 pore
323 1305 397 1350 esse
414 1295 599 1372 aegrotam,
630 1297 662 1352 et
687 1283 881 1354 incredibili
913 1285 1084 1354 celeritate
1111 1287 1256 1354 accersit
1280 1281 1446 1374 Eugenium

219 1393 285 1439 non
312 1370 428 1440 fictum
457 1371 549 1440 hunc
575 1374 733 1442 morbum
758 1387 969 1446 curaturam.
997 1372 1054 1442 sed
1082 1375 1150 1442 veri
1178 1387 1211 1443 et
1235 1371 1357 1442 occulti
1384 1371 1448 1438 nise

216 1459 370 1529 rabiliter
405 1459 555 1528 luturam
584 1461 797 1550 participem.
827 1467 1007 1548 Postquam
1033 1475 1148 1532 autern
1173 1485 1236 1541 ea,
1265 1483 1365 1548 quam
1390 1459 1448 1526 dca-

217 1547 370 1628 derabat,
394 1548 508 1629 lacies,
529 1547 592 1617 snit
618 1550 704 1618 intra
724 1549 823 1626 loros.
852 1550 1035 1620 llelantbia
1055 1572 1121 1620 non
1152 1549 1268 1622 ferens
1285 1549 1385 1620 animi
1404 1567 1448 1614 nt·

217 1649 290 1706 tum
308 1638 402 1708 intus
426 1650 651 1719 aestuantem,
675 1638 788 1708 statim
816 1653 991 1728 tamquam
1016 1661 1055 1709 ex
1075 1638 1166 1708 malo
1192 1640 1353 1710 thesauro
1377 1633 1449 1704 malos

219 1728 344 1814 promit
361 1747 547 1795 sermones.
567 1731 605 1795 llt
631 1727 781 1815 primum
806 1729 947 1813 quidem
972 1727 1014 1798 ad
1041 1727 1209 1798 nefarium
1237 1727 1394 1798 incitabat
1408 1744 1450 1790 rn-

218 1827 307 1884 tum:
337 1814 521 1906 «Quodsi
554 1815 654 1896 nolis,
682 1817 805 1903 inquit,
833 1830 867 1885 at
889 1839 952 1905 ego
983 1832 1011 1886 te
1044 1817 1117 1906 lege
1138 1818 1349 1886 matrimonii
1373 1813 1447 1904 palan

216 1903 383 1992 accipiam
412 1905 445 1971 in
466 1905 641 1985 maritum,
660 1906 796 1992 erisque
821 1905 985 1974 dominus
1011 1905 1108 1974 multi
1135 1907 1223 1986 auri,
1254 1907 1389 1997 argenti,
1407 1921 1448 1990 pn·

216 1993 321 2062 tiosae
353 1993 465 2071 vestis,
488 2013 663 2082 agrorum,
688 1995 942 2078 jumentorum,
972 1995 1246 2084 mancipiorum:
1281 2017 1339 2086 pro
1361 1991 1448 2080 quibus

218 2103 271 2150 me
288 2101 424 2168 quoquc
442 2080 584 2150 habebis
600 2082 763 2151 ancillam
783 2105 842 2168 pro
860 2082 978 2164 libera,
998 2095 1030 2152 et
1050 2083 1109 2153 tibi
1137 2083 1170 2152 in
1192 2083 1325 2153 honore
1340 2076 1446 2166 aequal:

216 2181 248 2238 et
269 2169 322 2238 bis
339 2168 502 2240 omnibus
522 2170 596 2259 ipse
614 2169 751 2241 frueris.
770 2176 839 2240 Non
865 2184 916 2240 est
934 2173 1026 2240 enim
1043 2172 1128 2240 mihi
1154 2173 1314 2254 maritus,
1337 2193 1389 2239 nec
1403 2165 1439 2235 tlh
1469 2173 1470 2186 ¹

218 2279 280 2328 nec
301 2259 449 2348 cognati.
477 2259 645 2336 Quorsum
664 2261 754 2330 enim
781 2272 848 2329 tam
876 2259 1020 2350 pulcher
1040 2261 1103 2330 llos
1134 2263 1303 2350 corporis,
1329 2272 1359 2328 et
1381 2275 1447 2324 tenu·

217 2347 367 2416 stissima
392 2347 535 2436 species,
556 2369 592 2416 se
604 2350 844 2420 exercitatione
864 2362 1025 2439 perpetua
1043 2349 1200 2419 tabefacit
1217 2362 1252 2420 et
1270 2345 1447 2418 laboribus·

217 2441 305 2505 Haeo
318 2457 398 2504 curn
416 2437 485 2504 acri
506 2448 539 2504 et
552 2437 739 2507 continenti
756 2439 879 2528 spiritu
902 2451 1162 2526 persequeretur
1175 2439 1369 2516 llelantbia,
1386 2437 1446 2502 bean
1468 2455 1469 2488 i

218 2523 415 2614 suspirabat
449 2523 588 2611 quidem
615 2525 657 2594 ad
683 2526 957 2615 unumquodque
986 2549 1105 2597 eorum
1136 2548 1225 2614 quae
1262 2527 1447 2596 dicebantur.

215 2626 248 2681 et
263 2613 370 2681 animi
389 2613 644 2703 perturbatione
671 2615 806 2704 plenam
827 2615 924 2684 valde
941 2615 1148 2685 abhorrebat
1172 2617 1371 2687 orationem.
1394 2617 1449 2678 lot·

216 2702 293 2770 dem
315 2715 428 2770 autem
447 2701 489 2770 ad
510 2701 635 2772 multas
651 2705 726 2794 ejus
752 2726 862 2794 nugas
878 2703 1045 2795 caligans,
1064 2727 1153 2785 cera,
1173 2717 1211 2773 ut
1228 2705 1364 2784 dicitur,
1383 2715 1468 2795 aute.

216 2791 419 2870 obstruenS,
453 2803 486 2860 et
513 2811 574 2859 nec
599 2792 752 2881 amplius
790 2793 929 2880 quidem
966 2793 1086 2862 audire
1109 2793 1304 2864 sustinens:
1337 2783 1468 2858 alphilt*

216 2878 385 2968 linguam,
413 2901 433 2949 o
458 2879 593 2959 mulier,
616 2881 830 2962 exclamarit,
850 2883 983 2963 cohibe,
1003 2895 1035 2951 et
1055 2881 1124 2951 sint
1141 2881 1225 2951 haec
1252 2879 1366 2984 procul
1387 2893 1451 2946 ant·

215 2965 280 3035 bis.
309 2969 436 3056 Expuis
459 2967 604 3036 enimin
637 2989 698 3039 nos
724 2971 839 3058 ipsum
866 2971 958 3040 virus
975 2970 1136 3039 draconis
1158 2985 1293 3042 veteris.
1320 2975 1383 3040 llon
1401 2982 1467 3053 pro-¹

214 3055 339 3123 demus
363 3057 565 3136 castitatem,
594 3079 659 3126 non
699 3079 965 3148 corrumpcmus
997 3059 1047 3126 vir
1074 3059 1252 3130 initatem:
1277 3081 1354 3138 non,
1380 3055 1467 3122 obt*

217 3155 325 3212 mater
341 3157 372 3211 et
398 3146 504 3236 virgo,
530 3145 562 3214 in
587 3167 691 3233 quam
717 3169 779 3236 ego
797 3147 944 3228 confido,
964 3169 1031 3216 non
1048 3081 1165 3217 lallam
1191 3170 1269 3218 mea
1296 3159 1441 3240 pactarot

215 3246 325 3300 venta.
355 3237 465 3303 Unum
491 3246 541 3304 est
558 3235 656 3305 nobis
673 3237 945 3313 matrimonium.
967 3237 1090 3306 Christi
1112 3236 1346 3306 desiderium:
1363 3243 1448 3328 unroh·

217 3333 296 3422 sunt
320 3320 471 3423 divitiae,
500 3325 588 3394 bona
608 3345 695 3412 quae
712 3339 793 3394 sunt
810 3325 843 3394 in
861 3325 984 3395 coelis:
1005 3326 1108 3395 unica
1129 3327 1312 3416 possessio,
1338 3329 1466 3410 cognitu

216 3424 414 3480 veritatis.»

259 3503 375 3586 §itt
405 3505 492 3570 Haec
517 3522 595 3569 cum
623 3501 801 3572 inhonesta
823 3501 989 3573 audiisset
1014 3502 1209 3583 Melanthia,
1230 3503 1293 3584 ira,
1318 3490 1448 3588 quacdiu

216 3609 281 3656 non
301 3602 421 3677 potest,
449 3590 666 3679 incensa(est
685 3593 776 3660 enim
799 3591 913 3680 gravis
937 3613 1045 3672 amor,
1072 3592 1179 3680 etqui
1205 3613 1273 3660 non
1295 3599 1390 3680 potest
1400 3601 1449 3650 on·

213 3677 295 3746 nino
319 3677 498 3766 cohiberi),
529 3676 676 3768 prolecta
693 3693 744 3750 est
767 3679 1018 3760 Alexandriam,
1042 3680 1140 3750 valde
1157 3681 1274 3772 gravia
1294 3671 1448 3770 parturiet<

215 3765 381 3837 adversus
399 3769 601 3857 Eugeniam.
630 3769 757 3838 Deinde
773 3791 852 3838 oum
877 3769 979 3838 etiam
995 3767 1170 3840 difficilem
1190 3771 1224 3838 in
1251 3790 1323 3838 eam
1343 3775 1447 3834 struit-<-

214 3869 264 3926 set
287 3855 511 3938 calumniam,
540 3857 630 3926 venit
653 3857 695 3926 ad
723 3857 932 3928 Praefectum
959 3858 1172 3948 Philippum,
1198 3857 1284 3926 nihil
1309 3856 1405 3926 sciens
1423 3859 1464 3930 rtq

214 3946 257 4016 iis
281 3965 368 4031 quae
393 3945 421 4012 ei
447 3958 652 4016 evenerant:
687 3967 798 4032 neque
817 3945 907 4034 quod
934 3947 963 4015 is
994 3960 1082 4017 esset
1107 3960 1201 4036 pater
1224 3943 1393 4035 Eugeniae,
1409 3951 1464 4026 try

214 4055 280 4122 que
304 4031 393 4120 quod
417 4033 474 4102 illa
502 4046 665 4105 mutasset
686 4035 842 4104 habitum
868 4034 1070 4105 muliebrem
1102 4037 1136 4104 in
1161 4034 1306 4105 virilem.
1330 4029 1370 4099 ld
1392 4037 1445 4090 eun

213 4143 294 4211 ergo
322 4121 500 4202 accedens,
528 4123 570 4192 ab
596 4125 861 4214 intemperantia
893 4126 1016 4196 transit
1036 4123 1078 4192 ad
1108 4122 1327 4200 calumniam,
1352 4125 1463 4213 stetu.

215 4209 336 4298 incipit
353 4230 516 4280 accusare
533 4211 719 4281 admodum
738 4211 886 4304 maligne
901 4224 935 4282 et
952 4212 1119 4301 improbe,
1137 4213 1273 4281 dicens:
1299 4199 1444 4288 «Quidam

214 4295 426 4379 adolescens,
449 4298 536 4367 facie
552 4300 692 4388 quidem
712 4300 894 4382 formosus,
916 4301 973 4370 sed
992 4301 1145 4370 moribus
1162 4299 1258 4369 valde
1281 4293 1442 4366 sceleratus·

216 4383 486 4457 Christianorum
509 4387 680 4460 simulans
695 4390 865 4480 pietatem,
884 4390 924 4460 ad
942 4411 995 4460 me
1019 4403 1069 4461 est
1083 4391 1267 4480 ingressus,
1281 4397 1392 4454 etcum
1408 4385 1462 4803 toll
