2954 4816
33 331 101 396 otc.
125 331 165 396 25
413 351 453 398 nn
476 351 504 398 s.
531 348 706 398 aaasrasm
731 351 876 399 sanatur
1169 337 1235 402 lib

30 432 204 516 familiares,
222 455 302 504 cum
324 455 399 505 sero
417 435 553 506 tandem
570 449 603 505 et
622 435 674 505 aia
693 435 802 506 virum
824 437 1054 527 agnovissent,
1072 449 1105 507 et
1124 437 1159 508 id
1184 440 1275 526 quod

29 522 175 592 acciderat
193 524 431 614 conjecissent,
450 537 483 594 et
497 524 654 595 insaniae
668 525 798 596 miserti
815 537 940 607 essent,
959 545 1037 595 eum
1056 524 1198 596 domum
1216 530 1276 598 ab·

28 611 187 690 duxerunt,
206 611 319 682 risum
340 613 480 700 quidem
496 613 635 684 estillic
658 635 795 701 quoque
819 614 917 684 uxori
941 627 973 684 et
997 613 1126 696 liberis,
1152 628 1185 685 et
1199 637 1275 686 om-

26 699 112 770 nibus
131 701 190 788 qui
206 699 302 769 domi
315 713 424 783 erant,
446 701 609 774 dedecus.
626 702 690 772 Sed
708 701 820 772 lucem
839 702 1028 793 adspicere,
1047 716 1079 774 et
1100 704 1275 776 veritatem

26 809 187 876 agnoscere
203 809 246 858 ne
270 789 473 878 sicquidem
490 791 522 862 ci
546 791 637 860 venit
653 791 688 860 in
715 803 881 860 mentem:
900 792 959 861 sed
977 791 1010 861 id
1031 792 1121 880 quod
1143 791 1272 864 lactum

26 875 115 946 luerat
135 877 326 949 attribuens
349 879 599 960 incantationi,
635 879 872 950 vehementius
909 880 1025 951 adbuc
1047 895 1079 950 et
1115 882 1272 952 insanius

25 965 155 1067 spirabat
177 968 212 1036 in
238 968 403 1059 virgines.
440 969 477 1038 Ei
501 970 617 1056 itaque
648 981 766 1060 parato
799 969 986 1050 tribunali,
1013 969 1113 1060 jubet
1147 970 1275 1041 adduci

25 1075 164 1125 varanes.

59 1077 155 1228 §glab
181 1150 366 1234 Postquam
395 1158 509 1216 autem
533 1143 704 1216 adductae
727 1157 819 1225 sunt,
835 1146 941 1236 jussit
959 1168 1018 1216 eas
1044 1146 1180 1217 adstare
1208 1169 1272 1216 nu-

26 1229 85 1300 das.
111 1237 288 1322 Postquam
322 1255 400 1304 vero
433 1234 597 1324 virgineis
620 1233 690 1305 illis
714 1235 917 1325 corporibus
935 1257 1059 1305 manus
1090 1235 1273 1306 admovere

27 1316 198 1412 lictores(o
222 1323 366 1393 Domine
393 1323 505 1415 opifer
529 1345 644 1394 rerum
674 1322 932 1394 admirabilium
947 1327 954 1392 l
970 1324 994 1414 ),
1019 1325 1166 1408 tunicae,
1188 1337 1271 1394 tam-

25 1427 108 1492 quam
128 1412 302 1482 secundae
318 1433 439 1482 carnes
454 1425 487 1482 et
504 1411 621 1502 pelles,
647 1413 872 1482 circumcirca
889 1424 1047 1482 extensae
1064 1412 1268 1504 virginibus,

25 1495 223 1570 inhaerebant
239 1501 471 1572 coalescentes
490 1513 523 1570 et
535 1501 739 1590 conjunctae
754 1501 876 1591 primis
889 1501 1053 1572 carnibus
1071 1514 1104 1571 et
1118 1503 1269 1574 ossibus.

24 1587 99 1674 Cepit
121 1591 255 1678 eosqui
276 1590 449 1672 videbant,
477 1589 661 1660 admiratio
690 1601 827 1680 propter
850 1611 921 1660 rem
953 1589 1207 1669 admirabilem,
1236 1603 1269 1662 et

23 1693 93 1756 quae
106 1690 171 1747 erat
188 1692 326 1769 praeter
341 1679 558 1769 opinionem:
579 1691 612 1748 et
628 1692 748 1769 stupor
760 1679 885 1750 invasit
907 1701 965 1750 eos
985 1679 1046 1768 qui
1068 1679 1268 1750 audiebant.

24 1765 175 1860 lpmnnus
191 1780 311 1838 autem
334 1768 436 1838 aliam
464 1789 586 1838 rursus
609 1767 736 1858 accipit
751 1767 807 1858 pla
833 1773 1005 1840 amdam
1036 1789 1116 1838 curu
1142 1769 1215 1858 jaan
1248 1769 1271 1838 ii

26 1862 115 1934 auam,
133 1856 191 1942 qui
207 1870 311 1927 erant
325 1856 479 1944 ejusdem
497 1857 696 1937 sententiae,
723 1877 821 1947 repre
848 1857 1012 1928 enderent
1027 1857 1103 1946 ejus
1119 1856 1271 1927 crudeli-

28 1948 116 2022 tatem,
131 1956 161 2013 et
176 1944 387 2016 damnarent
412 1967 483 2016 uno
506 1965 564 2016 ore
588 1945 663 2035 ejus
687 1945 916 2016 voluntariam
942 1945 1139 2016 caecitatem
1165 1957 1198 2014 et
1220 1945 1272 2014 in-

25 2029 141 2113 saniam,
166 2034 216 2105 eis
249 2055 389 2125 quoque
421 2047 471 2104 est
498 2033 684 2126 suffragata
713 2057 863 2125 superna
894 2034 1072 2106 sententia.
1111 2034 1272 2104 Protinus

24 2117 95 2186 enim
110 2121 256 2210 quadam
275 2123 393 2193 divina
416 2135 449 2192 et
463 2122 601 2194 coelesti
618 2137 781 2212 potestate
812 2125 966 2214 privatur
996 2122 1133 2192 videndi
1159 2121 1270 2192 lacul-

26 2211 84 2304 lula
105 2224 133 2278 et
156 2212 302 2301 perinde
324 2231 365 2281 ao
388 2233 509 2282 somno
532 2233 719 2302 oppressus
739 2211 1022 2303 prolundissimo,
1054 2223 1087 2282 et
1108 2210 1194 2280 nihil
1216 2212 1270 2281 iu-

27 2291 151 2383 telligens
172 2321 296 2371 eorum
324 2321 413 2386 quae
436 2299 576 2382 fiebant,
600 2301 646 2370 ita
669 2300 808 2372 sedebat
827 2301 1014 2378 dormiens.
1034 2313 1211 2388 umquam
1230 2300 1265 2368 in

27 2377 132 2455 lectcet
154 2403 315 2459 stertens.
334 2393 418 2460 Eum
443 2391 558 2478 itaque
582 2411 703 2460 rursus
728 2389 870 2460 domum
896 2389 1029 2461 ducunt
1056 2389 1265 2479 propinqui,

26 2477 168 2560 umquam
194 2477 393 2548 inanimum
418 2478 556 2566 aliquod
578 2499 667 2548 ortus
687 2491 873 2570 portantes.
903 2479 1031 2550 Deinde
1049 2479 1133 2548 boec
1164 2478 1265 2546 etiam

24 2561 146 2633 resciscit
169 2571 374 2656 Imperator;
395 2579 428 2636 at
445 2570 522 2658 eius
541 2567 681 2656 quidem
702 2567 908 2639 condemnat
938 2569 1121 2648 levitatem,
1142 2566 1268 2636 Sisinio

23 2661 110 2720 autam
125 2655 261 2725 cuidam
281 2656 401 2726 Comiti
426 2656 591 2748 permittit
606 2656 771 2726 adversus
790 2657 940 2748 virgines
963 2655 1263 2727 examinationem.

53 2739 148 2822 tls.
173 2743 232 2813 llle
261 2765 340 2813 vero
364 2745 541 2836 ingressus
565 2756 615 2815 est
642 2743 761 2816 eadem
790 2747 855 2824 via,
886 2767 955 2834 qua
978 2751 1178 2836 Imperator,
1204 2741 1266 2812 ali·

21 2827 133 2906 quando
147 2832 290 2918 quidem
313 2835 503 2923 tyrannice,
522 2833 710 2922 aliquando
735 2855 813 2904 vero
831 2833 956 2904 blande
974 2856 1054 2904 eum
1075 2833 1125 2933 eis
1144 2853 1263 2934 agens.

22 2913 172 3008 lostquam
198 2933 315 2992 autern
340 2923 457 2996 emnia
476 2923 596 2992 dicens
615 2935 648 2992 et
671 2922 813 3004 laciens,
833 2922 916 2992 vidit
930 2923 1070 3011 quidem
1090 2940 1265 3010 virginum

21 3015 88 3070 anter
115 3028 147 3076 sc
169 3009 308 3079 dillerre
338 3032 501 3100 corpora,
532 3033 638 3081 unam
670 3023 784 3081 autem
809 3033 883 3082 esse
908 3023 1069 3094 mentem,
1088 3023 1122 3080 et
1145 3027 1265 3079 oannes

20 3107 106 3161 unum
128 3107 159 3166 et
180 3097 273 3168 idem
300 3097 424 3179 dicere,
444 3119 585 3190 nempe:
603 3122 622 3166 a
647 3103 761 3188 Neque
786 3101 925 3170 minans
950 3123 1012 3170 nos
1030 3099 1183 3180 terrebis,
1203 3117 1263 3166 ne·

20 3195 69 3274 qpa
82 3183 256 3258 blandiens
275 3187 516 3277 persuadebis:
536 3189 635 3258 nobis
651 3191 744 3258 enim
763 3211 825 3278 pro
845 3189 977 3260 Christo
995 3189 1094 3270 mori,
1113 3199 1165 3258 est
1181 3187 1261 3285 vitam

21 3285 233 3346 altercantem
257 3297 325 3345 non
352 3276 385 3345 in
418 3277 549 3347 Christo
565 3331 577 3359 ,.
600 3299 704 3347 mors.
729 3301 747 3346 >a
771 3283 955 3366 Postquam
981 3277 1064 3347 baec
1088 3285 1260 3432 copnovat,

20 3351 49 3420 le
68 3359 186 3446 juniori
214 3363 356 3456 quidem
383 3369 491 3448 lrene,
523 3387 564 3434 ne
589 3365 801 3455 sicquidem
828 3389 922 3457 spem
947 3387 1085 3437 omnem
1111 3387 1130 3433 a
1153 3362 1260 3461 jecit:

22 3443 62 3511 sed
76 3469 146 3518 cum
166 3473 241 3522 eam
264 3468 488 3544 separasseta
507 3453 661 3542 reliquis,
680 3456 724 3526 ab
741 3461 865 3546 agape,
885 3456 1038 3544 inquam,
1053 3469 1086 3524 et
1105 3453 1259 3528 Cbionra,

21 3549 61 3601 us
84 3553 246 3692 postremo
270 3543 422 3612 tentavit.
450 3543 514 3613 Sed
539 3565 618 3612 cum
645 3545 765 3616 multis
787 3547 1003 3634 consumptis
1026 3538 1260 3618 sermonibus,

22 3635 46 3685 St
64 3643 153 3711 pane
172 3631 265 3700 novit
288 3632 471 3712 euremari,
490 3653 579 3722 quae
603 3633 681 3722 capi
701 3654 769 3703 non
788 3645 954 3723 poterant,
973 3646 1007 3703 et
1026 3633 1128 3724 plane
1146 3626 1263 3698 verbe·

23 3724 76 3808 ttae
95 3719 215 3800 adrem,
241 3741 300 3790 eas
323 3720 532 3791 condemnat
551 3732 589 3792 ut
605 3721 686 3812 igne
713 3733 856 3793 mortem
882 3721 1050 3793 subirent.
1078 3725 1117 3790 lit
1142 3726 1262 3818 parata

23 3799 132 3900 quadem
155 3820 226 3878 crat
244 3808 363 3880 loruax
379 3809 567 3880 luculenta:
586 3811 737 3902 virgines
751 3833 829 3882 vero
847 3811 1000 3882 munitae
1018 3810 1263 3902 pulcherrimas

24 3901 103 3960 trmas
133 3897 318 3981 orationis,
352 3920 423 3969 una
445 3898 585 3987 quidem
620 3921 701 3970 voce
735 3899 778 3969 ad
815 3901 1014 3982 canticum,
1040 3921 1111 3969 uno
1145 3908 1262 3967 autem

25 3989 149 4069 prompto
170 3998 203 4055 et
226 3987 333 4057 alacri
351 3989 469 4058 animo
493 3987 724 4078 procedebant
743 3988 786 4058 ad
812 3989 941 4080 ignem:
960 3989 1058 4059 etsie
1076 3985 1181 4058 simul
1206 4004 1262 4082 ca·

27 4077 124 4150 nentes,
141 4073 173 4142 in
197 4075 314 4167 ignem
339 4075 561 4148 insiluerunt.
584 4078 679 4167 lgnis
704 4099 782 4147 vero
809 4101 876 4148 non
895 4091 967 4148 erat
982 4077 1135 4169 amplius
1153 4077 1258 4171 ignis,

27 4151 65 4216 ted
85 4177 131 4227 ros
150 4175 242 4233 tener
264 4177 296 4236 et
322 4165 447 4236 mollis.
471 4171 560 4237 Deus
585 4179 699 4236 autem
721 4165 845 4235 dividit
870 4166 1102 4236 miraculum:
1132 4175 1260 4255 partim

29 4241 131 4346 fluidam
150 4249 284 4322 illarum
301 4253 451 4343 implens
469 4256 679 4346 petitionem,
731 4256 833 4326 artim
855 4277 934 4326 vero
958 4277 1056 4325 suam
1073 4252 1261 4324 ostendeus
1347 4303 1351 4312 .

32 4339 187 4408 lucanam.
204 4347 287 4411 Nam
314 4342 392 4412 illae
407 4343 546 4431 quidem
564 4345 639 4414 sine
662 4278 780 4415 defore
804 4367 886 4416 suas
910 4347 1045 4414 animas
1072 4343 1106 4412 in
1133 4355 1259 4412 manus

33 4409 71 4479 Μ
88 4419 314 4514 deposuerunt,
342 4432 432 4522 ignis
455 4445 570 4505 autem
596 4432 662 4503 luit
679 4434 862 4504 extinctus:
884 4447 918 4504 et
941 4454 1084 4524 corpora
1106 4431 1259 4522 virginea
