2954 4816
225 291 290 356 406
482 357 488 370 ,
518 307 556 353 nii
580 306 766 354 niriiirira
791 307 982 356 siivironis
1006 307 1117 356 itosrai
1295 289 1373 354 biit.
1395 291 1426 354 st

180 413 216 462 se
237 405 425 484 gesserant,
449 391 577 481 quibus
606 391 770 481 injustam
798 390 938 462 caedem
965 391 1159 473 attulerant,
1185 392 1363 462 Dominum
1384 397 1427 462 le

181 503 258 552 suin
285 480 443 573 aggredi:
474 479 531 551 sed
559 479 601 548 ad
630 480 789 562 Pilatum,
819 485 1051 550 Romanorum
1080 480 1154 550 loco
1185 480 1426 570 praesidentem,

180 569 410 646 adduxerunt,
429 589 557 659 poenas
573 567 617 638 ab
631 567 692 640 illo
705 569 890 658 exigentes.
905 569 1133 652 Quamobrem
1151 569 1282 640 Pilatus
1297 589 1426 660 praeses.

182 669 220 728 ut
240 659 323 728 vidit
345 657 495 729 ludaeos
516 657 654 727 caedem
681 659 816 728 bomini
839 659 1068 730 communiter
1091 659 1297 748 flagitantes,
1317 658 1430 728 dicebat

181 746 263 829 illis,
289 759 327 817 ut
349 745 525 817 manileste
541 767 600 816 vos
614 745 717 816 etiarn
735 747 802 837 ipsi
818 747 1046 838 cognovistis:
1071 747 1168 818 ll'r'ltil
1189 749 1330 838 dr'gnarn
1345 757 1431 817 morte

180 838 313 906 invenio
325 837 360 905 in
377 836 436 906 hoc
451 836 582 905 homine
597 834 689 924 (Luc.
707 839 829 920 iiii).Q
845 835 992 906 nefarios
1005 848 1038 906 et
1054 835 1192 924 iniquos
1208 835 1367 918 ludaeos,
1381 857 1431 904 cur

179 937 354 1024 tantopere
384 923 529 994 studetis
552 929 786 994 Romanorum
811 925 1048 1014 magistratum
1079 923 1295 1006 labefactare,
1321 925 1430 1015 injusto

172 1011 307 1100 judicio
318 1013 451 1103 justum
482 1011 581 1082 illum
603 1012 853 1103 aggredientes,
872 1027 903 1084 et
926 1013 1047 1084 dantes
1069 1034 1209 1083 omnem
1228 1035 1379 1104 operam,
1400 1027 1429 1080 ut

179 1101 496 1182 innocentissimus,
523 1115 555 1172 et
578 1100 621 1170 ab
644 1102 739 1171 omni
764 1100 840 1171 labe
865 1103 1086 1190 purissimus,
1115 1115 1294 1190 tamquam
1321 1123 1431 1172 nocens

175 1189 438 1272 condemnatus,
466 1189 644 1260 demedio
670 1189 829 1278 tollatur?
851 1191 967 1264 llihil.
993 1190 1131 1277 inquit,
1166 1190 1314 1282 dignuin
1343 1205 1431 1260 morte

107 1347 110 1352 ,
177 1279 315 1348 invenio
347 1279 380 1348 in
410 1278 548 1349 homine
571 1279 648 1348 isto.
677 1281 764 1348 Jure
790 1280 898 1370 igitur
920 1279 1091 1349 barabbas
1116 1279 1386 1357 condemnetur,
1410 1291 1434 1346 et

175 1368 274 1438 lesus
291 1367 498 1450 absolvatur,
516 1391 596 1438 cum
612 1367 669 1437 ille
685 1367 869 1438 seditiosus
886 1369 930 1438 sit
945 1380 978 1438 et
993 1367 1180 1450 homicida,
1205 1369 1262 1438 hic
1275 1368 1433 1439 beneficus

174 1469 207 1524 et
231 1456 318 1525 vitae
335 1456 444 1526 dator.
460 1461 507 1526 hri
527 1454 575 1524 illi
594 1457 772 1538 beneficia,
795 1470 970 1544 tamquam
993 1457 1152 1538 crimina,
1174 1455 1435 1547 exprobrabitisl

176 1547 215 1614 lu
234 1543 324 1614 hanc
343 1545 546 1615 sententiam
576 1545 705 1616 Pilatus
734 1545 922 1636 respondit.
949 1545 1012 1616 Sed
1039 1545 1207 1632 quidnam
1238 1546 1432 1618 ludaeorum

176 1633 290 1702 natio?
303 1632 366 1704 llla
389 1633 529 1721 quidem
552 1633 780 1704 nihilominus
806 1635 972 1716 saeviens,
992 1634 1139 1704 Pilatum
1165 1637 1297 1725 ipsum,
1320 1646 1357 1706 ut
1382 1639 1432 1703 iu-

176 1723 267 1813 gusti
285 1723 438 1793 Caesaris
454 1722 648 1805 inimicum,
666 1723 796 1813 quippe
812 1722 904 1810 quod
930 1723 1061 1792 Christo
1082 1723 1367 1813 patrocinaretur,
1391 1722 1433 1792 bis

177 1810 290 1882 verbis
315 1822 527 1901 praesentem
552 1811 820 1899 insequebatur:
844 1814 884 1882 Si
902 1812 990 1881 bunc
1013 1811 1433 1892 damnanationem

178 1901 332 1970 Caesaris
346 1901 461 1990 (loon.
477 1899 558 1988 xix),
578 1899 748 1988 siquidem
774 1899 825 1970 illi
849 1901 953 1972 vitam
979 1900 1167 1983 condonas,
1185 1903 1248 1989 qui
1273 1924 1311 1972 se
1326 1907 1432 1992 Regem

175 2009 250 2059 csse
266 1988 363 2059 dicit.
381 1993 470 2059 llaec
486 1989 619 2058 ludaei.

218 2079 236 2164 ᾖ
259 2082 298 2150 Ὶ.
325 2081 363 2148 lt
385 2077 516 2148 Pilatus
533 2097 644 2164 neque
658 2077 708 2147 sio
727 2077 883 2168 permisit
897 2077 1045 2150 ludaeos
1065 2099 1128 2148 suo
1147 2077 1331 2159 arbitratu,
1352 2077 1433 2168 quir·
1466 2109 1467 2112 ¹

173 2165 256 2251 quid
284 2165 419 2250 vellent,
446 2164 480 2235 in
503 2165 674 2237 Christum
690 2165 811 2236 lacere.
838 2171 923 2238 llam
947 2166 977 2237 si
995 2187 1055 2256 per
1071 2167 1261 2268 imperium
1280 2165 1431 2238 Praesidis

174 2253 329 2326 licuisset
345 2254 510 2324 Iudaicae
526 2255 618 2344 genti
643 2253 754 2326 lacere
773 2277 862 2345 quae
885 2253 1035 2337 volebat,
1061 2254 1240 2346 lapidibus
1266 2258 1431 2327 Dominari

172 2341 291 2413 lesum
315 2344 524 2423 obruissent,
545 2344 596 2414 vel
613 2365 705 2414 serra
722 2343 835 2435 lignea
860 2343 1119 2414 disseruissent.
1146 2343 1244 2428 Quod
1267 2345 1299 2416 si
1323 2343 1430 2416 lactura

171 2431 304 2514 fuisset,
324 2452 387 2504 nos
404 2431 521 2502 Crucis
538 2432 705 2503 beneficio
717 2432 923 2515 delraudati,
942 2430 1110 2502 damnum
1130 2434 1224 2524 passi
1244 2433 1428 2504 fuissemus.
1465 2495 1466 2528 ,

170 2522 289 2590 Crucis
312 2520 405 2591 enim
431 2519 453 2590 li
482 2541 578 2602 num,
606 2523 753 2592 Romani
772 2521 899 2612 judicii
927 2521 1108 2612 proprium
1136 2533 1188 2593 est
1217 2523 1428 2625 suppliciunt·

169 2611 400 2692 Quamobrem
425 2543 555 2680 Pilatus
579 2609 701 2680 iterum
726 2631 785 2682 eos
810 2611 1040 2702 interrogans,
1065 2609 1199 2699 ajebat:
1227 2613 1320 2695 Quid
1344 2610 1430 2680 vultis

168 2697 292 2768 sariam
310 2699 341 2768 ei
356 2698 416 2786 qiii
441 2697 567 2768 dicitur
583 2699 761 2770 Christus?
779 2697 835 2770 Illi
859 2721 937 2770 vero
961 2697 1180 2770 clamabant:
1207 2701 1315 2784 Tolle,
1342 2697 1426 2771 tolle:

167 2787 332 2878 crucifige
355 2808 449 2856 euni.
476 2787 609 2870 Quibus
636 2787 751 2858 statim
778 2787 909 2860 Pilatus
931 2809 1096 2886 assensus
1119 2801 1181 2860 est.
1203 2793 1328 2859 Datum
1352 2787 1428 2858 enin

166 2873 199 2942 ei
226 2874 338 2946 luerat
360 2874 510 2965 desuper
532 2875 649 2946 divino
675 2888 773 2946 nutu.
800 2877 912 2968 llujus
940 2877 1046 2968 igitur
1073 2889 1183 2948 rectae
1212 2873 1428 2970 ordinationis

167 2983 296 3040 causa,
324 2963 480 3034 instituta
502 2978 553 3035 est
602 2966 690 3034 rima
713 2966 778 3035 sub
802 2971 954 3056 Augusto
978 2970 1119 3036 Caesare
1142 2967 1345 3058 descriptio.
1373 2963 1430 3034 llisi

167 3052 261 3120 enim
281 3052 332 3122 lex
348 3053 432 3122 haec
456 3067 553 3124 antea
578 2987 645 3122 lata
669 3052 956 3137 luisset,1)omiui
980 3059 1065 3125 lesu
1089 3055 1215 3124 Christi
1238 3077 1367 3146 corpus
1389 3071 1429 3150 st·

166 3139 326 3231 pulturae
350 3143 521 3232 integrum
548 3141 749 3212 mandatum
775 3163 844 3214 non
867 3156 967 3214 esset.
1001 3147 1085 3215 Nam
1112 3141 1329 3216 ludaeorum
1354 3153 1429 3212 natio

167 3229 276 3299 nimio
300 3229 415 3301 lurore
434 3251 590 3312 accensa,
616 3232 833 3304 Dominiciim
849 3253 977 3323 corpus
996 3231 1031 3300 in
1057 3233 1187 3322 ignem,
1210 3247 1272 3304 aut
1291 3234 1326 3303 in
1352 3247 1429 3324 mari

165 3316 357 3407 dejecisset.
389 3324 472 3390 llam
501 3319 530 3390 si
559 3321 757 3402 teremiam,
785 3341 852 3390 non
882 3320 932 3391 sic
956 3320 1121 3403 invisum,
1148 3322 1183 3391 iu
1210 3321 1327 3392 lacum
1346 3337 1427 3390 coeni

166 3406 309 3565 plenum
328 3409 569 3496 conjecerunt:
592 3408 676 3497 quid
693 3409 727 3478 in
745 3408 868 3482 Christi
886 3431 1107 3500 summopere
1122 3410 1190 3481 sibi
1205 3411 1301 3482 exosi
1317 3425 1427 3496 corpus

180 3498 291 3568 acturi
317 3497 474 3578 luissent,
502 3497 570 3567 nisi
600 3503 775 3568 Romanae
798 3497 885 3590 legis
908 3519 1056 3590 poenam
1081 3500 1302 3571 timuissent?
1317 3502 1427 3581 Quam·

165 3585 284 3655 obrem
304 3607 385 3656 cum
404 3584 492 3656 nulli
511 3584 721 3658 ludaeorum
745 3585 876 3657 Pilatus
898 3587 1136 3668 concessisset,
1163 3600 1202 3659 ut
1227 3587 1350 3659 Christi
1365 3603 1427 3656 cor-

167 3695 233 3764 pus
253 3673 295 3744 dc
312 3679 418 3746 Cruce
437 3672 634 3764 deponeret,
656 3675 783 3766 loseph
797 3676 841 3747 ab
855 3676 1043 3747 Arimatbia
1061 3675 1160 3747 Pilati
1178 3679 1314 3748 amicus
1329 3693 1425 3745 acces·
1462 3741 1463 3744 ,

166 3763 222 3847 sit,
248 3775 281 3832 et
295 3763 394 3866 petiit
413 3785 541 3854 corpus
558 3763 651 3846 lesu,
672 3764 765 3852 quod
788 3777 822 3835 et
845 3765 988 3857 accepit,
1012 3785 1085 3836 rein
1110 3764 1213 3856 plane
1229 3763 1424 3858 singularem

164 3861 269 3940 atque
293 3853 614 3944 incomparabilem.
641 3854 839 3925 Necessaria
861 3855 980 3946 igitur,
1007 3865 1046 3926 ut
1070 3875 1171 3945 saepe
1194 3853 1354 3932 diximus,
1379 3847 1424 3917 de·

164 3941 307 4100 scriptio
331 3941 396 4011 luit
425 3944 497 4043 sub·
519 3947 671 4034 ilugusto
696 3945 857 4025 Caesare,
882 3965 952 4032 qua
974 3955 1008 4016 ct
1032 3964 1181 4034 sponsus
1208 3941 1371 4040 Virginis,
1394 3945 1424 4004 ut

165 4053 269 4118 pauo
289 4043 368 4101 ante
383 4029 576 4114 audivistis,
595 4053 722 4104 census
733 4030 814 4102 luit:
835 4053 915 4102 nam
931 4044 1023 4103 totus
1040 4031 1195 4104 mundus
1210 4031 1421 4119 descriptione

163 4118 224 4189 illa
244 4133 356 4190 rectae
379 4119 608 4192 ordinationis
626 4119 818 4212 primordia
834 4132 916 4192 tunc
935 4121 1080 4212 accepit.
1108 4120 1173 4192 sed
1191 4131 1421 4211 prosequamur
1461 4153 1462 4210 ι

165 4208 391 4366 Evangelioae
407 4208 571 4280 historiae
596 4211 840 4280 narrationem.
1461 4223 1462 4242 ¹

210 4301 229 4376 ἓ
287 4345 294 4364 ·
321 4299 396 4368 Ibat
410 4296 538 4386 Jcscph
555 4318 635 4369 curii
654 4298 801 4388 Virgine,
819 4299 943 4388 partim
959 4297 1107 4386 adjutor,
1128 4297 1252 4388 partim
1268 4302 1417 4386 spectator
1461 4253 1462 4319 l

165 4403 286 4453 eorum
311 4407 400 4474 quae
424 4385 541 4457 lutura
562 4397 676 4457 erant:
704 4407 772 4456 non
797 4387 879 4476 quia
903 4387 1035 4479 Virgini
1059 4387 1216 4477 adjutore
1238 4405 1322 4478 opus
1342 4384 1416 4450 csse!
