2972 4826
239 283 303 347 202
489 303 529 348 us
553 301 580 348 s.
608 301 764 348 nuuansro
789 303 837 348 ur.
865 301 991 350 uentos.
1019 303 1056 349 rr
1079 299 1170 350 oocr.
1327 281 1441 347 butt

196 385 373 466 sustinuit,
389 406 477 472 quae
495 385 698 455 muneribus
715 396 817 473 atque
837 385 1028 457 honoribus
1051 385 1216 456 adversus
1240 397 1385 456 sanctum
1402 385 1442 452 vi-

197 495 272 543 rum
299 473 435 555 oblatis,
464 471 630 574 populum
656 474 840 555 excitabam
867 475 927 544 sed
946 475 1163 544 infirmorum
1187 489 1314 544 mentes
1336 473 1443 542 talibus

198 563 379 654 promissis
402 561 675 652 decipiebantur.
691 563 912 634 Promittebat
928 564 1019 632 enim
1041 565 1236 633 tribunatus
1259 576 1291 632 et
1313 563 1443 632 diversas

197 652 283 722 alias
307 651 491 742 dignitates
522 652 587 733 iis,
618 653 677 739 qui
705 651 802 720 illum
828 651 870 722 de
900 653 1045 722 ecclesia
1070 666 1220 742 raptum,
1239 653 1281 721 od
1306 651 1443 722 exsilium

199 741 450 830 perduxissent.
465 741 560 822 Quod
579 763 658 810 cum
679 739 779 810 multi
796 755 1015 823 conarentur,
1035 742 1107 822 sed,
1124 747 1189 810 heo
1207 740 1367 830 praesule,
1386 761 1444 829 per-

198 829 299 898 heere
324 851 391 898 non
414 828 574 910 vaierent,
597 851 689 898 unus
713 829 883 900 infelicior
910 830 1064 913 caeteris,
1088 831 1227 900 nomine
1250 829 1444 919 Euthymios,

199 929 291 986 tanto
309 916 423 988 lurore
439 918 604 988 excitatus
621 928 683 998 est,
707 932 745 988 ut
755 920 853 1009 justa
869 919 1048 989 ecclesiam
1071 919 1136 989 sibi
1157 919 1299 988 domum
1320 928 1444 1008 pararet,

198 1021 299 1094 atque
331 1008 364 1075 in
399 1006 517 1076 eadem
542 1029 683 1076 currum
710 1009 949 1088 constitueret,
980 1029 1048 1095 quo
1072 1006 1209 1078 facilius
1235 1019 1390 1097 raptum,
1413 1005 1444 1074 ad

198 1095 356 1166 exsilium
379 1095 588 1186 perduceret.
609 1095 671 1165 Sed
700 1097 863 1183 iniquitas
879 1097 954 1184 ejus
971 1098 1005 1166 in
1025 1099 1181 1167 verticem
1202 1097 1312 1187 ipsius
1328 1094 1447 1164 descen·

198 1183 259 1254 dit.
279 1189 356 1254 Post
379 1206 510 1253 annum
535 1184 627 1254 enim
653 1184 771 1254 eodem
799 1185 873 1268 die,
900 1208 969 1273 quo
994 1185 1092 1256 illum
1123 1207 1241 1276 rapere
1266 1208 1302 1256 se
1324 1186 1447 1254 arbitra·

199 1275 310 1354 hatur,
337 1273 454 1343 eodem
483 1287 645 1362 carpento
671 1273 864 1362 impositus,
886 1274 1066 1344 decadem
1093 1274 1196 1344 domo
1221 1276 1295 1364 ipse
1318 1274 1356 1342 ad
1374 1273 1447 1341 essi-

198 1363 283 1432 lium
308 1363 499 1432 destinatus
523 1375 585 1442 est,
604 1377 768 1451 reputans
792 1363 858 1433 sibi
871 1363 964 1451 justo
984 1363 1119 1452 judicio
1146 1363 1200 1432 Dei
1223 1364 1256 1432 id
1278 1364 1311 1432 in
1337 1385 1369 1432 se
1390 1383 1447 1430 esse

198 1473 415 1532 conversum,
442 1461 479 1519 ut
504 1452 537 1521 in
563 1451 680 1520 eodem
702 1465 864 1540 carpento
888 1452 1093 1542 dirigeretur
1109 1451 1150 1520 ad
1178 1453 1349 1531 exsilium,
1374 1448 1446 1536 quod

200 1541 272 1630 ipse
305 1552 479 1629 paraverat
514 1540 694 1610 sacerdoti.
732 1541 792 1610 Cui
832 1563 898 1608 non
935 1542 1116 1610 minimum
1155 1541 1267 1611 solatii
1312 1539 1449 1610 sacerdos

200 1629 369 1787 praebuit,
400 1627 513 1698 dando
543 1641 727 1717 sumptus,
761 1629 809 1698 vel
845 1628 910 1698 alia
939 1650 1027 1716 quae
1051 1643 1149 1698 erant
1173 1631 1374 1700 necessaria.
1400 1625 1447 1696 Sed

213 1741 282 1787 iaec
307 1717 476 1788 consessio
507 1717 658 1786 hominis
689 1739 749 1786 nec
785 1718 940 1786 mulieris
969 1719 1143 1799 furorem,
1173 1740 1233 1789 nec
1266 1735 1447 1788 vesanorum

198 1809 399 1877 hrianorum
430 1806 637 1875 dementiam
665 1807 837 1892 repressit.
864 1807 991 1894 Majore
1018 1807 1111 1876 enim
1137 1809 1275 1878 accensi
1305 1806 1446 1876 amentia.

199 1895 375 1966 basilicam
395 1895 587 1965 Portianam
606 1893 765 1964 invadere
782 1895 990 1966 nitebantur.
1009 1897 1184 1967 Exercitus
1199 1897 1303 1967 etiam
1322 1906 1449 1966 armatus

199 1985 240 2054 nd
262 1984 505 2056 custodiendas
525 1983 612 2054 sores
627 1984 791 2053 ecclesiae
814 1996 864 2053 est
884 1983 1046 2065 directus,
1067 1998 1103 2054 ut
1128 2007 1228 2056 nemo
1255 1985 1391 2055 auderet
1406 2003 1449 2080 ca·

199 2074 359 2145 tholioam
386 2072 564 2143 ecclesiam
587 2072 731 2162 ingredi.
752 2071 815 2141 Sed
843 2074 1020 2154 Dominus,
1039 2075 1097 2161 qui
1116 2073 1158 2144 de
1175 2075 1379 2144 adversariis
1394 2089 1449 2139 suts

198 2162 369 2234 Ecclesiae
393 2185 475 2232 suae
509 2162 702 2250 triumphos
730 2160 857 2231 donare
893 2164 1092 2243 consuevit,
1120 2163 1160 2232 ad
1192 2163 1357 2233 ecclesiae
1386 2178 1449 2230 suae

200 2253 454 2322 munimentum
477 2249 625 2319 militum
642 2249 744 2318 corda
762 2251 939 2332 convertit,
959 2264 997 2321 ut
1011 2251 1164 2322 adversis
1183 2254 1291 2323 scutis
1308 2249 1449 2322 ecclesiae
1474 2259 1475 2270 ¹

199 2341 288 2410 iores
306 2351 490 2420 servarent,
511 2361 572 2408 nec
596 2339 710 2428 egredi
732 2338 954 2421 dimitterent,
974 2338 1029 2410 sed
1050 2341 1084 2408 in
1114 2341 1184 2410 redi
1201 2341 1379 2412 ecclesiam
1397 2337 1449 2434 ple·

202 2431 275 2499 bem
291 2427 493 2498 catholicam
514 2427 656 2496 minime
677 2427 907 2518 prohiberent.
927 2429 990 2499 Sed
1011 2451 1072 2499 nec
1088 2364 1154 2499 hoc
1171 2431 1254 2501 satis
1268 2443 1340 2500 erat
1356 2429 1449 2498 missu

200 2519 380 2597 militibus,
400 2517 465 2585 uisi
490 2516 592 2585 etiam
620 2539 680 2605 pro
705 2517 871 2587 catholica
893 2517 960 2586 lide
984 2539 1062 2588 oum
1087 2518 1185 2609 plebe
1211 2519 1339 2608 pariter
1361 2514 1450 2586 accla-

201 2618 343 2676 marent.
371 2611 441 2674 Hoc
470 2605 504 2672 in
541 2619 691 2694 tempore
716 2606 828 2695 primo
853 2607 1084 2696 antiphonae,
1112 2607 1235 2698 hymni
1269 2633 1310 2678 ac
1336 2605 1449 2696 vigiliae

200 2695 233 2764 iu
258 2695 401 2765 ecclesia
434 2693 678 2763 Mediolanensi
705 2693 870 2764 celebrari
895 2710 1103 2788 coeperunt:
1140 2698 1241 2787 cujus
1266 2692 1451 2766 celebritatis

198 2783 331 2853 devotio
356 2783 515 2870 usquein
535 2782 740 2852 hodiernum
766 2782 871 2863 diem,
893 2805 958 2854 nott
978 2784 1090 2854 solum
1117 2785 1151 2854 in
1172 2785 1293 2856 eadem
1312 2783 1447 2856 ecclesia.

201 2894 317 2942 verum
345 2893 404 2962 per
427 2892 547 2940 omncs
572 2893 657 2960 pene
678 2871 872 2942 Occidentis
897 2873 1091 2962 provincias
1113 2889 1238 2944 manet.

242 2963 260 3048 ᾗ
284 2967 331 3031 fl.
357 2965 419 3030 Per
443 2959 532 3028 idem
554 2960 719 3048 tempus*
737 2961 844 3030 saneti
865 2975 1032 3052 martyres
1049 2963 1222 3033 Protasius
1241 2975 1275 3033 et
1292 2960 1450 3034 Gervasios

200 3070 234 3117 se
253 3049 420 3118 sacerdoti
447 3048 702 3118 revelaverunt:
721 3063 818 3119 erant
833 3051 924 3119 enim
948 3052 981 3120 in
1005 3050 1147 3121 basilica
1161 3051 1196 3086 *⁸
1213 3053 1331 3210 Ξοείιί,
1350 3052 1381 3119 in
1399 3065 1450 3134 qua

199 3151 280 3206 sunt
300 3138 400 3206 hodie
424 3159 565 3228 corpora
590 3137 733 3208 Nabaris
747 3151 779 3208 et
803 3139 933 3208 Melicis¹
949 3153 1151 3228 martyrum.
1171 3146 1211 3211 Se
1252 3141 1360 3213 sancti
1378 3155 1450 3206 mar·
1471 3195 1472 3198 ,

200 3239 291 3316 tyres
315 3228 426 3298 Mabor
453 3241 485 3296 nt
516 3226 605 3296 Felix
630 3227 850 3297 celeberrime
875 3227 1200 3315 frequentabantur;
1228 3229 1368 3300 Protasii
1390 3215 1472 3323 verul

199 3331 231 3386 et
255 3316 404 3386 Gervasii
432 3331 621 3405 martyrum
651 3329 687 3385 ut
713 3317 876 3398 uomina,
904 3317 950 3386 ita
977 3319 1079 3388 etiam
1107 3319 1268 3409 sepulcra
1298 3321 1450 3406 incognna

199 3420 307 3487 erant,
339 3406 509 3474 intantum
530 3418 699 3493 utsupra
728 3405 883 3495 ipsorum
909 3405 1068 3506 sepulcra
1096 3409 1316 3478 ambularent
1337 3422 1447 3476 omnes.

198 3495 256 3579 qui
276 3494 399 3564 vellent
422 3494 463 3563 ad
494 3493 665 3564 cancellos
692 3493 877 3593 pervenire,
896 3496 1025 3580 quibus
1054 3509 1250 3566 sanctorum
1274 3494 1406 3566 Maboris
1426 3497 1450 3584 el

200 3583 319 3653 Felicis
352 3595 540 3670 martyrum
576 3583 619 3650 ab
651 3583 779 3672 inyuria
813 3583 971 3673 sepulcra
1001 3583 1285 3656 defendebantur.
1319 3582 1377 3654 Sed
1403 3577 1449 3648 ubl

199 3687 396 3742 sanctorum
429 3677 614 3759 Martyrum
645 3683 727 3741 sunt
750 3693 809 3740 cor
835 3694 893 3742 ora
925 3671 1032 3742 levata
1064 3687 1096 3743 et
1128 3674 1161 3742 in
1191 3673 1320 3744 lecticis
1347 3668 1447 3760 posita·

200 3760 385 3830 multorom
418 3761 464 3830 ibi
490 3773 629 3829 sanatae
662 3760 795 3848 aegritu
824 3761 896 3830 ines
921 3761 1161 3851 perdocentur.
1189 3767 1316 3833 Caecus
1338 3759 1470 3840 etiam}

200 3853 342 3918 Severus
362 3851 511 3930 nomine,
531 3849 589 3936 qui
614 3869 707 3916 nunc
728 3870 839 3936 usque
863 3850 897 3918 in
915 3849 1033 3919 eadem
1062 3851 1217 3932 basilica,
1235 3871 1321 3938 quae
1343 3845 1470 3944 dicitutl

199 3939 435 4016 Ambrosiam,
455 3938 487 4005 in
509 3958 611 4026 quam
632 3941 817 4026 Martyrum
837 3959 981 4028 corpora
1006 3953 1087 4008 sunt
1112 3939 1286 4022 translata,
1315 3937 1448 4024 religiose

199 4027 312 4108 servit,
336 4027 395 4096 ubi
414 4037 537 4096 vestem
557 4030 741 4112 Martyrum
759 4027 882 4116 attigit,
902 4029 1015 4098 statim
1032 4028 1149 4098 lumen
1173 4029 1307 4118 recepit.
1326 4027 1447 4096 Obsessa
1468 4047 1469 4110 p

199 4114 299 4184 etiam
328 4115 474 4204 corpora
495 4137 514 4183 a
539 4115 720 4200 spiritibus
745 4114 947 4193 immundis,
975 4129 1104 4198 curata,
1132 4139 1268 4187 summa
1293 4135 1366 4185 cum
1385 4113 1469 4198 gra?

201 4203 244 4273 tia
269 4202 412 4273 domurn
443 4203 651 4294 repetebant.
678 4202 740 4272 Sed
767 4203 809 4273 iis
842 4204 1020 4276 beneficiis
1054 4211 1240 4298 Martyrum
1266 4181 1469 4292 inquantum*

225 4365 238 4390 Ι

225 4367 325 4458 ”affice
334 4365 379 4457 {ll
387 4417 494 4458 Gervutt
504 4419 527 4458 ct
538 4417 637 4458 Protestt
648 4420 782 4462 turonttont
792 4425 814 4460 at
824 4422 845 4463 S.
857 4419 1003 4471 humabunt
1013 4423 1095 4464 aderat
1106 4423 1160 4467 tctr.
1170 4423 1275 4473 consecr..
1284 4421 1321 4462 Mb.
1334 4418 1372 4460 ixl.
