2972 4826
230 320 293 385 228
530 335 1113 386 nnecnaxrnouxa.viae.xan1xr
1210 291 1213 296 ⁵
1318 315 1426 381 hild?

182 445 293 503 suum,
313 433 343 492 et
363 425 433 514 ipse
453 433 626 512 tamquam
648 445 786 513 sponsus
799 422 980 513 procedens
996 423 1036 490 dc
1052 423 1203 492 thalamo
1218 443 1276 490 suo
1293 419 1355 510 (Pr.
1371 423 1425 500 t8t.

184 515 210 581 0
233 513 350 601 sponsi
368 510 578 580 desiderium
603 532 759 580 summae
784 510 962 600 puritatisl
991 510 1167 598 Propriam
1193 508 1347 584 ancillam
1366 527 1428 596 pro-

183 601 343 757 Eensiorc
368 601 491 668 allectu
519 599 696 670 constituit
721 620 883 689 sponsam
914 610 947 668 et
970 611 1127 668 matrem.
1154 597 1287 668 Gabriel
1308 595 1430 666 edectus

209 710 308 778 ospes
328 687 488 778 Virginis,
511 686 596 758 coeli
620 698 653 758 et
677 701 786 757 terrae
809 688 989 758 incensum
1010 699 1113 774 atque
1129 685 1356 758 suffimentum
1373 705 1431 752 una
1473 697 1474 776 t

184 776 376 866 copulavit:
403 797 507 866 quam
525 775 664 862 quidem
676 777 849 868 Virginem
870 775 1055 866 prophetae
1073 775 1166 845 clare
1182 774 1429 876 descripserunt,

186 865 270 936 dum
300 864 542 956 praedicarunt
569 866 691 934 seriem
722 864 934 955 nuptiarum.
957 863 1135 947 Quomodo
1160 864 1262 955 Virgo
1280 863 1434 932 invenitur
1473 897 1474 944 q

184 953 438 1024 essecoelestis
454 973 580 1043 sponsa
596 965 628 1024 et
653 965 771 1034 mater,
791 975 880 1040 quae
896 954 1066 1024 donorum
1085 952 1368 1044 antenuptialium
1383 969 1434 1018 nc·
1473 957 1474 1016 t

187 1042 289 1124 mine,
313 1043 477 1132 Spiritum
505 1046 667 1112 Sanctum
691 1044 835 1133 accepit,
864 1042 954 1112 dctis
977 1064 1056 1112 vero
1075 1043 1198 1132 gratia,
1224 1041 1354 1113 coelum
1377 1059 1435 1107 una

185 1153 265 1202 cum
285 1130 464 1221 paradiso?
480 1131 670 1213 Quaerebat
686 1131 792 1221 igitur
808 1132 909 1222 Virgo
933 1130 1134 1221 conspicere
1156 1152 1259 1218 quem
1284 1127 1435 1198 desidera-

187 1221 254 1300 bat,
274 1220 457 1308 inquiens:
485 1243 503 1286 «
534 1220 593 1290 Ubi
621 1230 672 1289 est
695 1241 856 1310 sponsus,
878 1221 979 1310 cujus
1007 1219 1279 1309 pulcritudinem
1306 1219 1437 1304 exopto?

188 1309 248 1378 Ubi
270 1321 320 1378 est
343 1306 539 1397 pulcritudo
556 1309 658 1378 soles
684 1308 877 1377 lendidior?
897 1309 960 1378 Ubi
981 1309 1084 1378 totius
1101 1308 1229 1378 lormae
1247 1306 1353 1400 gloria
1366 1303 1436 1373 inel-

186 1396 322 1466 sabilis?
339 1398 401 1468 Ubi
427 1397 556 1477 lumen,
576 1419 644 1483 quo
692 1397 846 1488 extingui
865 1397 994 1484 nequit,
1017 1396 1108 1484 quod
1134 1419 1198 1487 ego
1217 1417 1351 1466 summo
1369 1415 1436 1463 cun

82 1495 85 1502 ’
183 1485 356 1556 desiderio
387 1485 549 1576 requiro?
580 1487 643 1556 Ubi
668 1485 730 1568 sol,
757 1487 818 1576 qui
845 1486 981 1555 radium
1006 1487 1181 1573 exquirit?
1206 1485 1271 1556 Ubi
1299 1485 1437 1574 ipsorun

185 1574 367 1645 Cherubim
404 1573 562 1644 cithara?
593 1575 656 1646 Ubi
678 1574 803 1645 oculus
828 1574 1020 1664 Seraphim,
1054 1576 1125 1643 nun
1152 1595 1233 1643 uam
1264 1572 1436 1643 dormiens.

184 1663 366 1734 Christus?
390 1663 453 1733 Ubi
477 1663 678 1754 angelorum
704 1662 868 1744 adoratio,
890 1685 995 1749 quam
1017 1597 1151 1733 Gabriel
1177 1662 1366 1732 indicavit?
1389 1659 1437 1728 Ubi

185 1751 280 1822 solus
303 1774 343 1821 ac
366 1751 473 1822 solius
500 1751 608 1825 Patris
633 1751 836 1842 Unigenitus
871 1753 1001 1833 Filius,
1028 1774 1131 1841 quern
1157 1753 1260 1842 Virgo
1291 1761 1438 1840 exoptans

188 1839 351 1921 redamat,
367 1840 568 1930 perquirens
588 1840 761 1912 salutati»
780 1839 841 1912 Uni
857 1840 992 1910 Gabriel
1008 1841 1070 1910 ait:
1088 1845 1195 1921 «Ave,
1214 1841 1327 1930 gratia
1341 1839 1437 1927 plena,

190 1930 354 1999 Dominus
379 1943 504 2000 tecum.
523 1935 597 2012 Ave,
616 1929 725 2019 gratia
750 1929 863 2019 plena.
887 1953 904 1996 »
930 1929 1045 1999 Gratia
1069 1941 1207 1998 sanctae
1232 1927 1380 2018 Virginis
1401 1937 1440 1994 est

187 2019 367 2088 immensa.
395 2023 470 2098 ave,
497 2019 606 2110 gratia
636 2017 756 2106 plena,
786 2018 903 2088 multis
929 2017 1114 2088 virtutibus
1137 2031 1315 2097 exornata,
1342 2016 1439 2102 Virgo.

189 2109 223 2176 io
249 2105 409 2197 lampade
431 2121 568 2197 gestans
591 2106 702 2176 lucem
729 2106 1047 2196 inextinguibilem,
1070 2105 1141 2176 sole
1170 2105 1440 2196 splendidiorem.

188 2199 261 2275 ive,
293 2197 404 2286 gratia
441 2195 551 2285 plena,
580 2195 674 2264 hami
701 2217 784 2265 escav
807 2195 996 2284 spiritalis:
1024 2197 1059 2264 in
1081 2209 1112 2264 te
1136 2194 1309 2282 siquidem
1335 2195 1442 2263 bamus

83 2347 84 2350 ,
187 2283 363 2355 divinitas.
391 2289 467 2364 Ave,
487 2283 596 2374 gratia
629 2284 740 2374 plena,
767 2283 896 2375 gloriae
926 2306 1007 2354 arca
1030 2281 1210 2372 spiritalis.
1240 2290 1324 2364 Ave,
1349 2279 1442 2373 gratia

191 2372 302 2460 plena,
325 2394 413 2461 quae
436 2394 472 2442 es
497 2395 583 2442 urna
604 2395 719 2454 aurea,
737 2373 918 2443 continens
936 2394 1062 2442 manna
1080 2371 1237 2443 coeleste.
1254 2377 1332 2454 Avo,
1350 2369 1443 2460 aratia

192 2460 314 2548 plena,
354 2483 442 2548 quae
477 2461 628 2532 sitientes
666 2463 827 2550 perennis
864 2460 967 2532 lentis
1006 2459 1191 2531 dulcedine
1228 2462 1348 2531 satias.
1379 2463 1441 2532 lte,

188 2549 299 2639 gratia
324 2549 435 2638 plena,
470 2571 563 2618 mare
593 2547 758 2640 spiritale,
785 2549 917 2621 habens
940 2571 1113 2640 gemmam
1142 2549 1326 2620 coelestem
1362 2543 1443 2616 Chri·

189 2650 293 2707 stum.
321 2643 395 2717 Ave,
415 2637 524 2728 gratia
551 2636 662 2726 plena,
681 2637 902 2728 splendidum
930 2638 1078 2720 coelum,
1103 2659 1192 2725 quae
1218 2639 1251 2706 in
1278 2635 1382 2707 coelis
1404 2634 1443 2701 in·

188 2727 476 2816 comprehensum
490 2727 645 2797 contines
659 2731 775 2796 Deum.
786 2733 862 2809 Ave,
873 2728 983 2818 gratia
999 2727 1110 2817 plena,
1120 2747 1209 2814 quae
1230 2724 1444 2816 cherubicum

191 2817 351 2885 thronum
376 2815 566 2886 divinitatis
590 2814 724 2906 l'ulgore
741 2837 896 2906 superas.
916 2821 991 2894 Ave,
1011 2816 1119 2904 gratia
1143 2815 1256 2906 plena,
1272 2836 1361 2902 quae
1374 2807 1444 2881 coeli

188 2903 359 2972 circulum
385 2903 502 2985 habes,
529 2916 561 2974 et
585 2907 690 2974 Deum
718 2904 1044 2994 incomprehensum
1070 2917 1217 2994 angusto
1238 2902 1444 2994 potissimum

190 2991 263 3061 loco
281 2993 313 3060 in
332 2993 440 3082 teipsa
456 2993 622 3063 contines.
640 2999 714 3073 ave,
731 2994 840 3079 gratia
859 2992 969 3083 plena,
991 2994 1099 3063 nubes
1119 2992 1304 3062 columnae
1321 2987 1443 3061 similis.

187 3101 277 3166 quae
301 3085 405 3150 Deum
433 3081 559 3158 habes,
585 3081 645 3171 qui
673 3081 840 3170 populum
865 3081 1007 3151 deduxit
1032 3103 1091 3171 per
1115 3081 1305 3151 desertum.
1329 3104 1346 3147 i
1371 3071 1444 3160 Quid

187 3169 347 3239 dioclet
374 3169 457 3256 quid
484 3170 694 3258 proloquar?
717 3175 790 3251 Ouo
816 3183 914 3260 pacto
939 3168 1072 3241 beatam
1100 3169 1309 3258 praedicabo
1333 3166 1446 3258 gloriae

189 3257 363 3328 radicem?
387 3257 464 3328 Solo
480 3259 572 3328 enim
593 3263 655 3328 [teo
676 3273 827 3348 excepto,
848 3259 984 3330 curretis
1005 3259 1163 3349 superior
1185 3259 1320 3339 existit;
1340 3267 1446 3326 natura

187 3347 369 3418 formosior
396 3361 447 3416 est
471 3347 555 3437 ipsis
576 3347 771 3428 Cherubim,
794 3347 986 3436 Seraphim,
1006 3361 1038 3416 ct
1062 3348 1158 3416 omni
1182 3349 1336 3416 exercitu
1354 3361 1445 3431 ange-

190 3435 268 3506 lico:
295 3437 352 3507 cui
373 3435 623 3525 praedicandae
638 3435 794 3506 coelestis
814 3457 853 3505 ac
871 3450 1004 3506 terrena
1023 3436 1142 3526 lingua
1160 3436 1304 3506 minime
1322 3430 1445 3504 sufficit,

189 3527 296 3596 immo
314 3547 391 3594 vcro
406 3547 466 3594 nec
478 3525 699 3615 Angelorum.
719 3525 850 3595 Etenim
866 3525 933 3614 ipsi
946 3523 1087 3612 quidem
1104 3525 1290 3612 hymnum,
1309 3521 1444 3594 laudem,

190 3613 355 3686 honorem
388 3613 619 3704 protulerunt,
648 3634 714 3682 non
741 3627 854 3684 tamen
880 3634 920 3684 eo
946 3611 1048 3683 modo
1070 3611 1184 3702 eloqui
1214 3634 1276 3703 pro
1297 3611 1446 3700 dignitate

191 3715 388 3790 potuerunt.
405 3702 631 3773 Laetabantur
645 3723 723 3772 vcro
739 3700 870 3802 angeli,
884 3715 1061 3791 tamquam
1079 3701 1146 3791 ipsi
1160 3700 1340 3771 dumtaxat
1356 3703 1445 3767 Deum

187 3789 368 3862 haberent:
419 3791 522 3862 uibus
542 3792 761 3861 sanctissima
774 3796 875 3880 Virgo
890 3791 1047 3880 superior
1064 3803 1155 3872 nata,
1176 3793 1282 3858 Deum
1303 3787 1447 3858 habitan·

189 3891 256 3948 tem
283 3880 316 3948 in
342 3813 458 3962 coelis,
486 3880 642 3970 concepit
667 3881 701 3948 in
728 3895 828 3960 terra,
856 3893 893 3949 ut
921 3879 984 3948 bac
1005 3880 1136 3950 ratione
1159 3879 1330 3948 exercitus
1353 3881 1447 3958 lnge·

190 3966 303 4038 lorum
325 3968 472 4039 traheret
497 3969 531 4038 in
556 3969 703 4052 teriam,
733 3982 766 4038 et
795 3981 987 4038 versaretur
1022 3989 1102 4038 cum
1142 3965 1355 4036 hominibus.
1380 3965 1446 4050 tpsa
1473 4033 1474 4058 χ

189 4057 281 4126 enim
297 4070 348 4126 est
363 4058 448 4126 coeli
473 4072 505 4127 et
525 4071 632 4128 terrae
649 4056 842 4138 mediatrix,
859 4077 948 4145 quae
966 4056 1129 4126 unionem
1150 4054 1350 4124 naturaliter
1367 4067 1446 4140 pere·

191 4145 251 4236 git.
279 4149 305 4215 0
339 4147 438 4216 beata
467 4146 588 4236 Virgo,
616 4145 777 4216 columba
801 4167 912 4236 pura,
941 4159 974 4214 et
1002 4165 1129 4235 sponsa
1156 4143 1313 4214 coelestis
1341 4138 1443 4234 illaria,

190 4233 337 4316 coelum,
368 4234 557 4324 templum,
585 4248 617 4304 et
646 4235 791 4304 thronus
815 4233 1028 4316 divinitatis,
1051 4255 1139 4321 quae
1162 4242 1393 4303 coruscantem
1416 4242 1444 4289 tn

191 4323 286 4392 coelo
305 4337 338 4391 et
362 4337 449 4392 terra
474 4323 580 4392 solem
600 4323 707 4393 habes
731 4323 925 4394 Christuml
952 4321 1065 4393 Nubes
1085 4321 1213 4403 lucida,
1232 4341 1319 4410 quae
1341 4315 1445 4411 fulgu?

192 4410 234 4482 de
258 4411 352 4481 coelo
380 4409 659 4494 lucidissimum,
690 4409 733 4482 ad
765 4410 1037 4482 illuminandum
1071 4411 1264 4492 mundum,
1287 4405 1443 4478 deduxisti
1473 4435 1474 4530 q
