2954 4816
211 303 273 368 lb'0
527 319 565 364 us
590 321 617 364 s.
647 319 808 364 srsrntrro
834 315 1080 366 rnorottrnrrnn
1287 302 1360 366 but.
1378 305 1412 366 36

168 406 349 482 [turstinum
378 402 477 471 hodie
501 403 627 491 excipit
645 403 778 472 Domini
797 403 960 473 imitator.
983 403 1160 485 Quomodo
1179 416 1292 473 autem
1310 405 1368 474 hir..
1387 421 1413 474 et

164 493 337 580 ‹quornodo
358 489 439 560 illel
462 489 524 559 Ille
545 513 606 580 pro
627 491 726 559 nobis
747 490 922 560 hominem
950 492 1109 564 induens.
1137 491 1192 561 bic
1208 515 1275 648 pro
1294 493 1347 562 illo
1364 495 1413 560 bo·

167 585 293 652 minem
310 601 449 650 exuens.
470 579 531 647 llle
550 593 687 669 propter
705 601 766 651 nos
781 581 868 650 vitae
885 579 1085 669 speluncam
1109 582 1206 670 ingre
1236 583 1316 661 iens,
1340 581 1415 651 hice

165 670 330 762 spelunca
352 681 490 758 propter
510 666 608 737 illum
626 667 817 758 egrediens.
847 667 907 737 llle
930 669 1015 738 dum
1040 691 1076 738 se
1098 691 1158 759 pro
1180 671 1279 740 nobis
1302 672 1414 740 crucia·

167 762 259 831 tibus
282 757 384 836 alhci,
411 756 467 826 hio
484 769 596 826 autem
620 779 680 848 pro
697 756 756 826 illo
774 757 949 846 lapidibus
973 759 1074 828 obrui
1099 760 1191 828 sinit.
1213 759 1275 828 llle
1295 772 1414 828 mortem

165 873 183 920 e
209 848 321 917 medio
347 844 488 927 saltans,
517 845 572 914 hic
598 847 892 936 superjacentem
924 859 1065 916 mortem
1101 847 1278 918 incedens.
1305 847 1347 917 td
1369 850 1416 917 hor

167 935 424 1028 spectaculum,
456 934 587 1014 lratres,
602 931 678 1006 'nos
703 935 781 1005 item
812 935 939 1004 animis
962 957 1226 1017 concurramus,
1248 957 1318 1024 quo
1341 935 1417 1027 pugil

166 1026 325 1117 egregius
350 1025 384 1092 in
415 1022 525 1094 stadio
552 1024 779 1094 consessionis
803 1036 938 1102 exutus,
970 1024 1135 1095 adversus
1153 1027 1350 1116 improbum
1368 1027 1418 1093 hu·

168 1136 290 1185 manae
310 1113 398 1182 vitae
421 1113 657 1182 adversarium
683 1125 800 1182 certat.
827 1113 1021 1202 Stephanus
1044 1114 1136 1182 enim
1164 1136 1254 1197 vere,
1277 1114 1419 1202 quemad·

167 1204 306 1272 modum
333 1201 460 1271 Paulus
476 1202 534 1280 ait,
563 1199 798 1290 spectaculum
814 1199 924 1270 lactus
941 1215 992 1271 est
1008 1202 1152 1273 mundo„
1179 1219 1213 1274 et
1237 1205 1378 1294 Angelis,
1393 1217 1415 1270 et

167 1291 379 1362 hominibus.
399 1291 535 1360 Primus
553 1291 707 1378 martyrii
725 1293 851 1360 corona
865 1290 1045 1362 redimitus
1059 1305 1120 1360 est.
1139 1294 1280 1362 Primus
1298 1295 1331 1361 in
1349 1313 1418 1360 rnar·

168 1395 280 1470 tyrum
307 1381 411 1450 choro
437 1381 500 1449 iter
523 1380 681 1469 arripuit.
709 1380 845 1448 Primus
869 1377 1032 1448 adversus
1059 1393 1238 1469 peccatum
1265 1379 1419 1470 usquead

167 1471 372 1560 sanguinem
391 1469 523 1538 restitit.
697 1511 707 1538 .

224 1562 311 1646 Μ.
337 1563 430 1627 Tunc
464 1568 577 1625 autam
613 1577 748 1626 omnem
781 1556 1051 1646 supracoelestes
1080 1558 1310 1628 incolentium
1344 1558 1420 1628 sedes

165 1648 405 1724 exercitumet
418 1643 653 1714 incredibilem
672 1645 828 1714 omnium
847 1645 1052 1746 Angelorum
1075 1660 1141 1714 tam
1163 1649 1419 1718 ministrantium

165 1759 269 1824 quarn
298 1736 531 1806 assistentium
559 1755 770 1812 numerum,
797 1747 830 1802 et
852 1735 1017 1821 quicquid
1043 1735 1177 1806 honesti
1205 1737 1421 1826 praeclarique

168 1847 227 1913 per
243 1845 439 1912 supremam
467 1823 562 1892 illam
588 1824 839 1910 quietissimam
859 1824 1030 1911 regionem
1053 1825 1087 1892 in
1116 1825 1382 1916 Principatibus,
1399 1835 1421 1890 et

166 1914 369 1993 Virtutibus
382 1927 414 1982 et
427 1913 583 1989 Thronis,
599 1924 632 1980 et
646 1911 885 1988 Potestatibus,
899 1924 931 1980 et
947 1913 1249 1983 dominationibus
1265 1916 1419 1984 audimus.

166 2005 362 2074 universam
379 1999 700 2086 deniquecoelitum
719 1999 975 2070 multitudinem
988 2015 1160 2090 spectasse
1173 2004 1333 2094 pugilem
1350 2004 1421 2071 hunt¹

167 2115 291 2162 manns
307 2111 384 2160 cum
401 2089 596 2158 adversario
620 2102 853 2158 conserentem
872 2091 1040 2160 existimo.
1062 2093 1134 2160 Vita
1149 2105 1271 2161 autem
1291 2093 1421 2162 humana

166 2181 270 2251 veluti
296 2178 444 2248 stadium
473 2176 711 2267 pugnantibus
734 2178 885 2262 exposita
909 2191 970 2247 est.
1000 2181 1178 2268 Congressi
1209 2195 1298 2250 sunt
1325 2181 1419 2268 igitur.

168 2269 346 2360 improbus
370 2265 509 2354 quidem
539 2267 712 2336 hunranae
737 2268 822 2337 vitae
847 2267 966 2347 hostis,
999 2289 1040 2336 ex
1062 2285 1131 2356 quo
1150 2269 1259 2357 primi
1287 2279 1421 2360 parentes

165 2359 385 2436 ceciderunt,
418 2355 460 2423 ad
486 2376 522 2422 ea
547 2377 655 2442 usque
679 2367 833 2444 tempora
853 2356 1059 2446 superandis
1085 2357 1295 2428 bominibus
1319 2358 1420 2427 exerci-

166 2461 276 2517 tatus:
309 2465 456 2534 magnus
484 2457 597 2512 autem
629 2443 707 2513 fidei
735 2460 992 2534 propugnator,
1030 2444 1179 2536 impetus
1206 2447 1308 2516 illius
1330 2459 1421 2515 contr-

165 2557 299 2616 mncnS‚
318 2549 350 2604 et
376 2553 435 2623 pro
458 2532 565 2600 nihilo
590 2531 731 2600 ducens.
751 2539 851 2602 hrma
868 2556 944 2604 vero
969 2533 1120 2614 luerunt,
1151 2537 1279 2606 mortis
1303 2535 1419 2624 quiden

165 2625 343 2700 inventori,
365 2633 505 2690 mortem
524 2621 729 2690 intentantes
747 2623 880 2691 minae:
908 2623 995 2691 vitae
1014 2637 1128 2692 autem
1150 2623 1343 2714 discipulo.
1360 2643 1421 2691 con-

163 2713 265 2784 sessio
282 2713 373 2782 lidei.
399 2710 522 2798 Ecquis
540 2732 607 2778 non
626 2725 715 2780 esset
740 2731 863 2780 novum
883 2711 947 2780 hoc
965 2714 1164 2780 certaminis
1189 2736 1307 2802 genus
1331 2711 1422 2783 adrni-

165 2820 269 2884 ratns
290 2825 369 2871 cum
398 2801 463 2868 'rita
487 2811 519 2868 et
544 2811 651 2868 morte
676 2801 799 2868 veritas
814 2799 1079 2886 dijudicaretur,
1099 2823 1191 2870 mors
1211 2817 1333 2872 autern
1357 2801 1423 2870 soret

164 2891 313 2960 veritatis
331 2889 521 2957 indictnmt
546 2888 637 2956 Vitae
653 2889 745 2957 enim
762 2889 805 2956 ad
821 2911 895 2958 eant
917 2910 1027 2980 usque
1051 2890 1141 2960 diem
1163 2891 1386 2960 absconditae
1399 2899 1422 2954 at

164 2979 358 3068 incognitae
375 2977 598 3066 praedicator,
616 2999 651 3045 re
667 2977 973 3067 ipsapraeconium
990 2978 1191 3049 bominibus
1204 2977 1421 3050 denuntiarit.

163 3069 250 3164 Quid
268 3067 359 3136 enim
379 3065 473 3135 aliud
499 3079 567 3135 tam
586 3079 743 3156 prompte
769 3079 910 3135 mortem
933 3081 1098 3156 oppetens
1119 3068 1355 3156 significabat,
1372 3063 1421 3133 nisi

165 3159 266 3226 vitam
293 3153 394 3234 hanc,
420 3177 509 3242 quae
526 3153 745 3240 relinquitur,
765 3177 844 3225 cum
865 3156 929 3224 rita
950 3157 1141 3244 pretiosiori
1161 3159 1390 3226 commutari?

208 3251 294 3335 §8-
322 3245 385 3315 Sed
411 3265 532 3333 operae
558 3245 704 3334 pretium
730 3247 813 3325 erit,
841 3257 879 3313 ut
910 3257 1080 3314 certamen
1117 3247 1259 3335 ipsum,
1288 3248 1422 3316 oratione

164 3350 336 3424 tamquam
364 3335 396 3402 in
420 3333 536 3402 tabula
560 3332 743 3423 diligenter
766 3333 913 3422 depicta,
936 3355 1181 3423 proponamus,
1209 3349 1251 3404 ut
1277 3350 1363 3404 recta
1381 3354 1422 3428 ra-

164 3425 253 3494 tione
266 3426 361 3494 etvia
375 3445 414 3492 ox
432 3424 506 3510 ipsa
523 3435 695 3510 gestorum
712 3423 809 3502 serie,
829 3443 942 3491 rerum
957 3422 1217 3494 admirabilium
1239 3425 1328 3494 ordo
1341 3421 1423 3492 nobrs

162 3527 336 3603 appareat.
359 3517 473 3601 Nuper
493 3511 599 3600 igitur
623 3510 804 3581 vehemens
828 3512 973 3600 spiritus
996 3511 1144 3602 desuper
1168 3514 1326 3593 veniens,
1343 3507 1422 3580 omni

161 3606 259 3673 aerea
282 3615 315 3672 et
339 3599 536 3691 impostrice
564 3599 772 3668 daemonum
810 3611 973 3689 potestate
999 3599 1139 3689 disjecta
1171 3623 1211 3671 ac
1244 3601 1420 3690 dissipati,

161 3692 397 3782 Apostolorum
430 3689 570 3759 domum
600 3688 811 3790 impleverat,
838 3702 870 3758 et
894 3689 1003 3758 instar
1030 3689 1120 3778 ignis
1149 3690 1182 3757 in
1209 3689 1422 3782 linguosum

160 3803 305 3852 numero
328 3801 459 3860 eorum,
493 3779 551 3868 qui
573 3791 718 3868 gratiam
741 3777 967 3867 accipiebant,
990 3777 1205 3878 dispertitus,
1229 3779 1264 3846 in
1288 3773 1422 3866 singnlrs

158 3871 312 3962 ipsorum
338 3867 544 3938 inhaeserat.
562 3872 710 3953 lamque
728 3881 866 3956 propter
887 3866 1090 3936 incredibile
1115 3868 1207 3938 vocis
1234 3879 1268 3936 et
1298 3867 1421 3953 linguae

159 3958 365 4031 miraculum
391 3979 469 4040 ece,
494 3970 527 4027 et
557 3957 617 4043 qui
646 3979 686 4024 ex
716 3956 812 4024 omni
838 3957 976 4026 natione
1003 3955 1225 4046 ierosolymis
1250 3955 1418 4045 degebant.
1464 3987 1469 3994 ·

156 4063 276 4140 stupor
295 4049 464 4118 invaserat
480 4059 512 4116 et
528 4045 757 4115 conturbatio.
785 4050 867 4114 Nam
896 4044 973 4114 licet
999 4045 1102 4114 variis
1131 4044 1345 4134 diversisque
1365 4041 1420 4108 lin·

159 4160 306 4224 guarum
337 4135 524 4228 generibus
552 4134 860 4223 distinguerentur,
888 4133 1017 4226 singuli
1045 4147 1160 4203 tamen
1186 4133 1304 4204 eadem
1332 4130 1419 4289 plane

160 4225 290 4315 lingua,
310 4249 380 4296 uno
397 4237 498 4311 atque
523 4223 640 4292 eodem
663 4236 816 4313 tempore
829 4223 1020 4313 discipulos
1036 4222 1214 4310 loquentes
1230 4221 1332 4292 audie
1356 4229 1416 4292 ant,

159 4336 266 4467 guum
300 4337 339 4382 ea
368 4312 531 4400 loquendi
555 4310 702 4382 facultas
727 4312 824 4382 nullo
855 4325 943 4382 esset
975 4311 1193 4401 praecedenti
1224 4311 1336 4381 studio
1368 4315 1418 4399 aut

186 4401 337 4488 iligantia
370 4413 579 4492 comparata.
613 4403 796 4490 Oportebat
827 4404 919 4471 enim
955 4417 991 4472 ut
1022 4403 1082 4488 qui
1116 4403 1149 4470 in
1183 4415 1310 4471 terrena
1342 4407 1415 4462 tnrrt
