3046 4838
249 265 289 332 tt
613 281 829 333 ous.nx1cro
854 283 902 328 ur.
930 279 1063 330 norror.
1339 263 1416 328 bEt'.
1441 267 1451 328 l

204 367 234 436 is
259 368 292 435 in
318 365 456 436 cellario
474 387 537 436 suc
562 387 619 436 ras
637 366 821 447 vinarium,
841 365 876 434 in
897 388 965 454 quo
982 388 1104 456 parum
1128 365 1198 434 vini
1216 364 1366 434 relictum
1384 379 1453 434 erat.

204 455 299 537 Quod
315 455 460 525 offerens
485 454 582 525 beato
601 455 682 536 viro,
710 467 782 524 orat
801 454 936 534 obnixe,
964 468 1002 525 ut
1021 455 1100 524 inde
1131 455 1181 524 vel
1207 475 1327 543 parum
1360 455 1454 523 bibat.

205 543 373 614 satisfacit
394 543 450 612 ille
475 543 620 625 bomini,
639 557 671 614 et
697 565 881 633 perparum
898 544 1002 614 bibit:
1022 543 1082 614 sed
1101 543 1243 613 comites
1257 542 1333 630 ejus
1352 565 1459 613 omnes

204 632 291 702 bene
309 632 448 789 larpiter
477 632 649 703 biberunt.
683 632 808 702 Deinde
832 655 910 702 curn
935 633 1022 702 bene
1055 645 1213 722 precatus
1234 642 1322 703 esset
1355 631 1461 700 domui

205 720 311 802 illiue,
333 743 372 790 va
387 721 491 791 edixit
503 720 553 804 'ei‚
581 733 613 790 et
637 722 775 791 recessit
799 721 841 790 ad
863 722 1108 792 monasterium
1133 742 1249 803 suum,
1275 720 1364 807 quod
1385 721 1459 790 iutra

203 810 326 880 urbem
350 810 576 880 Parisiensem
591 824 673 880 erat.
696 815 740 879 Eo
760 811 918 892 abeunte,
949 833 1005 882 ras
1031 811 1116 880 illud
1148 831 1233 899 pene
1255 809 1459 883 exhaustum.

203 898 319 967 divino
345 921 487 968 munere
503 910 610 970 totum
635 899 816 988 impletum
839 911 889 968 est
911 900 999 968 vino.
1027 900 1135 970 Altera
1154 898 1229 968 luce
1247 897 1296 966 rir
1314 898 1369 966 ille
1390 920 1462 966 casu

203 987 382 1076 ingressus
399 987 590 1068 cellarium,
610 988 718 1058 ceruit
736 1011 792 1057 ras
805 988 946 1058 omnino
966 988 1117 1078 plenum.
1138 987 1354 1075 Obstupescit
1368 986 1462 1076 igitur

203 1075 244 1144 ad
272 1076 320 1144 rei
346 1077 547 1146 novitatem:
575 1076 633 1148 sed
669 1099 745 1146 mox
780 1077 979 1147 recordatus
1003 1077 1194 1147 sanctitatis
1228 1076 1340 1166 Eligii,
1368 1097 1462 1164 oopus

203 1185 238 1234 se
258 1164 388 1234 confert
412 1165 453 1234 ad
479 1187 570 1247 eum,
591 1164 719 1236 indicat
742 1166 827 1252 quid
853 1167 1009 1236 benelicii
1041 1177 1178 1256 propter
1204 1187 1282 1234 eum
1311 1164 1462 1234 Dominus

203 1253 269 1322 sibi
289 1253 482 1323 contulerit.
502 1254 633 1343 Eligius
657 1255 691 1322 id
716 1254 873 1334 audiens,
906 1257 976 1346 agit
1000 1255 1127 1346 gratias
1148 1258 1232 1334 Deo,
1259 1266 1335 1323 orat
1365 1253 1462 1322 borni-

204 1363 295 1420 nem,
313 1363 354 1410 ne
380 1363 448 1410 rem
467 1344 628 1430 cuiquam
647 1344 788 1434 aperiat,
808 1342 867 1412 sed
888 1365 967 1414 cum
989 1345 1177 1433 gratiarum
1205 1343 1339 1412 actione
1358 1354 1463 1411 utatur

203 1430 260 1500 Dei
287 1430 462 1500 beneficio.
484 1431 545 1500 Ille
560 1443 672 1500 autem
698 1445 772 1501 orat
801 1433 912 1504 virum
943 1445 1114 1512 sanctum,
1144 1444 1182 1500 ut
1205 1431 1319 1500 veniat
1343 1451 1460 1508 secum,

203 1531 235 1589 et
259 1518 531 1590 benedictionem
558 1541 656 1589 suam
685 1519 858 1609 impertiat
883 1521 962 1590 vinc
986 1521 1048 1602 illi,
1081 1533 1114 1590 et
1138 1519 1307 1590 utendum
1333 1541 1373 1588 ex
1399 1541 1463 1586 vase

203 1607 362 1696 proferat.
383 1609 479 1691 Quod
499 1608 533 1677 ni
558 1609 671 1689 faciat,
703 1621 908 1698 protestatur
934 1632 970 1678 se
995 1631 1036 1678 ne
1053 1629 1157 1678 unam
1179 1608 1319 1696 quidem
1345 1621 1462 1698 guttam

201 1697 275 1786 ejus
292 1697 361 1765 vini
382 1719 535 1784 uuquam
552 1698 770 1767 hausturum.
791 1702 937 1769 Sanctus
959 1697 1008 1766 Eli
1036 1699 1089 1769 ius
1107 1697 1225 1766 videns
1249 1697 1402 1766 hominis
1417 1709 1463 1763 ur·

201 1785 383 1863 notionem,
404 1786 462 1854 ivit
479 1807 557 1854 cum
583 1785 653 1866 illo,
676 1786 882 1872 veniensque
902 1787 936 1854 in
963 1722 1063 1856 aedes
1083 1788 1176 1874 ejus,
1207 1786 1307 1855 lrumi
1335 1807 1370 1856 se
1400 1805 1463 1874 pro

202 1875 331 1954 stravit,
358 1897 459 1944 orans
487 1874 693 1944 diutissime.
722 1874 803 1944 lude
836 1897 1001 1966 surgem,
1033 1887 1071 1944 ut
1101 1873 1185 1944 vidit
1213 1897 1271 1944 vas
1307 1874 1461 1963 plenum,

196 1961 295 2120 {ubet
313 1963 430 2032 vinum
460 1985 499 2032 ex
518 1963 575 2032 illo
600 1963 732 2053 promi:
759 1985 798 2032 ex
822 1985 890 2050 quo
922 1987 1043 2053 parum
1070 1963 1127 2032 ille
1157 1963 1324 2054 gustavit,
1352 1961 1462 2032 caeteri

216 2052 415 2208 arpissimos
445 2074 605 2142 accepere
642 2052 800 2121 haustus.
837 2057 920 2120 Tum
960 2051 1016 2122 ille
1039 2053 1148 2122 oculis
1184 2052 1412 2138 manibusque
1434 2050 1461 2116 in

200 2161 258 2208 coe
276 2163 333 2208 um
357 2142 531 2230 porrectis,
551 2141 678 2231 gratias
698 2163 803 2230 agens
827 2152 859 2210 et
880 2141 1025 2212 laudans
1052 2146 1171 2220 Deum,
1196 2140 1376 2211 abscessit.
1441 2225 1445 2234 Ι

243 2231 362 2314 §aa
389 2235 459 2300 llon
488 2229 573 2298 mibi
609 2229 783 2300 silendum
809 2228 941 2298 videtur
966 2229 1078 2310 illud,
1105 2228 1195 2315 quod
1224 2230 1333 2319 possit
1358 2225 1462 2298 multrs

201 2317 322 2386 allerre
348 2331 502 2398 metum,
531 2339 572 2386 ne
597 2319 666 2387 sint
689 2319 765 2386 ausi
798 2318 1001 2408 procacibus
1026 2319 1138 2388 verbis
1162 2319 1196 2385 in
1222 2317 1463 2388 sanctosviros
1496 2361 1497 2380 2

202 2406 395 2487 incurrere,
425 2407 491 2474 nisi
517 2406 620 2475 velint
657 2407 785 2476 similia
824 2407 981 2496 experiri.
1015 2407 1158 2486 Quidam
1194 2427 1212 2475 e
1245 2405 1462 2476 familiaribus

201 2494 351 2574 Ebroini,
380 2495 482 2564 bomo
506 2494 697 2576 infaustus,
728 2495 944 2581 nimiumque
969 2509 1164 2586 protervus,
1193 2495 1300 2564 multo
1327 2508 1462 2583 tempore

200 2582 390 2652 conabatur
413 2583 535 2652 silvam
561 2582 661 2687 longe
690 2584 855 2673 optimam
881 2583 1051 2654 Ecclesiae
1084 2583 1172 2654 beati
1197 2582 1298 2673 Eligii
1323 2585 1460 2673 eripere.
1495 2669 1496 2676 ἵ

199 2683 231 2740 et
255 2671 289 2738 in
311 2693 414 2740 suum
436 2672 495 2761 jus
521 2673 723 2766 translerre:
751 2673 871 2742 crebro
895 2695 932 2742 ea
951 2695 1056 2742 causa
1076 2672 1216 2742 veniens
1240 2672 1283 2741 ad
1311 2673 1419 2750 illum,
1437 2679 1462 2736 et
1495 2677 1496 2687 ’

228 2759 390 2828 rocaciter
414 2781 492 2828 eum
508 2758 692 2828 lacessens.
712 2761 865 2842 Quodam
891 2775 1004 2830 autem
1023 2760 1079 2829 die
1101 2762 1133 2828 in
1158 2760 1267 2831 multa
1292 2761 1460 2830 bominum

199 2781 389 2933 loquentia
419 2849 522 2917 etiam
548 2848 710 2918 violenter
734 2849 854 2918 silvam
879 2849 971 2918 illam
998 2849 1041 2918 ab
1065 2871 1105 2918 eo
1129 2862 1329 2937 extorquere
1354 2847 1458 2916 voluit.
1494 2927 1495 2930 Ἴ

201 2935 310 3025 Eligio
334 2949 447 3004 autem
479 2936 629 3006 modeste
653 2948 685 3006 et
710 2938 852 3008 comiter
877 2938 1115 3028 respondente,
1146 2938 1203 3008 ille
1238 2939 1349 3028 magis
1371 2936 1461 3006 etiam
1494 2931 1495 2981 t

200 3024 392 3114 petulanter
408 3025 519 3114 coepit
537 3025 647 3095 virum
673 3025 730 3094 Dei
756 3026 928 3096 infestare.
946 3026 1008 3096 Sed
1037 3048 1147 3114 neque
1167 3028 1217 3096 sic
1231 3026 1363 3117 Eligius
1376 3023 1463 3110 quic-

199 3135 305 3201 quam
336 3113 464 3184 desua
491 3115 654 3204 patientia
689 3115 885 3196 remittens,
927 3115 1063 3184 blandis
1094 3115 1205 3185 verbis
1229 3115 1276 3185 ait
1301 3115 1343 3184 ad
1368 3131 1460 3182 eum:
1493 3119 1494 3180 i

201 3225 218 3269 tt
237 3202 362 3284 Amice,
382 3202 483 3292 injice
498 3201 612 3274 lrenos
625 3203 805 3294 cupiditati
821 3217 909 3274 tuae.
930 3207 996 3274 Cur
1013 3226 1081 3274 non
1099 3204 1275 3274 erubescis
1292 3215 1359 3273 tum
1375 3219 1462 3271 caeca
1493 3199 1494 3273 l

198 3302 312 3360 mente
337 3312 408 3361 rem
434 3291 582 3362 alienam
607 3295 791 3383 appeteret
816 3293 849 3362 Si
869 3306 998 3382 peteres
1022 3315 1109 3379 quae
1136 3314 1210 3362 mea
1236 3305 1328 3374 suut,
1356 3290 1460 3360 darem

197 3378 339 3450 forsitan
358 3380 431 3450 tibi.
453 3387 609 3450 Atmunc
633 3382 772 3467 quando
797 3403 864 3452 non
892 3402 1015 3462 meam,
1043 3382 1101 3451 sed
1129 3380 1298 3451 Ecclesiae
1323 3402 1393 3450 reru
1417 3397 1463 3444 ex·
1492 3403 1493 3452 t

198 3469 296 3559 petis
325 3490 466 3558 prorsus
483 3470 616 3540 noveris
643 3493 696 3538 me
722 3470 863 3540 minime
888 3470 949 3541 tibi
970 3471 1198 3550 donaturum,
1226 3469 1317 3556 quod
1344 3484 1462 3557 paupe·

199 3579 274 3626 rum
303 3559 505 3628 necessariis
523 3559 645 3628 usibus
668 3557 863 3648 delegatum
888 3571 950 3628 est.
972 3581 990 3626 s
1015 3559 1075 3629 llis
1100 3557 1157 3628 ille
1173 3557 1289 3628 acrius
1318 3552 1461 3628 stimula·
1491 3613 1492 3638 ζ

199 3658 266 3726 tus,
296 3647 559 3717 minitabundus
584 3647 630 3716 ait
654 3647 815 3718 adeum:
844 3649 916 3717 «si
941 3647 1027 3717 mihi
1045 3647 1134 3717 ultro
1156 3669 1221 3716 non
1245 3645 1390 3721 dederis,
1408 3659 1461 3737 ego
1491 3641 1492 3654 ¹

199 3733 231 3800 ri
258 3734 386 3804 tollam.
407 3741 524 3804 »Tum
550 3735 682 3836 Eligius
699 3749 903 3818 commotus,
931 3757 1047 3806 severo
1065 3736 1161 3805 vultu
1178 3735 1264 3804 dixit
1286 3735 1329 3804 ei:
1349 3737 1461 3828 «Novit

199 3827 335 3891 Creator
360 3846 477 3906 meus,
501 3824 568 3894 nisi
592 3837 658 3894 crto
695 3825 880 3894 mutareris
911 3824 1137 3906 sententiam,
1171 3824 1313 3912 dignam
1344 3831 1461 3890 merrus

200 3909 268 3979 tuis
304 3913 693 3982 excommunicationem
721 3913 755 3981 in
782 3927 822 3992 te,
837 3912 1007 4004 prolatum
1033 3914 1126 3982 iri.»
1152 3911 1213 3981 Ille
1238 3911 1271 3982 id
1303 3909 1458 3980 audiens,

201 3998 286 4066 mire
302 4000 503 4070 cachinnari
519 4003 641 4091 coepit,
659 4001 835 4087 multaque
856 4002 1016 4071 invirum
1034 4002 1091 4070 Dei
1105 4001 1230 4092 probra
1252 3997 1460 4090 conviciaque

192 4087 336 4177 jactare.
358 4093 504 4159 Cernens
528 4113 609 4180 ergo
634 4090 764 4182 Eligius
788 4111 867 4160 eum
894 4090 990 4160 nulla
1007 4092 1139 4160 ratione
1163 4112 1262 4179 posse
1286 4103 1456 4178 compesci,

200 4175 337 4245 dexterd
362 4182 635 4260 manucxtensl,
663 4178 1029 4248 excommunicationis
1054 4179 1184 4250 lulmen
1211 4181 1245 4246 iu
1270 4199 1348 4247 eum
1374 4187 1459 4242 terrr-

200 4262 315 4333 biliter
335 4264 490 4334 vibravit.
518 4271 591 4337 Mox
622 4267 850 4356 praepotentis
876 4267 932 4334 Dei
958 4267 1008 4336 ira
1031 4268 1106 4356 ejus
1130 4267 1331 4336 sententiam
1358 4279 1458 4354 prose·

200 4373 322 4438 quens,
351 4353 393 4420 ita
421 4354 567 4441 perculit
584 4355 707 4434 virum,
727 4366 764 4422 ut
789 4355 919 4424 viribus
940 4355 1082 4424 omniuo
1107 4355 1308 4434 destitutus,
1337 4359 1457 4422 mortuo
