3046 4838
270 309 311 372 50
632 325 671 370 oa
695 323 848 370 s.sc1cvo
872 323 921 369 ur.
949 322 1079 370 vtovvov.
1352 303 1460 368 vlidi
1504 341 1505 390 t

225 410 336 480 ullum
363 409 469 477 sciam
487 407 660 476 elllcacios
684 407 884 476 remedium.
904 413 941 476 Et
960 407 1118 496 quamvis
1141 407 1283 496 grandis
1304 419 1352 476 est
1374 405 1464 486 labor,
1504 405 1505 410 ’

226 500 385 569 inimicos
409 496 552 586 diligere
579 497 614 564 in
640 496 703 568 boc
729 495 855 576 seculo,
885 508 918 565 at
946 497 980 564 in
1006 495 1121 565 suturo
1150 497 1271 586 ingens
1300 495 1360 564 erit
1388 517 1467 583 prae·
1504 509 1505 560 t

225 588 347 656 mium.
371 585 435 668 Qui
460 585 515 654 liic
540 585 699 653 inimicos
715 584 839 673 diligit,
858 585 992 653 amicus
1016 585 1080 653 erit
1107 585 1178 652 Dei:
1197 605 1259 652 nec
1275 584 1379 653 solum
1397 583 1468 650 ami·
1504 615 1505 660 ς

225 699 299 755 cue,
319 675 376 743 sed
395 675 496 742 etiam
509 673 623 750 lilius:
640 675 727 744 sicut
744 674 815 762 ipse
834 675 1001 762 promisit,
1018 673 1076 742 ubi
1094 674 1157 742 ait:
1179 675 1317 762 Diligite
1338 672 1469 740 t'nv‘micoa

223 774 359 844 vestroe,
378 764 559 850 benefacite
579 763 631 830 bis
646 764 706 853 qai
724 763 862 831 oderam
876 785 943 842 vos,
963 773 994 831 ct
1015 771 1108 832 orote
1125 785 1187 852 pro
1207 761 1470 830 calumniantibus
1504 781 1505 812 2

223 877 291 932 vos,
311 864 349 921 at
363 853 436 920 sitis
451 852 519 942 filii
532 853 644 920 Patris
659 854 775 920 cestris
790 855 850 940 qai
864 852 1013 920 incoctis
1029 862 1077 922 est
1087 851 1220 940 (ittarta.
1251 850 1294 937 v).
1321 850 1381 932 Qui
1403 869 1469 933 ergo

225 942 360 1029 diligit,
389 941 505 1028 requie
534 939 739 1028 perfruetur.
766 942 831 1022 (lui
856 963 921 1008 non
947 941 1079 1030 diligit,
1109 939 1198 1009 sicut
1221 938 1395 1028 Apostolus
1421 937 1468 1016 ait,

225 1041 337 1100 maaet
353 1031 388 1098 in
403 1039 507 1098 morte
529 1029 576 1119 (l.
598 1029 648 1098 Jo.
672 1028 735 1116 111).
755 1033 837 1096 Cum
865 1029 947 1097 llaec
971 1049 1052 1118 ergo
1075 1028 1122 1096 ita
1148 1051 1183 1097 se
1208 1028 1364 1108 babeant,
1381 1025 1471 1094 caris·

226 1119 317 1199 simi,
347 1139 412 1186 novt
438 1116 543 1198 falsa,
567 1117 623 1185 sed
651 1139 728 1186 vera
752 1117 895 1186 invicem
921 1115 1103 1185 dilectione
1131 1130 1189 1185 vos
1214 1112 1467 1207 prosequimini:
1504 1117 1505 1200 l

225 1208 376 1278 actiones
405 1217 532 1276 vestras
558 1206 599 1274 ad
628 1211 731 1275 Deum
757 1227 892 1294 semper
914 1205 1063 1296 dirigite,
1085 1217 1118 1274 et
1140 1206 1306 1295 quicquid
1336 1202 1468 1294 potestis,
1504 1205 1505 1290 l

252 1318 288 1364 ro
313 1294 426 1366 studio
450 1305 482 1363 et
505 1316 621 1364 amore
641 1295 727 1364 vitae
741 1307 897 1363 aeternae
920 1293 1081 1364 laborate.
1104 1295 1245 1375 Currite,
1267 1295 1349 1363 dum
1375 1293 1469 1361 lucem

225 1319 369 1464 liabens
388 1385 588 1473 priusquam
617 1406 674 1454 vos
698 1384 855 1452 tenebrae
879 1382 1183 1472 comprehendant.
1204 1383 1236 1452 Si
1259 1382 1405 1452 laborem
1420 1399 1470 1468 pro
1504 1407 1505 1468 q

225 1475 327 1544 earne
352 1473 540 1561 suscipitis,
566 1473 667 1542 etiam
694 1493 754 1561 pro
779 1475 894 1540 anima
919 1470 1067 1542 laborem
1094 1495 1135 1542 ne
1155 1473 1331 1542 recusetis.
1351 1470 1383 1540 Si
1406 1489 1471 1537 cur·
1504 1481 1505 1556 l

224 1563 300 1632 ritis
315 1562 429 1632 carnis
445 1583 561 1642 causa,
577 1583 679 1650 quam
701 1560 802 1649 paulo
821 1573 895 1650 post
909 1581 1040 1630 vermes
1057 1561 1250 1631 devoraturi
1269 1573 1361 1631 sunt:
1379 1556 1471 1626 multo
1504 1559 1505 1648 l

224 1651 374 1720 alacrius
399 1672 459 1739 pro
483 1651 600 1719 anima
623 1651 760 1726 currite,
788 1663 825 1717 ut
848 1661 967 1718 ornata
992 1649 1051 1718 illa
1075 1649 1174 1719 bonis
1201 1649 1385 1740 operibus,
1411 1646 1471 1716 sine
1504 1651 1505 1708 t

223 1740 293 1808 fine
316 1739 459 1808 laetetur
482 1741 517 1807 io
542 1738 657 1808 coelis.
685 1737 828 1820 Quando
849 1736 1025 1828 jejunatio,
1047 1737 1137 1827 quod
1165 1739 1198 1806 in
1227 1739 1370 1827 prandio
1394 1755 1471 1806 sum·

224 1829 317 1930 pturi
341 1829 454 1907 eratis,
474 1829 685 1918 pauperibus
708 1838 854 1916 erogate:
879 1848 940 1894 nec
966 1838 1057 1908 tunc,
1076 1841 1114 1897 ut
1130 1828 1297 1898 Dominus
1313 1827 1469 1900 admonet,

223 1929 331 1988 instar
355 1916 613 2006 hypocritarum
641 1917 751 1985 tristes
776 1937 849 1984 esse
872 1915 1013 1996 debetis,
1032 1929 1070 1986 ut
1096 1915 1282 1984 videamini
1310 1917 1353 1985 ab
1379 1910 1472 1982 lvomi-
1504 1929 1505 1980 t

224 2007 346 2076 nibus:
373 2005 431 2080 sed
456 2005 500 2074 ab
525 2004 583 2074 illo
608 2005 691 2084 solo,
713 2005 773 2093 qui
799 2003 887 2072 videt
917 2004 951 2071 in
976 2004 1186 2075 abscondito.
1208 2009 1283 2074 Sem
1312 2015 1472 2073 arautem
1504 2041 1505 2078 ,

224 2095 348 2183 majori
368 2095 462 2164 vobis
479 2116 583 2165 curae
600 2094 642 2164 sit
662 2094 760 2164 cibus
783 2093 930 2172 animae,
950 2115 1055 2180 quam
1080 2094 1253 2182 corporis:
1280 2027 1431 2181 dumque
1447 2088 1472 2154 in

223 2184 353 2253 mundo
370 2184 565 2265 versamini,
588 2183 674 2252 bene
693 2182 834 2250 vivendo
853 2193 1025 2250 aeternam
1044 2183 1138 2252 vobis
1156 2183 1259 2251 vitam
1275 2190 1471 2270 comparate.
1504 2207 1505 2266 i

222 2273 395 2342 Lectiones
426 2272 560 2340 divinas
596 2271 631 2338 in
656 2271 799 2339 ecclesia
825 2269 970 2340 libenter
992 2269 1205 2352 auscultate,
1237 2283 1268 2340 et
1291 2293 1382 2360 quae
1414 2265 1473 2335 illic
1504 2307 1505 2352 3

222 2361 360 2442 auditis,
382 2360 512 2450 jugiter
536 2361 570 2427 in
596 2359 758 2428 domibus
787 2358 906 2427 vestris
939 2370 1224 2428 commemorate:
1251 2370 1289 2429 ut
1313 2353 1474 2449 quomodo

221 2471 347 2538 corpus
370 2449 470 2529 cibo,
502 2448 547 2516 ita
571 2450 687 2516 anima
713 2448 770 2517 Dei
794 2449 895 2516 verbo
921 2447 1105 2516 reficiatur.
1133 2453 1265 2518 Certum
1293 2461 1346 2517 est
1380 2445 1472 2519 enim,
1504 2467 1505 2522 l

221 2537 322 2626 quale
344 2550 395 2607 est
418 2558 555 2624 corpus
574 2537 665 2626 quod
692 2549 767 2626 post
792 2535 913 2605 moltos
937 2535 1076 2606 demum
1101 2535 1174 2606 dies
1193 2537 1339 2626 percipit
1355 2535 1472 2608 cibum,

221 2627 322 2694 talem
343 2647 418 2694 esse
442 2624 605 2704 animam,
626 2647 714 2714 quae
739 2647 814 2693 raro
833 2625 984 2714 pascitur
1001 2625 1101 2694 verbo
1121 2627 1189 2694 [lei.
1209 2625 1284 2694 Sive
1307 2647 1390 2715 ergo
1413 2643 1474 2691 aot·
1504 2633 1505 2700 t

221 2714 360 2794 bulatis,
389 2712 572 2792 carissimi,
599 2712 669 2781 sive
696 2712 831 2794 sedetis,
851 2713 921 2782 sive
944 2712 1124 2803 quippiam
1150 2713 1263 2804 agitis,
1282 2734 1419 2804 semper
1440 2707 1474 2778 ad
1504 2703 1505 2740 ¹

222 2815 369 2872 mentem
388 2801 538 2870 reducite
561 2823 612 2881 ea,
639 2823 727 2890 quae
751 2801 785 2869 in
810 2801 953 2872 ecclesia
976 2823 1016 2872 ex
1040 2824 1138 2872 sacra
1156 2803 1301 2872 lectione
1325 2801 1473 2876 audistis,

219 2911 422 2980 semperque
446 2889 647 2979 Evangelica
667 2902 845 2989 praecepta
869 2891 902 2958 in
929 2889 1030 2960 corde
1055 2890 1239 2962 ruminate.

262 2981 280 3065 ἓ
306 2983 384 3050 28.
414 3001 431 3045 a
457 2984 538 3047 Ante
554 2979 669 3048 omnia
686 2977 855 3048 luxuriam
874 2979 991 3070 fugite,
1010 3000 1149 3067 pravam
1167 2979 1474 3081 concupiscentiam

217 3068 330 3149 vitate,
354 3069 512 3136 timentes
536 3066 621 3135 illud
653 3067 743 3156 quod
770 3068 936 3137 Dominus
952 3068 988 3136 in
1014 3068 1195 3157 Evangelio
1220 3069 1323 3137 dicit:
1351 3070 1416 3152 Qui
1434 3067 1475 3134 vi·
1504 3129 1505 3158 ,

217 3158 306 3228 derit,
327 3158 502 3226 mulierem
526 3157 571 3225 ad
594 3158 888 3247 concupiscendum
911 3179 997 3237 eam,
1021 3159 1098 3248 jam
1121 3159 1312 3228 moechatus
1336 3169 1384 3227 ert
1410 3177 1475 3224 ecta
1504 3163 1505 3226 l

216 3249 253 3316 in
279 3247 376 3316 corde
400 3269 459 3315 sao
483 3245 621 3336 (Mutila.
644 3244 688 3335 v).
711 3251 836 3314 Uxores
861 3257 988 3316 vestras
1012 3246 1142 3336 absque
1165 3246 1237 3316 ulla
1262 3245 1475 3315 simulatione
1504 3229 1505 3304 l

216 3335 360 3426 diligite,
388 3336 477 3404 sicut
506 3333 686 3424 Apostolus
714 3335 891 3424 praecipit,
913 3335 973 3404 ubi
997 3334 1067 3404 ait:
1100 3338 1179 3416 Viri,
1199 3336 1265 3404 dili
1288 3336 1332 3404 ite
1358 3353 1476 3404 amores

215 3436 354 3506 vmbros,
385 3425 471 3492 sicut
494 3433 525 3493 et
551 3424 701 3494 caristus
728 3424 851 3492 dv'lecot't
878 3425 1061 3493 Ecclesiam
1082 3425 1216 3514 (lipbea.
1247 3359 1293 3512 vg.
1324 3423 1475 3494 Mulieres
1504 3420 1505 3472 l

216 3527 349 3594 autem,
375 3527 412 3582 ut
438 3512 527 3582 idem
552 3512 731 3601 Apostolus
762 3512 876 3592 docet,
903 3512 985 3581 viris
1013 3511 1086 3581 suis
1118 3512 1274 3584 subditae
1300 3513 1369 3584 sint
1393 3512 1476 3580 sicut

215 3601 367 3682 domino,
385 3614 417 3671 et
441 3603 583 3671 timeant
607 3601 696 3671 vivos
721 3622 811 3670 suos.
833 3606 897 3670 Nec
915 3601 1100 3690 quisquam
1126 3601 1313 3691 legitimam
1339 3620 1473 3670 uxorem

215 3709 313 3759 suam
329 3711 547 3779 quacumque
563 3712 603 3760 ex
622 3711 726 3758 causa
742 3689 913 3758 dimittere
930 3712 1037 3761 ausus
1055 3690 1109 3770 sit,
1129 3711 1207 3759 oum
1225 3691 1299 3780 ipse
1316 3688 1476 3758 Dominus

213 3776 331 3846 dicat:
361 3781 565 3870 Quicumque
589 3780 753 3848 dimiserit
776 3801 918 3848 timorem
945 3801 1053 3861 suam,
1082 3790 1224 3870 accepta
1249 3778 1475 3868 fornicatiouis

214 3889 328 3947 causa,
342 3889 417 3936 cum
432 3871 544 3957 facere
559 3871 658 3937 illum
672 3870 842 3938 moecltari
852 3868 986 3957 (Mattlt.
1004 3868 1047 3956 v).
1070 3869 1285 3938 concubinas
1308 3867 1379 3936 sive
1403 3877 1477 3934 ante
1504 3877 1505 3918 1

212 3955 375 4044 nuptias,
403 3956 472 4026 sive
497 3969 572 4047 post
597 3957 735 4046 nuptias
768 3957 892 4026 habere
921 3956 1169 4046 probibemuS,
1196 3954 1474 4043 quandoquidem

212 4044 354 4112 omnino
380 4043 537 4114 illicitum
569 4057 631 4114 est.
658 4045 721 4128 Qui
746 4046 838 4115 enim
866 4045 1053 4135 legitimam
1080 4067 1219 4114 uxorem
1244 4045 1369 4115 ducere
1397 4063 1475 4112 corv-

210 4132 332 4214 stituit,
359 4154 506 4219 aequum
532 4145 651 4214 estut
676 4134 904 4223 virginitatem
930 4134 1097 4222 usquead
1125 4135 1263 4224 nuptias
1287 4143 1472 4207 conservet,
1504 4143 1505 4220 J

210 4232 243 4288 et
260 4234 334 4309 post
351 4222 489 4311 nuptias
513 4222 646 4292 nullam
662 4222 777 4304 aliam,
797 4235 929 4312 praeter
949 4246 1052 4293 unam
1072 4224 1259 4316 legitimam
1278 4222 1471 4312 conjugem.
1504 4223 1505 4226 ’

210 4322 404 4398 cognoscat,
431 4309 519 4379 sicut
542 4325 573 4380 et
589 4310 770 4400 Apostolus
795 4311 921 4382 Paulus
942 4315 1135 4404 praecepit:
1162 4313 1218 4384 cui
1243 4313 1344 4381 etiam
1371 4309 1472 4378 lidavn

211 4409 330 4484 servet,
349 4398 641 4484 quemadmodum
666 4401 709 4470 ab
731 4399 789 4469 illa
813 4400 878 4470 sibi
905 4403 1031 4470 servari
1053 4403 1142 4472 vult:
1170 4425 1232 4472 nec
1258 4409 1370 4492 peccet
1394 4415 1472 4467 cunt
