3046 4838
252 267 294 332 72
563 287 601 332 nc
625 265 786 332 sommo
810 287 859 332 nr.
886 281 1129 334 noncusrttmnsr
1341 265 1425 331 otte.
1445 263 1459 328 3

208 368 394 459 saepedicti
410 371 519 440 sancti
536 371 655 440 merita
673 369 823 460 gloriosa
841 370 1223 452 coruscaremiraculis,
1236 391 1276 440 ac
1291 369 1462 438 verisimile

208 459 263 540 sit,
290 471 323 528 et
346 458 468 529 merito
490 459 584 530 credi
609 461 728 549 possit,
753 459 844 546 quod
871 459 945 550 ipse
968 459 1240 550 gloriosissimus
1260 471 1402 528 sanctus
1423 459 1462 528 lo·
1501 473 1502 506 l

208 567 288 617 cum
313 549 429 636 ipsum
455 570 517 618 sua
538 549 728 638 praesentia
756 547 925 638 corporali
951 548 1119 629 nobilitat,
1141 569 1245 636 quem
1270 547 1314 617 ad
1339 547 1462 618 invoca·
1501 607 1502 634 ,

203 637 336 706 tionem
361 637 513 706 nominis
532 637 608 727 ejus
627 637 743 705 divina
762 638 910 727 potentia
928 649 975 707 tot
988 649 1020 707 et
1038 649 1208 708 tantorum
1226 636 1462 707 miraculorum
1501 645 1502 708 l

208 724 421 794 attestatione
444 725 639 796 illustravit:
667 737 846 795 notamen
871 727 907 795 in
933 725 991 796 tali
1017 749 1058 795 ne
1083 727 1152 796 otio
1176 724 1307 814 aliquid
1327 725 1371 795 de
1395 745 1464 796 con·
1501 729 1502 748 ¹

209 813 421 903 tingentibus
444 815 632 896 omittatur,
664 835 862 904 processum
889 816 1005 905 ipsum
1029 749 1125 885 vilis
1149 815 1214 885 sub
1239 814 1334 884 bulla
1360 827 1465 884 nostra

209 902 373 971 duximus
398 903 654 984 remittendum,
673 903 871 974 discretioni
892 915 1021 975 vestrae
1044 926 1106 994 per
1128 902 1320 994 Apostolica
1347 905 1466 992 scripta
1501 927 1502 988 g

210 989 436 1073 mandantes,
462 1005 633 1078 quatenus
657 992 699 1061 ad
728 993 996 1063 Wintoniensem
1032 994 1213 1063 ecclesiam
1250 993 1467 1082 personaliter
1501 997 1502 1064 i

209 1078 390 1160 accedatis,
417 1093 450 1148 et
473 1081 656 1238 inspuiratis
680 1080 836 1164 sollicite,
863 1082 891 1151 si
917 1103 978 1172 per
1002 1082 1169 1152 miracula
1204 1080 1293 1151 facta
1328 1080 1364 1149 in
1406 1083 1466 1171 ipsa
1501 1087 1502 1100 ³

209 1168 433 1239 wintoniensi
464 1169 608 1240 eccesia
633 1169 828 1241 mirificavit
852 1170 1017 1240 Dominus
1045 1185 1202 1240 sanctum
1232 1192 1347 1241 suum.
1375 1174 1419 1239 Et
1445 1169 1467 1238 si
1501 1243 1502 1250 χ

210 1257 305 1328 vobis
322 1257 522 1340 constiterit,
541 1257 708 1328 miracula
734 1260 828 1350 paria
854 1259 903 1328 vel
923 1258 1052 1348 majora
1069 1259 1134 1341 his,
1153 1281 1241 1348 quac
1257 1257 1468 1329 continentur
1501 1251 1502 1298 ⁷

210 1346 244 1414 in
270 1368 434 1436 processu
457 1346 644 1437 praedicto,
662 1346 704 1416 ad
726 1348 975 1418 invocationem
993 1348 1144 1418 nominis
1159 1347 1242 1417 dicti
1258 1347 1367 1419 sancti
1390 1347 1469 1416 lacta

208 1455 282 1503 esse
307 1435 340 1503 in
368 1435 443 1526 ipsa
469 1436 693 1507 wintoniensi
719 1436 880 1519 ecclesia,
907 1437 1042 1528 negotio
1066 1437 1316 1527 supersedeatis
1339 1437 1466 1512 eodem,
1501 1423 1502 1510 i

209 1524 321 1608 nohis,
340 1525 430 1626 quod
453 1525 662 1606 invencritis,
689 1524 811 1596 litteris
834 1526 955 1596 vestris
979 1526 1125 1596 fideliter
1148 1526 1360 1596 intimantes.
1389 1525 1468 1595 Alio·
1501 1519 1502 1602 l

209 1613 292 1700 quin
318 1635 398 1682 cum
424 1614 608 1684 verisimile
632 1613 698 1695 sit,
727 1614 833 1684 immo
856 1615 1007 1684 dubitari
1032 1637 1100 1684 non
1124 1615 1262 1697 debeat,
1289 1615 1374 1702 quin
1397 1616 1469 1705 vipso
1501 1613 1502 1698 l

210 1701 298 1770 Beda
325 1701 360 1770 in
385 1701 572 1793 anglorum
598 1702 740 1772 historia
767 1702 874 1773 multa
901 1703 1053 1774 retulerit
1075 1704 1118 1774 de
1142 1703 1286 1774 auditu:
1315 1716 1347 1772 et
1371 1705 1466 1773 etiam
1501 1699 1502 1792 l

208 1811 284 1859 esse
308 1792 466 1880 potuerit,
486 1802 523 1861 ut
546 1811 625 1859 cum
651 1791 798 1861 duorum
824 1804 1021 1863 sanctorum
1048 1791 1263 1882 pontificum,
1282 1792 1393 1860 Birini
1411 1793 1467 1860 sci·
1501 1793 1502 1856 l

210 1878 288 1949 licet
312 1891 344 1948 et
368 1879 506 1960 Bertini,
533 1900 675 1969 corpora
701 1880 734 1948 in
787 1881 911 1951 raelatn
935 1881 1078 1953 ecclesia
1102 1882 1145 1951 de
1176 1885 1362 1960 comesne,
1390 1883 1471 1950 sicut
1501 1857 1502 1944 l

209 1987 248 2036 er
266 1967 342 2057 ipso
359 1989 521 2070 processu
545 1969 730 2060 colligitur,
758 1901 897 2040 Fuerunt
913 1971 1095 2054 tumulata,
1117 1970 1209 2058 quod
1233 1969 1322 2038 Beda
1339 1969 1383 2038 de
1402 1973 1471 2038 Ber·

210 2056 281 2125 tino
302 2058 450 2148 scripsit,
473 2057 575 2127 luerit
598 2056 641 2126 de
668 2059 783 2128 Birino
809 2081 883 2130 rece
911 2071 995 2141 tum,
1016 2060 1156 2130 nomine
1178 2059 1393 2148 Scriptorum
1422 2079 1470 2126 ne·
1501 2057 1502 2142 l

209 2144 374 2238 gligentin
392 2147 519 2216 vitiato:
539 2147 723 2236 saepedicti
739 2147 849 2218 sancti
867 2081 1157 2239 gioriosissimum
1177 2169 1304 2238 corpus
1321 2169 1471 2238 pronun·
1501 2163 1502 2238 ᾗ

209 2235 305 2304 cietis
338 2236 550 2322 requiescere
574 2237 609 2304 in
635 2236 828 2326 saepedicta
861 2241 1035 2306 Dorcestre
1064 2236 1221 2312 ecclesia.
1246 2255 1335 2324 quae
1368 2237 1470 2326 ipsius
1501 2241 1502 2288 ἒ

210 2323 318 2392 sancti
355 2324 486 2392 meritis
521 2335 568 2394 tot
601 2335 842 2412 tantorumque
870 2325 1117 2396 miraculorum
1156 2325 1289 2418 fulgore
1324 2327 1471 2395 noscitur

210 2410 404 2494 illustrata,
426 2411 492 2502 ipsi
517 2412 636 2483 tobati
665 2425 697 2482 et
727 2415 910 2484 conventui
944 2415 1102 2485 tribuatis
1138 2415 1338 2484 auctoritate
1365 2427 1471 2483 nostra
1501 2423 1502 2500 ᾗ

210 2499 383 2570 licentiam
414 2500 528 2590 ipsum
554 2523 680 2592 corpus
709 2503 743 2571 in
776 2501 890 2572 locum
912 2504 1023 2593 magis
1048 2503 1208 2574 idoneum
1234 2502 1470 2573 transferendi.
1501 2507 1502 2590 l

210 2591 332 2659 Datum
357 2589 497 2659 Reatina
513 2589 617 2659 Nonis
640 2592 795 2681 Augusti,
815 2591 1037 2663 Pontificatus
1057 2592 1164 2664 nostri
1187 2591 1472 2661 nonodecimo.»
1501 2603 1502 2678 t

254 2679 272 2764 ξ
296 2681 342 2746 0.
371 2677 610 2748 Erecutionam
629 2679 734 2770 hujus
759 2680 876 2750 Bullae
900 2702 1072 2768 nusquam
1091 2681 1241 2770 reperire
1263 2681 1376 2772 potui:
1404 2678 1473 2750 novi

209 2773 336 2846 tamen,
364 2767 452 2836 sicut
479 2767 514 2836 in
547 2767 606 2836 illo
630 2767 706 2838 loco
729 2768 847 2852 didici,
876 2791 1003 2860 corpus
1027 2775 1060 2841 S.
1089 2770 1197 2838 Birini
1221 2769 1414 2861 gloriosum
1438 2768 1474 2836 de

210 2851 296 2936 loco,
321 2854 383 2923 ubi
407 2856 441 2923 in
467 2869 655 2926 memorata
678 2856 823 2928 ecclesia
844 2859 1036 2946 antiquitus
1057 2857 1169 2929 luerat
1192 2881 1228 2930 se
1254 2859 1380 2940 ultum,
1399 2879 1472 2928 cum

211 2961 338 3033 magno
363 2943 619 3034 honora,·sicut
643 2945 858 3018 intuentibus
891 2947 1008 3035 liquet,
1037 2969 1113 3020 esse
1137 2881 1356 3020 tansiacum.
1390 2945 1475 3016 Obiit
1501 2971 1502 3026 t

210 3042 322 3102 autem
350 3033 447 3102 tertio
471 3039 582 3104 Nonas
608 3035 813 3105 Decembris.

1501 3285 1502 3318 l
