2994 4832
271 301 332 366 tot
644 321 683 366 nr
706 320 733 366 s.
760 319 894 366 nicoeno
918 319 991 366 uin.
1018 319 1067 365 se.
1349 299 1460 363 unul

224 403 454 474 commisisset
471 401 730 492 praefecturam,
745 403 816 472 viro
834 403 956 472 idoneo
971 403 1028 472 cui
1045 401 1078 471 id
1096 401 1299 482 crederetur,
1311 424 1330 470 a
1341 402 1460 471 terrenis

226 494 352 582 migrat
375 491 417 560 ad
438 491 608 572 coelestia,
635 513 734 561 suam
763 492 914 561 animam
937 493 971 560 in
1001 513 1108 561 manu
1132 491 1188 560 Dei
1208 490 1384 580 deponens,
1403 491 1460 578 jam

226 594 328 650 natus
344 581 770 670 nonagesimumquartum
791 601 934 650 annum.
962 585 1040 649 Erat
1064 601 1141 650 vero
1160 579 1302 666 quintus
1328 578 1394 648 dies
1414 582 1462 646 lle-
1489 565 1490 620 l

224 669 397 750 cerebris,
424 690 491 754 quo
518 681 674 738 mortuus
700 680 751 738 est
781 670 831 737 vir
860 667 918 738 ille
953 667 1127 758 inclytus,
1153 681 1186 737 et
1209 667 1252 736 ad
1277 667 1372 738 vitam
1393 687 1462 752 quae

225 757 297 826 illic
319 771 381 837 est,
405 757 575 847 migravit,
594 758 776 828 comitatus
799 759 842 827 ab
858 757 990 847 angelis
1014 773 1047 826 et
1068 757 1291 846 martyribus.

268 847 287 932 ξ
311 851 393 915 00.
421 849 503 914 Cum
528 867 609 935 ergo
627 867 718 916 mors
742 847 867 926 Sancti,
895 847 989 916 brevi
1013 859 1165 936 tempore
1192 846 1227 914 in
1250 865 1380 914 omnem
1403 865 1465 932 par·

225 945 292 1002 tem
314 935 529 1022 pervasisset,
548 938 723 1004 concurrit
745 935 885 1022 quidem
910 935 950 1004 ad
974 957 1109 1006 sacrum
1135 932 1230 1003 illius
1253 955 1373 1022 corpus
1394 931 1465 1000 mul-

226 1021 336 1091 titudo
371 1022 648 1092 innumerabilis.
674 1024 853 1094 Concurrit
881 1037 995 1094 autem
1027 1024 1210 1092 universus
1239 1043 1371 1112 quoque
1402 1020 1465 1090 ordo

227 1111 489 1190 monachorum,
517 1125 550 1180 et
575 1112 786 1199 quicumque
814 1125 911 1182 erant
942 1111 1118 1202 Episcopi:
1148 1111 1312 1199 quicum
1338 1131 1466 1198 qunpar

224 1213 297 1268 erat
311 1213 435 1268 ornatu
451 1221 577 1290 corpus
600 1203 886 1290 composuissent,
907 1199 1054 1290 hymnos
1075 1212 1107 1269 et
1124 1200 1258 1270 cantica
1283 1199 1314 1269 ei
1337 1199 1376 1268 de
1394 1219 1466 1267 more

225 1299 398 1368 canentes,
426 1290 481 1376 pie
504 1288 690 1358 admodum
710 1302 744 1358 et
766 1302 882 1360 sancte
908 1289 996 1358 inter
1025 1289 1112 1358 duas
1138 1288 1302 1358 ecclesias
1321 1288 1353 1356 in
1379 1285 1467 1354 media

227 1381 336 1445 Laura
360 1376 561 1466 deponunt:
589 1378 648 1447 ubi
676 1400 754 1447 cum
785 1378 842 1447 ille
865 1389 954 1447 esset
977 1392 1161 1466 superstes,
1189 1377 1274 1446 vidit
1297 1376 1466 1447 columnam

226 1465 326 1534 lucis.
353 1469 459 1552 Atque
476 1465 553 1535 talis
576 1466 715 1554 quidem
741 1466 805 1537 luit
829 1467 897 1535 vita
921 1467 1008 1535 beati
1031 1467 1149 1548 Sabae,
1175 1477 1208 1535 et
1235 1467 1311 1556 ejus
1342 1481 1403 1535 tam
1424 1463 1467 1532 ad·

227 1553 396 1634 miranda,
423 1566 456 1623 et
478 1575 566 1641 quae
589 1567 747 1625 naturam
773 1555 983 1646 superabant
1000 1554 1191 1626 rectelacta.

1489 4575 1490 4626 l

1489 4627 1490 4680 l

402 1911 517 2031 vlla
553 1910 594 2010 S.
629 1907 835 2010 llttttttl
871 1909 1127 2012 lllllllNSlS
1161 1909 1319 2012 trist.

226 2173 244 2220 ι
276 2170 407 2220 omneis
439 2170 566 2220 inopus
595 2166 815 2228 coercitione,
850 2165 1047 2216 rnaesrnrnr
1080 2167 1215 2216 siurone
1246 2166 1467 2220 serenarum,

269 2277 423 2326 munuera
446 2277 485 2324 rr
507 2275 698 2324 cousceirrr
722 2276 781 2322 rae
804 2273 994 2322 nronranuu
1017 2274 1229 2324 tusrmnnur
1252 2274 1417 2323 rararnui
1432 2270 1469 2316 u·

269 2383 395 2443 iterun,
422 2383 566 2430 reamur
597 2375 624 2427 s:
652 2381 820 2428 nruernru
851 2381 1027 2429 rusrmnm
1054 2381 1240 2428 rnunronnr
1264 2377 1468 2430 rarannaan.

270 2485 416 2537 aasrrun
441 2489 472 2536 m
497 2490 507 2535 1
531 2487 613 2535 roro
638 2463 979 2534 utors11n1roum1*.
1381 2463 1382 2468 ’

260 2587 405 2761 llllll'l)l
594 2683 731 2742 Floruit
751 2697 818 2740 seo.
840 2685 890 2739 1v
911 2716 948 2726 -
970 2683 1129 2744 asienus.

270 2885 290 2970 ᾗ
313 2889 351 2954 Ι.
371 2885 525 2950 Pataram
543 2881 576 2916 **
590 2901 704 2952 rerum
722 2883 905 2973 scriptores
928 2882 1079 2964 tradunt,
1095 2883 1214 2952 urbem
1232 2881 1340 2953 luisse
1356 2884 1390 2952 in
1406 2894 1473 2949 teru

228 2971 330 3062 Lycia
355 2970 504 3038 nobilem
529 2970 619 3040 inter
650 2971 804 3059 primas;
841 2972 940 3058 eique
964 2972 993 3040 si
1017 2985 1149 3041 caetera
1184 2970 1375 3042 defuissent
1396 2989 1473 3039 oma-

229 3073 356 3138 mente,
375 3059 504 3146 quibus
520 3069 631 3128 tamen
649 3059 811 3149 plurimis
827 3060 999 3140 affluebat,
1020 3072 1148 3149 poterat
1164 3081 1247 3129 sane
1272 3061 1324 3128 vel
1342 3061 1404 3130 hoc
1422 3075 1473 3126 uno

228 3147 402 3218 nobilitari
428 3149 622 3238 praecipue,
649 3148 740 3233 quod
757 3169 923 3239 magnum
950 3149 1125 3219 Nicolaum
1156 3155 1331 3238 llyrarum
1361 3147 1474 3238 Episco

228 3259 311 3328 pum
337 3236 426 3318 tulit,
454 3236 564 3306 virum
591 3237 751 3326 prolecto,
777 3259 879 3327 quem
904 3239 938 3306 in
967 3237 1156 3328 Republica
1180 3235 1373 3308 tllrristiana
1396 3252 1474 3304 nemo

228 3347 334 3416 prope
358 3336 553 3394 sanctorum
572 3325 726 3395 omnium
753 3325 898 3396 inomni
918 3326 1081 3397 virtutum
1103 3326 1205 3396 laude
1219 3326 1320 3396 facile
1340 3325 1473 3397 anteiret.

227 3419 311 3484 llam
336 3419 475 3484 Paterae
499 3427 617 3484 natum
645 3414 697 3452 μ*
716 3413 815 3485 illum
841 3427 993 3496 constet,
1021 3429 1054 3485 et
1075 3415 1168 3485 claro
1192 3415 1334 3503 quidem
1360 3431 1473 3506 genere

228 3509 332 3574 llater
347 3503 422 3590 ejus
438 3503 586 3572 foemina
603 3501 668 3574 suit
692 3505 919 3584 sanctissima,
943 3517 1044 3591 atque
1063 3505 1194 3596 gravis;
1223 3505 1311 3594 patri
1336 3525 1410 3574 vero
1424 3518 1476 3596 nou

227 3605 297 3662 tam
324 3592 408 3662 vitae
433 3591 606 3682 splendor,
632 3613 735 3679 quam
763 3593 951 3682 integritas
978 3615 1044 3665 non
1069 3608 1138 3664 tam
1162 3593 1291 3683 populi,
1319 3593 1475 3686 quamllet

228 3682 355 3762 cultus;
382 3701 449 3752 non
480 3693 546 3749 tum
572 3680 729 3761 divitiae,
755 3703 859 3771 quam
883 3681 1119 3772 eleemosyna,
1153 3681 1294 3752 suerunt
1317 3684 1352 3750 in
1375 3691 1475 3772 pretio.

229 3769 347 3838 llundi
366 3769 480 3857 itaque
502 3769 630 3839 relictis
655 3769 836 3850 illecebris,
866 3769 1000 3840 nullum
1026 3784 1097 3840 erat
1127 3770 1207 3852 illis,
1235 3771 1301 3840 nisi
1326 3769 1475 3862 bonarum

228 3857 402 3927 actionum
427 3857 594 3938 studium,
612 3871 713 3948 atque
729 3859 897 3949 voluptas.
917 3859 971 3929 Sic
989 3859 1103 3947 itaque
1121 3873 1299 3948 parentum
1318 3857 1477 3948 diligentia

229 3946 354 4026 omnio,
383 3945 496 4016 studia
513 3959 545 4016 et
561 3946 762 4037 voluptates,
789 3949 824 4016 in
843 3947 936 4017 hunc
959 3969 1069 4018 unum
1090 3947 1205 4017 divine
1228 3951 1419 4017 ornandum
1436 3944 1477 4010 iu·

229 4034 512 4124 stituondumque
549 4049 630 4104 sunt
662 4035 840 4118 collectae,
867 4047 905 4106 ut
931 4057 1032 4124 quem
1068 4037 1251 4108 carnaliter
1281 4041 1474 4127 genuerant.

253 4161 267 4188 ⁸
281 4159 364 4202 surius
382 4162 462 4202 monet
478 4163 586 4202 Auctorls
602 4163 780 4210 Proetctlcuem.
799 4165 923 4206 brevitati!
938 4165 1024 4211 studio,
1034 4163 1154 4206 omisisser
1163 4175 1207 4206 uos
1217 4175 1316 4215 quoque,
1326 4165 1404 4204 eedem
1413 4166 1478 4216 crees¹

226 4215 348 4262 quaedem.
362 4215 388 4254 ut
401 4215 512 4260 solemur.
527 4218 751 4264 praetermittemus.
767 4215 809 4259 Hic
818 4229 887 4268 porro
897 4220 1010 4260 ednotus
1021 4221 1121 4269 opertet,
1131 4219 1200 4267 hene,
1211 4224 1362 4269 euentuque
1372 4218 1393 4258 s.
1402 4212 1477 4256 tticelu

228 4266 351 4312 Historias,
359 4277 419 4316 quae
431 4269 610 4314 usbauhtedun
620 4268 706 4311 leviter
715 4271 811 4312 crlttcos
821 4273 945 4314 offendere.

255 4319 282 4346 ’Ψ
295 4319 370 4360 Hodie
379 4325 467 4363 Patara.
479 4317 539 4361 olim
549 4323 573 4362 et
581 4321 676 4363 arum
685 4324 826 4370 roosbuturr
835 4325 990 4375 ulcusque,
1000 4327 1029 4367 ed
1039 4323 1098 4366 ritu·
1105 4327 1197 4375 temne,
1206 4323 1329 4366 delubrum
1338 4327 1362 4366 et
1372 4317 1478 4364 omnum

229 4368 349 4420 tpclltnls,
358 4374 470 4421 Delphico
480 4371 563 4414 stmtls.

254 4425 295 4452 Μ
310 4427 360 4473 Quo
370 4435 545 4476 onnoprorm
557 4425 680 4470 incertum.
