2946 4798
17 297 76 361 tlt.
99 297 138 362 tl
282 315 322 364 no
345 313 392 362 ss.
419 312 583 362 ruoonoao
608 314 645 362 sr
669 312 857 362 recurreno
881 315 938 362 xx.
1143 299 1208 364 tat

17 400 179 494 logmatum
211 409 445 500 mutaturum,
468 409 504 468 et
527 397 633 488 cuius
662 397 722 469 ille
746 397 909 490 pulcrum
935 398 1123 471 sustulerat
1152 422 1256 470 orna·

17 501 137 558 arentum
162 499 369 580 imaginum.
721 523 722 526 ¹
1141 527 1146 537 ·

40 579 114 662 §tt
140 577 232 660 Quod
257 599 341 652 cum
363 576 493 650 factum
510 587 610 657 esset,
641 574 824 666 pardulum
848 576 894 646 ab
913 575 1033 648 exsilio
1054 589 1087 646 et
1108 579 1154 648 ab
1177 577 1257 648 aliis

17 664 88 734 italis
110 665 244 736 relaxati
267 666 333 736 viri
380 664 627 748 onerosissimi‚
655 665 796 734 veniunt
817 665 855 736 in
880 665 1010 755 regiam
1034 667 1116 738 novi
1141 671 1257 758 lmpe·

17 757 117 835 atoris,
138 756 193 843 qui
212 777 294 846 prae
310 689 501 835 sederetur,
521 775 556 824 se
573 775 613 824 ex
629 753 845 854 humanitate
865 752 1064 844 permisisse
1088 754 1251 826 reditum.

17 846 73 910 lam
91 865 295 915 rereracum
321 843 496 934 impietate
520 841 737 933 praecedenti
760 842 850 912 nihul
874 843 1021 925 cederet,
1054 843 1086 914 ei
1112 844 1259 916 cedebat

19 951 33 996 o
55 933 288 1019 persecutione.
315 936 421 1021 Atque
444 931 496 1002 illi
519 931 660 1020 quidem
687 953 773 1002 cum
806 932 978 1004 venissent
1007 933 1042 1004 to
1068 932 1254 1014 civitatem,

17 1031 31 1085 lt
46 1020 183 1107 pietatem
209 1021 318 1092 libere
336 1021 603 1112 praedicassent,
625 1020 751 1093 multos
766 1043 805 1092 er
822 1021 956 1110 reliqua
974 1021 1212 1103 multitudine,
1225 1035 1259 1092 ct

17 1130 40 1175 tx
60 1108 132 1198 ipsis
151 1112 250 1182 etiam
269 1111 542 1202 magistratibus
565 1111 600 1180 in
622 1131 721 1180 suam
739 1108 918 1182 adducunt
934 1113 1157 1182 sententiam:
1177 1133 1258 1202 par-

17 1196 60 1262 im
88 1199 213 1286 quidem
241 1222 306 1291 per
329 1199 577 1290 expositionem
597 1219 796 1280 moenum,
827 1220 913 1287 quos
942 1221 1130 1290 germanus
1153 1200 1259 1271 frater

17 1284 202 1374 theophanes
222 1289 353 1360 cecinit
367 1289 523 1359 raudus
537 1312 544 1356 :
560 1288 684 1378 partim
698 1298 811 1360 autem
832 1309 891 1376 per
904 1289 1099 1358 orationum
1120 1311 1259 1377 quoque

17 1375 253 1462 appositionem,
280 1399 368 1466 quas
397 1399 546 1478 magnus
571 1377 628 1446 hic
648 1376 857 1467 conscripsit
880 1377 1090 1450 llheodorus.
1116 1383 1259 1452 lerum-

17 1463 165 1550 ›nimvero
181 1489 262 1538 cum
283 1479 413 1537 mntem
434 1487 587 1536 virorum
605 1467 764 1536 virtutem
782 1486 850 1535 non
871 1465 974 1536 ferret
992 1467 1119 1538 tannes
1139 1473 1259 1624 Masius

17 1555 166 1648 legyptius
188 1568 221 1627 et
242 1556 385 1626 lambre
405 1554 545 1636 sodalis,
573 1569 639 1626 tam
666 1566 781 1646 aperte
807 1553 1035 1645 resplendere,
1059 1577 1120 1628 eos
1147 1557 1203 1626 inc
1220 1579 1260 1628 u-

17 1637 48 1707 ln
67 1641 96 1710 in
115 1664 265 1732 carcere;
293 1657 327 1715 et
351 1656 524 1735 postremo
544 1665 625 1714 curn
638 1643 690 1713 eis
707 1645 741 1714 io
760 1665 919 1716 sermone
942 1665 1161 1733 congressus,
1178 1666 1259 1716 cum

17 1750 64 1798 tion
77 1733 353 1820 possetadversus
371 1731 448 1803 illos
464 1732 648 1814 decedere,
668 1730 740 1814 sed,
761 1746 798 1802 ut
810 1731 948 1814 dicitur,
962 1755 1086 1824 caprea
1104 1755 1259 1824 pugnam

17 1818 177 1892 miretcum
202 1823 376 1904 leonibus,
395 1844 454 1894 eos
478 1822 507 1892 vi
530 1843 652 1892 rursus
668 1820 807 1912 expellit
830 1843 848 1890 e
871 1822 1018 1904 civitate,
1038 1822 1149 1912 utqui
1168 1821 1259 1892 mul-

17 1917 70 1973 lum
81 1924 182 1998 posset
194 1912 289 2004 apud
307 1917 566 2001 lmperatorem,
587 1922 659 1980 tum
674 1909 765 1998 quod
780 1922 869 1982 esset
884 1911 1040 2002 ejusdem
1057 1910 1258 1991 sententiae,

17 2005 71 2062 tom
91 1999 172 2085 quod
193 2014 283 2072 esset
308 2000 454 2072 indutus
479 1999 600 2070 habitu
623 1998 825 2081 monastico,
851 2012 884 2070 et
907 2000 1094 2088 quamdam
1120 2021 1202 2090 prae
1224 2020 1262 2068 se

17 2079 94 2155 lerret
113 2089 242 2176 pietatis
266 2090 438 2180 speciem,
452 2110 512 2178 per
535 2110 640 2176 quam
656 2099 690 2158 et
706 2093 951 2178 Imperatorem
968 2099 1000 2158 et
1017 2087 1144 2160 multos
1163 2109 1204 2158 cx
1218 2087 1261 2156 iis

18 2173 64 2256 qui
77 2179 222 2263 piabant
239 2179 477 2270 magistratus,
500 2177 635 2268 decepit
649 2177 852 2258 sceleratus;
869 2189 901 2247 et
921 2177 1063 2268 indigue
1081 2176 1263 2268 paulopost

20 2264 141 2356 asendit
163 2268 278 2338 sedem
307 2266 585 2358 patriarchalem.
612 2271 651 2337 Et
672 2265 723 2336 illi
748 2265 886 2353 quidem
922 2267 971 2336 sic
995 2265 1128 2357 expulsi
1153 2288 1194 2337 ex
1215 2264 1264 2334 ci-

21 2360 116 2449 vitate,
140 2369 314 2428 externam
340 2356 515 2446 regionem
541 2369 718 2442 tamquam
745 2355 892 2445 patriam
916 2355 1097 2436 videbant,
1125 2367 1264 2445 propter

20 2434 157 2514 Clostum
173 2458 349 2518 versantes
370 2447 405 2516 in
426 2444 501 2515 loco
517 2444 577 2532 qui
595 2456 737 2515 vocatur
753 2443 986 2515 Sosthenium.

39 2529 65 2612 ·§
84 2536 151 2604 tu.
177 2541 361 2622 Postquam
391 2546 504 2604 autem
536 2533 682 2603 decessit
713 2532 843 2623 impius
871 2538 1061 2624 Imperator
1094 2531 1261 2614 Michael‚

19 2618 104 2705 nagia
126 2621 227 2713 impio
243 2624 319 2694 filio
335 2622 523 2713 Theophila
539 2623 556 2657 *
573 2620 736 2710 relinquit
752 2623 955 2712 imperium
975 2622 1035 2710 qui
1055 2621 1185 2692 malum
1204 2621 1266 2690 do·

18 2707 130 2787 gmaita
147 2725 195 2783 est
210 2710 405 2803 amplexus,
424 2724 457 2782 et
472 2712 515 2781 iis
534 2709 595 2799 qui
612 2712 772 2801 pietatem
790 2724 948 2782 accurate
962 2709 1134 2792 tenebant,
1153 2710 1265 2782 extitit

19 2799 69 2861 um
90 2801 206 2886 grauis,
223 2814 263 2872 ut
278 2793 400 2870 omnes
423 2801 484 2888 qui
509 2799 760 2872 lamentantes
782 2800 892 2870 malae
915 2800 1102 2901 opinionis,
1122 2799 1267 2901 frigidos

18 2891 41 2945 tt
54 2886 157 2956 molles
172 2890 329 2960 redderet
351 2890 386 2958 io
408 2889 596 2979 impietate.
616 2889 704 2958 Hinc
720 2910 844 2960 rursus
863 2890 990 2980 inpios
1009 2902 1266 2980 persecutrooes

19 2979 42 3032 tl
56 2991 213 3048 sacrarunt
230 2999 356 3050 rursus
373 2977 566 3068 imaginum
587 2977 800 3056 eversiones;
827 2991 860 3048 et
882 2999 1006 3049 rursus
1031 2991 1213 3060 tormenta,
1236 2990 1268 3048 et

17 3053 132 3144 iudicia,
153 3078 184 3136 et
202 3089 369 3148 carceres,
395 3077 427 3137 et
449 3087 551 3136 omne
575 3087 685 3156 genus
702 3066 891 3224 inllustitiae
910 3081 1121 3138 commotum
1139 3069 1174 3138 io
1194 3067 1263 3157 pie·

20 3155 110 3218 tatem.
126 3155 209 3226 llinc
232 3156 432 3228 rhmdorus
454 3177 534 3226 cum
559 3154 663 3224 fratre
689 3154 732 3226 de
747 3166 849 3236 atus,
882 3166 914 3224 et
937 3156 1029 3243 quod
1058 3157 1138 3247 pius
1165 3167 1265 3236 esset,

21 3252 183 3340 accusatus.
208 3247 273 3328 Qui
299 3267 361 3335 pro
396 3244 519 3336 pietate
542 3243 705 3332 quiden,
742 3243 835 3332 quod
866 3265 932 3314 noo
961 3244 1128 3317 sustinuit
1157 3265 1269 3400 {enus

22 3325 167 3414 supplicii,
193 3335 243 3405 uel
270 3335 508 3426 potiusquam
535 3355 602 3404 non
628 3333 780 3421 suscepit
803 3355 965 3403 coronam
992 3333 1149 3424 martyrii
1195 3336 1269 3402 llon

24 3409 211 3491 tolerantiae?
240 3429 313 3494 llon
337 3421 477 3492 dicendi
511 3420 701 3492 libertatis?
724 3427 796 3492 Non
824 3421 911 3502 zeli,
942 3444 1010 3509 quo
1037 3421 1269 3515 probamina

24 3505 194 3593 concitatus,
204 3511 358 3600 quotidie
372 3511 580 3593 decertabat,
600 3522 730 3601 martyr
746 3511 834 3580 inter
849 3523 1029 3602 martyres,
1044 3523 1077 3582 et
1094 3509 1270 3581 confessor

25 3585 136 3666 elluatus
158 3621 218 3690 per
245 3602 322 3692 ipsa
348 3621 409 3691 pro
432 3599 566 3672 Christo
582 3601 796 3670 certamina?
820 3605 885 3672 Res
902 3611 1016 3670 autem
1038 3600 1134 3671 illius
1159 3599 1270 3690 magis

26 3683 144 3755 ostendit
161 3690 348 3761 multorum
365 3689 500 3760 dierum
526 3709 654 3772 carcer,
679 3710 784 3775 quem
808 3690 984 3771 sustinuit,
1007 3700 1040 3761 et
1060 3688 1270 3781 multiplicia

28 3771 182 3862 supplicia:
207 3800 297 3865 quae
319 3777 414 3849 lilius
442 3789 582 3867 epatre
613 3777 648 3846 io
682 3776 888 3848 hodiernum
917 3800 1029 3866 usque
1061 3778 1153 3850 diem
1180 3777 1272 3848 ecci-

30 3869 152 4016 denffs'
175 3867 383 3950 effecerunt,
410 3880 449 3937 ut
466 3879 499 3937 et
521 3889 561 3937 ea
587 3867 785 3957 superarint
809 3866 1042 3952 oblivionem,
1072 3883 1105 3938 et
1131 3866 1271 3956 scriptis

57 3963 89 4012 to
112 3964 160 4022 ata
181 3957 262 4027 sint.

62 4033 150 4115 ttx.
173 4045 219 4116 lb
248 4045 303 4116 his
334 4044 539 4137 suppliciis,
574 4045 672 4116 multi
705 4045 846 4133 quidem
878 4068 918 4118 ex
952 4047 996 4118 iis
1034 4049 1095 4136 qui
1134 4046 1270 4117 luerent

34 4129 245 4218 conprehensi,
272 4134 351 4206 victi
371 4147 464 4216 sunt,
495 4135 631 4206 etiamsi
659 4135 870 4226 poenitentia
898 4135 1065 4207 adversus
1092 4135 1270 4208 victoriam

41 4309 195 4393 i'llerhuos
208 4331 307 4372 canons
321 4332 476 4375 Iconoolustls
496 4329 683 4383 xmparstortcua
699 4333 803 4374 detestor
817 4333 868 4374 luit.
885 4333 933 4374 Sub
951 4343 985 4380 ao,
998 4332 1076 4374 omnia
1093 4333 1182 4382 templs
1197 4334 1272 4374 sacris

42 4369 282 4476 ffllffitnpollatr
295 4385 367 4426 tuere.
386 4387 463 4434 Quum
478 4395 552 4428 anuos
568 4387 692 4428 duodecim
709 4383 835 4435 imperium
850 4388 971 4436 gessisset,
988 4397 1048 4427 anno
1063 4387 1108 4432 812,
1124 4387 1274 4436 dysenteriae

101 4509 226 4576 sudus·
245 4517 329 4580 Vitae
342 4519 394 4584 SS.
412 4552 427 4568 ·
442 4519 508 4584 Vol.
524 4519 588 4586 llll.
1157 4522 1195 4582 32
