2972 4826
139 333 142 338 ι
246 299 310 362 240
586 297 694 360 nass.
722 312 799 362 sino
823 313 860 359 ar
876 307 1009 361 ‘rvanrro
1033 313 1082 360 nn.
1326 293 1435 359 bata

205 399 273 469 illis
287 411 320 470 et
336 397 426 468 diem
440 395 577 488 judicii,
599 409 700 486 atquc
723 397 934 468 credentium
956 397 1100 488 gloriam
1126 397 1354 488 sempiternam
1375 417 1437 466 san·

204 499 350 570 ctorum,
367 487 502 557 dicens:
522 490 644 557 «Haec
659 487 687 556 si
705 485 930 566 credideritis
949 487 1014 556 erit
1030 508 1164 576 semper
1179 487 1344 556 vobiscum
1356 489 1436 562 beas,

204 577 305 647 sicuti
328 576 520 656 nobiscum,
539 587 570 644 et
599 575 764 666 quicquid
790 575 936 645 fideliter
958 574 1124 732 petieritis
1155 575 1190 645 in
1219 574 1347 646 nomine
1369 573 1438 673 ejus,

204 665 476 753 consequemini.
498 691 511 728 ι
538 664 599 734 His
618 677 731 734 autem
752 675 783 732 et
800 664 877 733 aliis
896 687 954 734 mu
972 665 1014 734 tis
1030 665 1158 736 sanctis
1180 662 1440 734 exhortationibus

206 753 356 845 populus
380 752 422 824 ad
443 752 544 822 iidem
562 753 770 823 convertitur
794 752 934 833 Christi,
962 766 1063 841 atque
1087 753 1300 843 baptismatis
1321 750 1439 843 gratiam

203 843 391 926 consecuti,
409 847 540 914 Patrem
556 901 559 910 ,
574 855 606 910 et
630 841 751 912 salutis
774 863 857 912 suae
880 854 1088 912 ostensorem
1109 843 1196 912 miro
1219 864 1333 912 omnes
1362 859 1441 906 vene-

206 932 371 1002 rabantnr
395 931 528 1002 allecta.

249 1021 332 1109 §4
360 1025 405 1090 Eo
422 1042 500 1091 vero
524 1034 673 1109 tempore
689 1017 772 1090 dum
797 1031 871 1090 orta
889 1032 977 1090 esset
1002 1019 1191 1120 persecutio
1217 1015 1402 1089 Christianis
1417 1016 1442 1083 in

207 1108 512 1179 llcdiolanensium
529 1107 650 1178 urbea
693 1108 818 1178 uodam
838 1109 1071 1199 paganissima
1095 1108 1223 1178 Comite
1248 1105 1380 1178 hnolino
1400 1127 1443 1174 no·

208 1199 311 1280 mine,
333 1209 366 1267 et
391 1196 559 1288 aliquanti
582 1219 622 1266 ex
651 1131 853 1267 clrisaianis
873 1219 932 1284 pro
959 1219 1074 1267 amore
1103 1196 1227 1268 Christi
1255 1196 1442 1286 punirentur,

208 1287 322 1357 beatos
346 1287 536 1358 Protasium
553 1296 586 1354 et
600 1287 797 1356 Cervasium
809 1285 837 1368 *,
851 1286 1016 1377 gloriosos
1034 1287 1123 1354 viros
1149 1285 1352 1376 professione
1373 1281 1444 1352 Chri-

209 1375 330 1456 stiana,
353 1375 444 1444 idem
470 1373 731 1444 crudelissimus
760 1381 897 1444 Praeses
915 1375 1147 1454 carceralibus
1173 1374 1319 1445 tenebris
1343 1370 1446 1440 manci-

209 1465 311 1555 pavit,
330 1463 491 1554 plurimis
505 1463 629 1534 Christi
648 1463 810 1533 fidelibus
823 1463 1047 1534 latitantibus.
1066 1467 1187 1532 Beatus
1204 1485 1283 1535 vero
1299 1461 1444 1534 Nazarius.

207 1552 311 1622 claris
327 1566 423 1623 ortus
441 1551 625 1638 natalibus,
644 1573 684 1621 ca
701 1565 898 1642 tempestate
915 1552 1038 1622 Christi
1059 1574 1183 1622 nomen
1198 1549 1448 1622 constantissime

209 1642 424 1732 praedicans,
447 1640 617 1730 despectis
641 1640 748 1726 hujus
764 1661 988 1712 aerumnosae
1005 1642 1091 1711 vitae
1112 1663 1153 1709 ne
1178 1641 1270 1724 otiis,
1289 1639 1448 1710 multorum

208 1731 343 1800 animos
359 1729 565 1801 illustrabat.
593 1728 656 1798 Sed
676 1729 833 1800 detentus
850 1730 1035 1820 impiorum
1057 1663 1229 1810 manibus,
1255 1729 1390 1798 marinis
1403 1726 1448 1795 llu-

209 1819 322 1889 ctibus
339 1818 566 1908 immergitur.
587 1823 812 1888 Succurrente
836 1831 949 1894 autem
973 1819 1090 1888 divino
1120 1818 1311 1908 praesidio,
1338 1814 1448 1888 naulra-

209 1907 305 2009 glum
327 1907 572 1998 tantipericuli
598 1929 697 1978 verus
723 1907 844 1977 Christi
868 1907 994 1977 athleta
1018 1906 1181 1978 liberatus
1198 1908 1316 1976 evasit.
1338 1911 1373 1976 ht
1393 1913 1448 1994 post
1477 1951 1478 1954 ,

213 2010 273 2066 asta
299 1996 416 2066 divina
446 1994 619 2086 magnalia
651 1997 889 2065 incunctanter
912 1995 1125 2086 praedicans,
1151 1997 1331 2066 Dominum
1359 1995 1447 2062 lesura

211 2084 382 2156 Christum
399 2086 455 2154 Dei
471 2107 545 2154 esse
561 2083 686 2164 filium,
706 2083 747 2153 ad
765 2084 921 2154 eamdem
938 2083 1244 2154 Mediolanensium
1262 2086 1379 2155 urbem
1396 2100 1449 2170 per·

212 2174 314 2252 venit,
334 2176 367 2242 in
385 2195 452 2263 qua
469 2172 625 2244 videlicet
636 2173 740 2261 jussu
760 2173 963 2263 nequissimi
983 2173 1125 2244 Neronis
1147 2173 1191 2243 ab
1215 2173 1334 2244 eodem
1352 2169 1450 2242 Comite

212 2263 330 2333 mortis
355 2261 557 2331 sententiam
588 2261 771 2362 sustinuit:
797 2275 829 2332 et
852 2263 934 2350 quia
958 2275 1030 2331 erat
1056 2261 1205 2343 nobilis,
1234 2260 1449 2352 praeclaroque

210 2371 403 2440 exgenere,
424 2363 579 2420 metuens
604 2371 825 2422 saevissimus
851 2363 1057 2440 persecutor,
1080 2351 1284 2440 intempesta
1303 2361 1394 2420 nocte
1413 2367 1451 2415 ca·
1477 2399 1478 2402 ,

214 2439 282 2596 pige
311 2461 390 2562 epm
426 2439 577 2509 truncari
610 2439 783 2529 praecepit
809 2463 889 2510 cum
915 2439 1045 2509 assecla
1076 2461 1140 2509 suo
1162 2439 1316 2530 ‘parvulo
1341 2436 1451 2507 nonrint·
1477 2477 1478 2480 ,

213 2532 307 2598 Ceso
359 2579 366 2591 .
683 2549 687 2556 ·

254 2617 339 2703 55.
366 2619 518 2701 Cumque
542 2614 702 2685 relatione
731 2614 916 2686 multorum
942 2616 1160 2687 beatissimus
1186 2621 1295 2706 Syrus
1321 2617 1453 2710 haecpo-

213 2704 397 2796 gnovisset,
416 2703 646 2773 reiterandum
668 2704 778 2773 virum
800 2705 966 2774 Iventium
987 2703 1197 2792 alloquitur:
1225 2710 1402 2784 «Summa,
1419 2719 1454 2768 rn-

212 2791 346 2879 quiens,
366 2791 538 2862 alacritate
561 2815 600 2862 ac
615 2791 785 2862 celeritate
809 2792 1037 2864 Mediolanum
1064 2806 1273 2872 transcurre,
1296 2793 1385 2864 omni
1408 2786 1454 2856 sol·
1477 2847 1478 2850 ,

214 2880 394 2950 licitudine
425 2881 604 2968 inquirens
629 2880 838 2951 Christianos
870 2883 959 2952 viros
987 2880 1183 2972 alloquere:
1217 2887 1456 2973 supernatans

211 2968 315 3038 ardor
338 2969 514 3042 charitatis
539 2968 697 3050 detineat,
724 2983 756 3039 et
780 2991 861 3060 erga
888 2971 1009 3042 Christi
1039 2975 1225 3072 Martyrum
1257 2967 1456 3041 reverentiam

214 3058 337 3138 vincat,
356 3071 395 3128 ut
409 3057 616 3149 corpuscula
633 3056 775 3127 fratrum
795 3071 988 3129 nostrorum
1014 3061 1143 3129 Nazani
1164 3073 1196 3130 et
1214 3059 1314 3142 Celsi,
1333 3071 1456 3148 quorum
1477 3084 1478 3132 t

213 3147 357 3237 sanguis
385 3169 446 3304 ᾓτο
470 3146 592 3216 Christi
615 3146 745 3217 effusus
767 3161 818 3216 est
842 3149 1002 3229 nomine,
1029 3147 1154 3238 dignae
1179 3149 1376 3239 sepulturae
1396 3161 1478 3228 corn

213 3235 362 3305 maximo
414 3257 518 3306 onore
543 3235 742 3315 tradantur,
769 3247 870 3324 atque
897 3237 1110 3327 epitaphium
1138 3237 1339 3308 certaminis
1361 3249 1456 3304 eorum

215 3323 324 3394 sacris
347 3324 505 3415 apicibus
529 3323 783 3396 conscribentes
806 3325 910 3395 simul
942 3325 1124 3396 recondite.
1151 3327 1342 3397 Protasium
1367 3334 1457 3393 auten

210 3426 244 3482 et
269 3413 467 3484 Gervasium
497 3412 720 3504 dignissimos
744 3412 979 3496 ConfessoreS,
1009 3415 1069 3502 qui
1093 3437 1113 3483 a
1141 3413 1300 3503 pestifero
1325 3404 1478 3496 praeside

213 3501 325 3572 clausi
351 3523 487 3571 carcere
517 3502 735 3580 detinentur,
761 3523 839 3572 curn
867 3525 927 3592 pro
958 3503 1081 3572 Christi
1111 3502 1177 3573 fide
1201 3517 1233 3572 et
1263 3503 1330 3594 ipsi
1356 3498 1460 3592 luerint

214 3591 378 3680 martyrio
397 3592 560 3672 coronati,
587 3590 701 3662 debito
725 3591 853 3661 honore
876 3604 909 3661 et
929 3593 1048 3662 merito
1067 3591 1266 3674 condentes,
1285 3586 1460 3678 certaminis

213 3700 331 3753 eorum
351 3678 504 3749 libellum
526 3678 728 3768 profuturis
753 3680 964 3771 temporibus
988 3680 1031 3750 ad
1055 3679 1191 3752 laudem
1221 3679 1355 3751 Domini
1374 3683 1478 3770 nostrl¹

212 3767 292 3838 lesu
308 3767 432 3837 Christi
455 3781 488 3838 et
511 3768 655 3858 gloriam
674 3769 826 3858 ipsorum
857 3769 899 3838 ad
925 3770 1037 3858 capita
1060 3791 1179 3840 eorum
1206 3771 1368 3858 reponite.
1393 3769 1461 3846 Qma

215 3856 505 3942 praedestinatum
530 3869 582 3926 est
605 3879 624 3926 a
648 3861 737 3938 Deo,
770 3857 858 3929 veris
888 3857 1072 3940 fidelibus,
1099 3858 1159 3946 qui
1184 3870 1338 3948 tempore
1358 3869 1461 3945 oppor·

213 3956 299 4014 tuno
322 3944 484 4014 credituri
510 3960 601 4027 sunt,
629 3944 672 4014 ob
696 3945 952 4016 confirmandas
977 3961 1107 4016 mentes
1122 3968 1255 4027 eorum,
1283 3957 1478 4030 sanctorum

212 4053 356 4122 corpora
380 4033 534 4115 revelari,
561 4047 593 4104 et
616 4033 806 4105 honoribus
830 4047 931 4123 atque
951 4035 1133 4106 virtutibus
1149 4032 1372 4126 praefulgere.
1391 4023 1461 4127 mul·

214 4134 394 4208 torumque
409 4121 658 4194 infirmantium
675 4121 930 4194 valetudinibus
946 4124 1123 4194 restituere
1139 4123 1308 4194 medelam
1323 4121 1460 4218 salotis.»

258 4211 338 4296 §u
363 4215 515 4297 Cumque
538 4211 654 4281 omnia
679 4233 798 4282 sereno
816 4226 950 4303 pectore
975 4213 1083 4283 Patris
1107 4213 1234 4284 monita
1260 4211 1459 4299 suscepisset,

239 4367 251 4387 ·
266 4368 303 4407 SS.
316 4370 424 4408 Gamaatt
435 4372 458 4410 ct
467 4371 567 4410 Protcatl
577 4373 631 4412 Mhi.
641 4374 728 4414 testum
738 4373 775 4414 die
787 4375 811 4413 19
819 4375 880 4422 tuntt
890 4375 1029 4416 celebratur.

239 4419 266 4446 ¹⁸*
282 4421 318 4460 SS.
330 4422 442 4462 cascaram
454 4427 476 4463 ct
486 4425 569 4466 celsus
581 4427 617 4466 dte
628 4429 652 4466 28
659 4427 715 4476 lulli
726 4431 894 4474 memorantur.
