2960 4824
50 257 101 324 nrt
130 259 167 326 li
305 279 345 326 nn
369 279 396 326 s.
423 277 590 330 srrnrnnrts
612 279 759 328 ansatur.
786 280 960 341 rnrrrrrrra.
1161 266 1225 330 289

47 374 126 430 anem
141 375 172 430 at
186 362 376 452 hospitibus
400 375 466 434 tam
493 363 605 434 facilis
628 363 672 434 ad
696 386 775 434 eum
798 366 934 454 patebat
957 364 1082 447 aditus,
1109 378 1141 436 et
1161 389 1198 436 se
1220 367 1272 440 eis

47 464 90 518 tan
105 450 272 537 praebebat
285 452 470 534 affabilem,
489 465 527 524 nt
542 465 632 524 esset
655 454 819 524 omnibus
843 453 1045 524 hominibus
1061 455 1095 523 in
1113 476 1274 527 sermone

42 536 198 622 jucundior,
218 554 251 610 et
272 541 314 610 nd
332 541 511 612 facultates
534 564 616 612 suas
640 541 950 612 communicandas
975 543 1076 633 longe
1100 543 1272 615 liberalis-

43 625 131 696 sinus.
147 631 360 700 Praeteriisse
381 646 470 701 certe
494 629 644 717 aliquem
669 653 708 699 ex
727 630 770 700 iis
793 631 854 718 qui
877 631 1098 714 accedebant,
1117 633 1178 719 qui
1202 655 1271 704 non

42 711 128 810 luisset
147 719 188 786 ab
209 739 248 788 eo
271 719 421 809 bospitio
434 731 609 810 acceptus,
625 732 698 789 erat
711 719 742 788 ei
758 718 860 820 longe
876 719 1172 800 molestissimum,
1195 743 1271 812 per-

42 802 143 873 rndeac
160 807 187 876 si
205 828 242 876 re
264 807 382 895 aliqua
407 807 556 880 maxima
579 821 612 878 et
634 810 941 896 quaestuosissima
965 823 1053 880 esset
1076 809 1270 882 fraudatus.

40 893 68 958 Et
83 895 287 982 cratquidem
312 897 442 985 alioqui
466 899 497 967 ei
523 896 608 966 liber
631 897 782 980 animus,
800 909 834 968 et
857 897 993 970 alienus
1016 899 1061 968 ab
1083 899 1178 968 omni
1202 900 1272 969 illi-

40 977 117 1050 lerali
134 987 357 1056 assentatione
379 999 415 1056 et
434 985 645 1056 bumilitate:
671 986 713 1056 ad
731 1008 851 1056 eomm
870 1000 983 1057 autem
1001 989 1062 1075 qui
1079 988 1143 1058 iter
1159 988 1273 1079 ingre-

40 1067 204 1155 diebantur,
238 1073 374 1144 labores
398 1075 625 1156 recreandos,
659 1088 691 1145 et
714 1075 756 1146 ad
788 1076 893 1166 pedes
916 1077 976 1164 qui
1000 1089 1096 1147 erant
1120 1076 1269 1166 fatigati,

41 1156 202 1258 ablpendos,
218 1175 253 1234 et
266 1163 308 1233 ad
329 1185 484 1234 mensam
500 1165 753 1255 apponendam,
772 1178 806 1234 et
819 1164 888 1234 alia
903 1165 1180 1235 administranda
1191 1166 1271 1256 jure

42 1250 172 1320 amicitiae
193 1263 227 1322 et
246 1253 503 1335 moderationis,
532 1266 604 1323 erat
623 1253 707 1323 adeo
731 1253 848 1324 dexter
870 1265 903 1322 et
922 1253 1111 1337 officiosus,
1138 1267 1175 1324 ut
1198 1257 1272 1346 ipse

42 1332 110 1404 solus
126 1339 182 1409 boc
206 1341 319 1431 magis
397 1353 531 1424 astaret,
549 1363 653 1430 quarn
670 1341 804 1425 famuli,
822 1343 981 1431 quisunt
1000 1344 1034 1412 in
1061 1365 1142 1414 suos
1161 1343 1272 1415 domi·

40 1429 224 1526 usuarius
237 1451 323 1532 prae
351 1431 387 1500 iti
404 1430 650 1502 benevolentia.
667 1437 748 1500 Erat
761 1432 854 1502 eninr
872 1432 902 1500 ei
917 1445 1173 1521 contemperata
1189 1455 1271 1504 curn

38 1529 165 1610 prantate
185 1520 326 1608 quadem
349 1519 574 1609 simplicitas;
595 1542 678 1590 cum
701 1521 808 1590 animi
835 1541 913 1590 vero
939 1521 1197 1610 magnitudine,
1226 1522 1272 1593 le·

39 1613 115 1684 ntas;
136 1628 212 1685 cum
237 1609 374 1679 intensa
390 1620 553 1679 autemst
569 1609 703 1678 ardenti
719 1609 896 1691 charitate,
916 1623 1013 1699 grata
1029 1610 1172 1681 florebat
1187 1624 1272 1681 teru-
1312 1641 1317 1652 ·

40 1695 175 1774 perantia:
194 1719 299 1784 quarn
318 1719 387 1769 non
403 1699 519 1767 minus
529 1697 659 1780 dilexit,
674 1709 708 1768 et
721 1698 882 1768 ardenter
894 1711 945 1770 est
958 1698 1149 1788 amplexus,
1167 1722 1271 1788 quam

39 1777 276 1876 reliquaomnia,
299 1798 338 1856 ut
352 1787 413 1874 qui
436 1809 516 1856 oum
533 1786 686 1878 legitima
709 1787 850 1874 quidem
871 1800 906 1858 et
923 1787 1050 1878 pudica
1074 1809 1181 1858 uxore
1204 1811 1272 1860 non

39 1864 255 1956 duraremus,
287 1889 320 1945 et
348 1875 534 1946 liberorum
563 1889 660 1966 pater
681 1898 722 1946 ex
744 1897 784 1946 ea
807 1875 959 1956 allectus,
987 1877 1150 1966 deinceps
1175 1877 1273 1947 rolu-

39 1969 103 2040 ptate
121 1973 150 2030 et
166 1965 258 2033 omni
286 1964 354 2033 alia
379 1963 558 2034 mundana
580 1965 769 2056 cupiditate
810 1966 976 2034 ermansit
996 1967 1165 2054 superior.
1185 1967 1273 2036 Hinc

39 2045 85 2142 nel
101 2049 221 2122 virtutis
244 2053 436 2123 conficiens
455 2052 669 2143 diligentius,
691 2065 725 2122 et
739 2055 774 2122 in
786 1987 866 2145 lege
882 2055 1018 2124 bomini
1034 2053 1187 2124 studiose
1204 2076 1274 2124 rne-

39 2128 132 2216 drtans,
145 2137 416 2234 benignissimus
430 2143 537 2212 evasit
548 2155 582 2213 et
594 2142 895 2213 clementissimus.
917 2147 955 2211 Et
967 2155 1006 2212 ut
1022 2142 1127 2214 semel
1142 2143 1270 2226 dicam,

39 2234 90 2320 arat
110 2229 255 2316 Spiridnn
287 2229 443 2300 divinum
470 2231 634 2302 virtutum
670 2231 846 2322 exemplar
869 2231 1113 2322 archetypum:
1144 2231 1274 2302 babens

42 2310 144 2391 ludent
160 2341 285 2390 omues
301 2319 335 2387 in
353 2341 392 2390 se
408 2320 574 2409 scriptas,
593 2319 651 2390 sed
678 2319 721 2390 ad
746 2341 893 2409 quarum
920 2321 1145 2391 imitationem
1171 2321 1273 2411 pauci

44 2408 346 2481 llltttntaccedere.

45 2571 49 2580 ,
75 2487 137 2572 §t
159 2501 241 2568 Cum
258 2497 313 2566 sio
329 2495 387 2566 ille
403 2496 636 2586 resplenderet
649 2495 849 2582 benefactis,
869 2519 1113 2598 magnamque
1125 2498 1228 2567 vitam
1243 2512 1276 2568 et

42 2593 171 2668 rnsrgnem
193 2585 380 2668 attulisset,
407 2585 515 2655 multa
538 2607 676 2674 quoque
695 2586 786 2656 dona
806 2587 936 2676 majora
951 2599 1185 2672 consequrtur,
1205 2598 1274 2655 tarn

40 2681 102 2768 luae
116 2685 189 2744 aunt
204 2675 276 2758 hic,
297 2674 451 2761 inquam,
470 2695 575 2762 quarn
599 2697 688 2762 quae
704 2674 901 2745 futurorum
925 2673 1127 2745 describunt
1142 2675 1276 2764 magni·

41 2753 171 2831 tudinem.
192 2768 289 2836 Haeo
312 2775 426 2833 autem
444 2777 552 2834 erant:
571 2763 690 2834 morbo
705 2764 859 2834 conlecta
876 2763 1104 2834 confirmabat
1117 2785 1272 2855 corpora,

40 2847 236 2923 neutrarum
263 2851 504 2923 mutilationes
521 2853 666 2922 sanabat
688 2853 910 2934 incurabiles,
931 2851 1102 2943 malignos
1122 2853 1277 2944 increpa·

38 2925 104 3000 bats
125 2937 229 3020 intus:
248 2963 340 3031 quos
363 2942 615 3032 cumprimum
639 2943 862 3032 increpasset,
877 2941 973 3010 nulla
991 2963 1086 3011 mora
1100 2942 1278 3031 interjecta

39 2957 192 3122 fugiebant,
214 3043 250 3100 et
279 3031 393 3100 statim
422 3030 644 3112 recedebant3
672 3029 740 3100 alia
763 3051 903 3119 quoque
926 3031 970 3099 ab
999 3029 1192 3100 collebant
1223 3031 1277 3100 his

39 3127 160 3198 napum,
183 3119 311 3190 virtute
335 3119 452 3188 divina
475 3119 507 3189 ei
529 3141 629 3209 opem
654 3118 794 3190 ferente.
817 3119 1047 3202 Quamobrem
1076 3141 1115 3188 er
1141 3132 1278 3209 pastore

38 3204 225 3278 nnmtuitur
239 3219 371 3299 pastor,
391 3207 465 3278 loco
479 3209 596 3279 orium
613 3230 696 3278 cura
714 3209 828 3301 gregis
847 3209 878 3278 ei
894 3208 1092 3290 commissa,
1108 3228 1176 3295 quo
1193 3219 1278 3278 tem-

40 3304 98 3370 llte
118 3315 258 3396 magnus
279 3298 526 3367 Constantinus
549 3302 783 3368 Romanorum
806 3297 942 3368 tenebat
957 3297 1157 3386 imperium,
1171 3297 1279 3366 Trim-

39 3375 305 3462 nplhuntrnorum
324 3385 342 3422 ⁴*
357 3399 492 3457 oreatus
515 3386 719 3488 Episcopus.
745 3391 915 3470 Quantam
940 3397 1067 3466 autern,
1086 3398 1277 3544 Xostquam

40 3467 194 3566 mactus
215 3473 283 3546 luit
307 3473 352 3544 ad
375 3473 796 3557 sedem,v1rtutiscuram
817 3474 971 3566 gesserit,
988 3487 1082 3546 osten

40 3557 201 3632 srnrlitera
225 3563 344 3634 sedem
371 3563 496 3652 adepto
519 3562 608 3634 facta
636 3576 717 3634 sunt
739 3563 921 3634 miracula.
944 3569 1065 3634 Verum
1089 3563 1182 3632 enim
1200 3583 1280 3633 raro

39 3645 130 3717 onnia
151 3650 245 3739 illius
274 3653 449 3743 persequi,
475 3652 572 3724 stulti
594 3666 628 3723 et
650 3652 817 3724 ineruditi
840 3651 943 3722 luerit
971 3651 1143 3734 hominis;
1170 3673 1280 3740 neque

39 3747 97 3802 tero
115 3737 146 3806 id
168 3743 247 3827 quis
266 3743 406 3829 assequi
430 3745 589 3834 potuerit:
607 3742 781 3830 quomodo
803 3742 906 3812 etiam
927 3741 1044 3811 omnia
1069 3742 1281 3830 praetermit-

41 3825 106 3920 ιιι,
132 3827 235 3901 nimis
258 3851 425 3920 magnum
449 3831 618 3901 damnum
644 3831 808 3902 attulerit.
840 3835 1087 3918 Quaecumque
1110 3843 1225 3900 autern
1249 3841 1282 3899 et

40 3903 90 3976 drcr
110 3930 259 4001 possunt,
278 3933 310 3990 et
333 3917 456 3990 auditu
480 3918 578 3990 valde
602 3927 683 3991 sunt
705 3921 817 4002 utilia,
836 3941 876 3989 ea
899 3917 1025 3987 dicam.

71 3998 140 4083 ld.
158 4008 351 4098 Castigabat
379 4014 468 4079 Deus
489 4009 642 4079 insulam
669 4009 805 4099 pluviae
832 4020 991 4098 egestate,
1010 4020 1045 4078 et
1066 4008 1181 4098 gravis
1206 4029 1282 4098 pra-

42 4089 130 4160 bebat
149 4095 308 4180 siccitas,
337 4109 371 4168 et
400 4097 588 4168 siccitatem
614 4099 755 4188 quidem
780 4097 1056 4184 consequebatur
1080 4097 1211 4168 lamas:
1234 4096 1283 4167 la-

42 4187 110 4245 nam
127 4195 236 4254 autem
286 4187 378 4272 estis,
395 4201 428 4257 et
448 4208 491 4277 po
517 4187 568 4257 uli
588 4187 728 4275 quidem
753 4208 881 4276 magna
900 4205 978 4277 pars
999 4186 1072 4274 jam
1092 4186 1280 4268 interierat·

44 4257 124 4337 altera
143 4293 219 4344 rero
243 4207 284 4343 id
302 4297 381 4345 mox
394 4210 599 4348 credebatur
613 4299 768 4368 passura.
789 4279 882 4366 Opus
898 4289 1012 4348 autern
1033 4275 1181 4346 babebat
1195 4274 1282 4346 illud

63 4385 72 4408 ⁸
83 4389 131 4434 Urba
140 4395 162 4437 ln
171 4397 240 4450 (typri
250 4401 336 4450 mula,
345 4401 407 4452 apud
417 4401 569 4445 Salaminam.

103 4475 237 4538 flarius-
256 4480 338 4544 l'r'taa
353 4480 406 4544 SS.
421 4515 434 4529 ·
449 4481 519 4544 vat.
534 4479 597 4543 ΧΗ.
1170 4481 1206 4540 ¹9

1110 3487 1177 3558 ent,
1191 3495 1280 3561 quae
