2994 4832
242 271 303 334 iot
555 288 593 333 na
618 288 644 334 s.
673 287 799 334 annosa
823 286 971 336 anonim.
998 288 1109 336 coion.
1324 268 1434 331 blut

194 387 226 442 et
252 393 430 441 murorum
456 371 618 441 firmitate
652 393 687 441 se
722 383 902 454 tutaretur,
931 372 1085 460 undique
1121 370 1308 462 conglobati
1340 369 1436 458 ipsum

195 459 364 550 templum
391 460 573 540 obsident,
607 481 725 529 muros
751 460 962 552 perfringere
985 461 1100 532 dedita
1123 483 1227 551 opera
1249 458 1434 528 moliuntur:
1481 455 1482 494 l

196 563 378 641 postremo,
398 549 464 618 nisi
489 571 596 637 ocyus
621 549 688 618 sibi
713 550 867 620 tradatur
881 551 1180 642 archiepiscopus,
1199 550 1309 640 ignem
1324 567 1437 635 quoque

195 663 231 710 se
255 637 472 707 adhibituros
497 637 714 707 minitantur.
734 644 819 708 Tum
844 640 880 720 ii,
899 640 959 727 qui
985 641 1079 710 intus
1103 653 1212 719 erant,
1232 636 1371 706 videntes
1389 635 1437 703 ob-

195 728 338 797 stinatos
362 747 436 797 esse
459 748 580 795 omnes
603 725 644 794 ad
666 748 781 797 necem
807 727 884 814 ejus
910 729 1045 800 animos
1071 728 1203 819 populi,
1221 749 1282 796 nec
1303 724 1438 794 ebrietate

196 816 279 896 sola,
306 836 395 902 quae
427 826 578 905 tempore
602 814 713 904 digeri
743 816 840 896 solet,
874 816 932 886 sed
965 819 1069 888 etiam
1101 816 1189 887 odiis
1212 828 1245 885 et
1270 813 1438 905 phrenetico

195 904 344 992 quodam
371 903 486 973 lurore
516 903 673 973 homines
704 905 850 994 agitari,
877 905 1024 976 suadent
1048 906 1102 987 ei,
1130 921 1168 976 ut
1193 915 1320 976 mutato
1341 901 1441 970 habitu

196 993 345 1080 elingere
369 1005 511 1061 conetur
538 992 759 1074 deecclesia,
783 1009 815 1064 et
842 993 960 1064 fallere
988 995 1196 1074 obsidentes,
1223 995 1284 1064 hoe
1315 991 1402 1070 lacto,
1418 1001 1442 1056 et

197 1103 313 1152 sacras
337 1081 438 1151 aedes
462 1081 633 1164 incendio,
653 1094 684 1151 et
706 1104 741 1151 se
767 1084 885 1153 mortis
911 1084 1065 1173 periculo
1090 1084 1309 1154 liberaturus.

241 1173 365 1258 526.
394 1173 634 1270 9pportuuum
666 1170 767 1260 lugae
799 1173 1029 1262 patrocinium
1060 1185 1126 1242 tem
1156 1194 1196 1242 us
1227 1169 1440 1261 pollicebatur.

198 1264 280 1328 llam
306 1258 472 1328 seditione
498 1259 531 1326 in
566 1259 713 1328 inediam
748 1273 880 1330 noctem
912 1273 1104 1350 protracta,
1132 1195 1315 1330 llorrcbant
1348 1256 1442 1326 omnia

199 1343 349 1416 tenebris
372 1361 402 1416 et
427 1346 586 1436 caligine,
607 1359 643 1416 ut
664 1348 756 1418 haud
774 1347 872 1418 lacile
896 1351 1060 1438 cuiquam
1082 1363 1181 1431 esset,
1208 1349 1324 1419 vultus
1346 1367 1443 1416 occur-

200 1436 348 1506 santium
375 1436 581 1506 discernere.
600 1441 646 1505 ln
676 1451 774 1508 ustus
798 1437 913 1508 aditus
938 1439 1073 1529 patebat
1103 1438 1145 1508 de
1171 1437 1298 1528 templo
1329 1436 1361 1504 in
1382 1434 1443 1502 dor-

201 1525 388 1606 mitorium,
416 1525 566 1612 itemque
586 1524 628 1594 de
651 1461 852 1596 bormitorio
876 1527 910 1594 in
929 1529 1056 1598 atrium
1074 1528 1287 1615 domumque
1310 1521 1444 1596 canonici

198 1613 382 1700 cujusdam
408 1613 649 1682 adhaerentem
681 1637 779 1683 muro
803 1615 973 1686 civitatis:
1000 1618 1098 1704 isque
1124 1630 1203 1686 ante
1234 1637 1358 1706 paucos
1389 1611 1445 1678 dies

199 1716 292 1772 ortae
321 1701 498 1771 seditionis
529 1703 769 1792 impetraverat
793 1705 836 1774 ab
864 1705 1139 1796 archiepiscopo,
1162 1711 1225 1776 Deo
1253 1701 1445 1774 adsalutem

200 1791 455 1880 hrcliiepiscopi
476 1791 539 1860 hoc
558 1793 671 1881 ipsum
688 1792 955 1864 misericorditer
972 1795 1181 1884 providente,
1200 1807 1237 1864 ut
1254 1805 1353 1883 rupto
1368 1809 1447 1857 nrnro

199 1880 357 1960 civitatis
393 1879 573 1969 parvulum
599 1880 665 1948 sibi
699 1883 866 1970 posticum
894 1882 1003 1953 lacere
1034 1883 1216 1955 sineretur.
1244 1883 1295 1952 lbi
1327 1879 1448 1951 eductus

199 1969 509 2058 archiepiscopus,
537 1969 711 2058 applicitis
747 1969 780 2038 iii
806 1971 1012 2041 evectionem
1043 1971 1120 2060 ejus
1146 1983 1179 2041 et
1205 1971 1370 2042 comitum
1390 1965 1447 2054 ejus

199 2069 348 2144 quatuor
371 2058 480 2145 equis,
515 2057 611 2136 abiit,
633 2080 760 2146 opacae
792 2060 901 2130 noctis
934 2060 1093 2142 tenebris,
1115 2082 1157 2130 ne
1180 2059 1223 2130 ab
1251 2056 1448 2130 obviantibus
1481 2093 1482 2134 ,

199 2160 452 2238 agnosceretur,
472 2145 753 2216 commodissime
774 2171 870 2218 usus:
890 2162 1089 2238 repertoque
1107 2161 1181 2239 post
1200 2149 1373 2218 modicum
1389 2141 1450 2231 Epi·
1481 2137 1482 2194 l

199 2257 304 2324 scopo
322 2235 695 2325 llimigardevordensi,
715 2236 817 2306 sociis
829 2237 902 2327 jani
922 2237 1039 2327 pulcre
1056 2261 1115 2328 pro
1133 2260 1171 2307 ea
1190 2249 1262 2308 tum
1280 2234 1448 2306 calamitate
1481 2201 1482 2290 l

200 2325 426 2413 constipatus,
447 2323 480 2391 in
508 2323 633 2406 locuni,
653 2325 709 2394 cui
728 2326 849 2394 Nussia
872 2325 889 2360 ⁴²
914 2348 1036 2396 nomen
1062 2341 1124 2408 est,
1146 2328 1311 2414 pervenit.
1332 2320 1449 2394 lnteiiin

200 2413 235 2493 ii,
257 2415 317 2498 qui
341 2413 432 2481 circa
452 2412 617 2502 templum
636 2427 743 2494 erant,
771 2415 901 2484 crebris
926 2416 1071 2486 arictum
1097 2415 1222 2486 ictibus
1248 2436 1365 2485 muros
1386 2429 1451 2496 qua·

200 2500 350 2580 tiebant,
372 2511 512 2588 eratque
543 2499 686 2571 confusa
712 2525 773 2571 vox
798 2504 1097 2586 tumultuantium,
1125 2518 1157 2574 et
1182 2503 1285 2574 iidem
1318 2501 1452 2588 omnipo·

199 2591 301 2659 tentis
319 2589 375 2658 Dei
402 2589 611 2668 testantium,
638 2589 729 2676 quod
749 2613 815 2660 non
835 2614 1001 2664 evasurus
1017 2608 1107 2664 esset
1132 2614 1257 2662 manus
1283 2613 1375 2672 suas,
1401 2607 1452 2654 not

198 2676 405 2764 decepturus
436 2677 668 2748 obsidentium
700 2678 927 2770 diligentiam,
953 2682 1087 2750 etiamsi
1118 2683 1152 2750 in
1183 2681 1331 2750 inininia
1367 2695 1454 2748 terrac

200 2767 333 2855 reptilia
360 2789 395 2838 se
421 2766 693 2854 transfiguraret.
721 2773 744 2836 E
772 2781 890 2838 contra
914 2770 961 2850 ii,
992 2771 1051 2857 qui
1089 2769 1351 2850 obsidebantur,
1380 2784 1454 2858 nunc

199 2855 440 2944 supplicando,
465 2877 557 2924 nunc
576 2855 781 2944 pollicendo,
799 2857 889 2944 quod
915 2858 1181 2950 diligentissime
1205 2859 1410 2945 quaesitum,
1432 2872 1453 2919 st

199 2943 420 3043 inveniretur,
438 2943 522 3032 ipsis
539 2944 698 3013 tradituri
717 2959 841 3026 essent,
859 2946 983 3016 callide
1001 2947 1165 3038 lugebant
1188 2969 1330 3037 operam
1358 2961 1455 3038 perui·

199 3045 365 3121 gentium,
394 3054 575 3119 usquequo
609 3033 911 3126 arehiepiscopum
945 3035 1085 3126 longius
1110 3048 1277 3118 evectum,
1306 3045 1455 3122 atquem

200 3133 270 3190 tuta
303 3119 377 3190 loca
413 3143 631 3222 progressum
657 3145 730 3194 esse
762 3123 1023 3195 arbitrarentur.
1051 3131 1134 3203 Tum
1161 3124 1302 3194 demum
1332 3119 1457 3215 reclusis

198 3209 342 3290 loribus,
362 3209 455 3300 ipsos
481 3209 627 3300 ingredi,
652 3225 683 3280 et
716 3233 777 3300 pro
801 3212 901 3282 libitu
926 3236 988 3283 suo
1016 3235 1180 3302 quaerere
1210 3214 1352 3283 sinunt:
1386 3208 1458 3296 adji-

198 3299 374 3385 ciuntque,
396 3297 621 3369 frustraeum
640 3301 759 3386 quaeri
776 3302 867 3371 intra
880 3314 975 3391 septa
995 3302 1125 3392 templi,
1143 3323 1245 3390 quem
1272 3315 1365 3372 certo
1380 3317 1459 3394 com·

199 3387 368 3477 perissent
384 3388 495 3477 primo
519 3389 663 3458 incursu
683 3390 871 3460 concitatae
890 3389 1134 3472 multitudinis,
1160 3389 1255 3460 clara
1276 3390 1391 3460 adhuc
1414 3383 1458 3451 (ltu

196 3477 289 3578 urbe·
305 3499 496 3567 egressum,
515 3478 587 3565 jam
608 3477 641 3546 in
659 3476 869 3568 longinquas
887 3492 999 3569 partes
1018 3479 1163 3550 transire
1185 3480 1351 3570 potuisse:
1371 3475 1459 3568 idque¹

158 3591 162 3600 ·
199 3589 310 3656 magis
328 3565 591 3656 suspicandum,
610 3566 702 3652 quod
717 3568 901 3638 contractis
919 3568 1073 3656 undique
1089 3590 1148 3660 per
1164 3589 1296 3638 moram
1314 3579 1459 3638 nocturni

197 3655 360 3744 temporis
385 3655 506 3744 copiis,
528 3655 638 3742 primo
665 3677 764 3724 mane
781 3657 823 3726 nil
844 3655 1083 3746 occupandam
1109 3657 1216 3727 armis
1235 3657 1405 3726 civitatem
1424 3649 1460 3748 sit
1481 3665 1482 3716 t

195 3741 418 3814 adventurus.
452 3743 563 3834 Igitur
588 3743 757 3834 ingressi,
789 3767 868 3814 cum
893 3745 1010 3816 omnia
1037 3746 1155 3835 templi
1181 3745 1367 3846 penetralia
1392 3739 1460 3809 dili·
1481 3723 1482 3808 l

194 3832 332 3986 gentius
353 3832 592 3922 investigando
616 3833 827 3916 evertissent,
851 3834 904 3903 viii
932 3834 1067 3904 tandem
1095 3834 1246 3905 admissa
1277 3833 1358 3913 lide,
1379 3824 1482 3918 quodi

208 3917 267 3987 alli
288 3921 490 4008 potuissent,
518 3919 682 4012 deinceps
698 3921 740 3990 ab
765 3921 1002 4010 inquisitionis
1027 3925 1143 3994 studio
1161 3923 1205 3994 ad
1231 3923 1393 3994 tuendam
1413 3939 1460 3985 ui·
1481 3923 1482 3998 l

195 4006 272 4076 bem
297 4007 433 4078 animos
460 4022 616 4091 vertunt,
645 4023 883 4098 armatamque
909 4005 1167 4083 inultit'udinem
1200 4014 1460 4097 circumquaque

195 4117 255 4185 per
281 4098 543 4188 propugnacula
568 4098 788 4188 dispertiunt.
805 4104 896 4170 Inter
916 4099 1001 4172 hacc
1025 4113 1201 4192 arreptum
1222 4099 1405 4189 quemdam
1424 4092 1459 4162 dc
1481 4103 1482 4180 J

196 4183 307 4285 turba,
325 4207 436 4343 ‚super
452 4199 588 4343 portam
616 4187 712 4260 urbis
733 4187 776 4258 ad
804 4189 1030 4280 ignominiam
1056 4191 1215 4281 Episcopi
1240 4212 1298 4262 sus
1325 4185 1482 4258 endunt,

197 4296 306 4364 inagis
323 4296 357 4342 in
397 4297 437 4346 oo
467 4275 559 4346 urori
570 4297 645 4358 suo,
656 4293 724 4364 quo
740 4278 944 4370 praecipites
960 4279 1197 4368 raptabantur,
1210 4211 1458 4352 satislilcientes

221 4402 233 4428 *
248 4401 387 4442 Germanice
397 4403 478 4451 Nerua,
488 4398 600 4450 oppidum
611 4399 709 4453 insigne.
