2954 4816
36 321 106 387 noo.
131 321 170 386 at

357 481 508 560 ΒΕΑΤΙ
535 421 693 562 earm
728 483 951 561 DAMIANI

167 703 337 808 saeuo
374 647 422 806 u
459 703 652 807 victur
689 707 914 808 uirtus
950 704 1128 807 noum

286 941 431 994 ΙΔΒΙΉῙΒ
454 946 487 994 lli
511 945 594 996 '1010
617 946 675 994 Vlll
700 943 825 994 storstt
850 947 1010 996 treolnrtt.

64 1123 134 1206 il.
161 1117 313 1188 Tandem
339 1118 381 1188 de
406 1119 493 1188 mari
510 1119 551 1188 ad
580 1131 729 1209 portum,
752 1119 795 1188 dc
820 1122 989 1210 promisso
1015 1121 1056 1189 ad
1077 1121 1284 1211 praemium,

29 1207 63 1274 de
77 1208 182 1277 labore
199 1207 243 1276 ad
265 1208 428 1295 requiem,
448 1208 490 1277 de
506 1209 566 1278 des
592 1209 743 1278 eratione
760 1207 802 1278 ad
817 1231 926 1299 spem,
945 1209 987 1279 de
1004 1211 1057 1278 via
1077 1209 1119 1279 ad
1141 1211 1284 1300 patriam

31 1297 243 1382 pervenimus.
279 1297 468 1387 scripserat
491 1297 550 1385 qui
578 1320 630 1366 cm
663 1297 763 1368 nobis
788 1296 1026 1386 frequentibus
1048 1299 1204 1388 epistolis
1228 1321 1286 1370 ca-

28 1385 124 1454 lamus
142 1385 279 1454 scribae
297 1385 454 1456 velociter
470 1387 664 1466 scribentis,
681 1390 861 1478 despecto,
881 1409 980 1456 reema
1005 1399 1103 1458 ecta:
1129 1388 1186 1458 sed
1207 1409 1281 1470 nos,

27 1474 365 1564 quodsubjungitur,
391 1474 504 1544 dicere
525 1489 743 1565 poteramus:
770 1475 934 1546 Modicum
962 1410 1031 1556 iii,
1062 1487 1094 1545 ct
1117 1477 1285 1548 modicum

28 1565 152 1650 ibillsa.
179 1563 311 1652 xxvrn).
334 1569 597 1634 Praecurrerant
621 1585 779 1634 cursores
806 1564 1032 1652 promissione
1061 1563 1195 1646 divites,
1222 1565 1283 1636 sed

27 1651 215 1720 exhibitione
231 1654 457 1742 pauperrimi.
479 1652 615 1722 [licebat
634 1651 747 1722 alius:
770 1654 920 1723 Virilitcr
936 1675 1011 1742 ape,
1033 1663 1064 1723 et
1081 1655 1284 1743 confortetur

29 1763 71 1806 rer
84 1751 185 1820 taum,
205 1751 238 1810 et
255 1742 381 1810 sustine
400 1744 577 1812 Dominum
599 1743 668 1830 (Pa.
687 1741 767 1830 ath:
795 1741 880 1810 alter
904 1763 1000 1810 vcro:
1028 1744 1068 1812 Si
1088 1765 1218 1813 moram
1233 1745 1283 1833 se·
1386 1737 1394 1756 ⁸

30 1831 101 1908 ecrit,
126 1853 187 1900 eccs
212 1841 288 1899 ecta
312 1853 412 1900 aum:
438 1833 521 1922 quia
535 1831 670 1900 veniens
685 1831 794 1900 veniet
809 1830 952 1920 (Habea.
971 1830 1021 1931 n).
1046 1833 1121 1901 Pari
1139 1832 1284 1902 consilio

32 1917 156 2012 ruerant
179 1852 222 1988 cie
243 1919 441 1989 sanctuario
467 1920 535 1996 [tei.
556 1918 641 2010 nihil
663 1941 781 1989 secum
802 1919 867 1988 nisi
894 1919 1162 2018 promissionum
1190 1919 1281 1989 mul-

33 2007 185 2076 titudinem
212 2020 439 2097 reportantes.
461 2007 555 2077 Unde
569 2020 602 2078 et
626 2007 806 2076 Citharista
824 2021 937 2076 noster
948 2029 1020 2095 pam
1040 2007 1284 2080 dormitaverat

31 2095 226 2180 praetaedio,
245 2096 329 2166 etin
348 2097 463 2186 ipsum
482 2101 587 2166 Deum
606 2097 717 2166 tacitis
732 2095 1003 2185 obligationibus
1021 2109 1123 2165 totam
1141 2095 1281 2186 culpam

30 2184 118 2252 nodis
132 2184 311 2254 flebilibus
335 2185 572 2272 intorquebat:
602 2191 648 2256 Tu
671 2208 760 2265 vero,
783 2185 906 2272 inquit,
932 2187 1091 2287 repulisti
1112 2196 1144 2255 et
1168 2187 1283 2287 despe-

29 2271 103 2352 ciui,
127 2275 295 2344 distulisti
318 2275 486 2345 Christum
510 2285 606 2345 tuum
630 2277 697 2356 (Ps.
717 2274 786 2363 88).
809 2277 851 2342 De
871 2273 977 2344 llebilr
997 2295 1135 2362 quoquc
1156 2276 1197 2343 ad
1216 2297 1282 2344 rm-

31 2361 193 2436 pcrativum
222 2384 412 2432 conversus
436 2375 497 2445 est,
525 2363 717 2455 exagitante
742 2362 967 2453 impatientia,
986 2385 1074 2451 quae
1101 2375 1208 2433 mater
1231 2373 1283 2434 est

31 2445 241 2536 impudentiae
258 2463 292 2520 et
308 2451 543 2521 lrontositatis.
562 2452 627 2535 Qui
652 2451 772 2532 sedes,
799 2452 928 2539 inquit,
956 2473 1061 2543 super
1080 2451 1252 2522 Cherubin
1271 2507 1279 2534 ‚

31 2538 235 2610 manifestare.
265 2545 307 2610 Ut
323 2539 406 2627 quid
433 2540 565 2610 tamdiu
589 2539 809 2611 dominatrici
830 2540 953 2611 sedens
970 2541 1003 2609 in
1022 2540 1196 2623 cathedra,
1216 2539 1282 2609 cir-

30 2629 287 2700 cumvolantibus
310 2641 343 2698 ct
374 2628 581 2700 vallantibus
609 2629 762 2719 angelis,
794 2650 861 2698 non
883 2629 1027 2719 respicis
1058 2652 1099 2700 su
1126 2651 1163 2698 er
1192 2629 1283 2700 filios

31 2711 197 2799 hominum,
216 2739 307 2807 quos
322 2718 512 2800 absorbuit,
530 2730 563 2788 et
581 2718 761 2788 obsorbuit
784 2719 960 2805 iniquitas,
990 2651 1175 2818 peritiam
1200 2717 1280 2805 qui-

29 2799 88 2870 dem
104 2808 298 2888 commissa,
326 2806 421 2876 seda
445 2819 476 2876 te
502 2807 698 2896 permissa?
722 2811 908 2876 Memorare
929 2827 1018 2895 quae
1035 2818 1079 2876 srt
1097 2827 1171 2876 mea
1196 2805 1280 2876 sub-

31 2894 155 2976 stantia,
181 2896 222 2966 ad
254 2909 334 2966 tuae
362 2895 573 2966 substantiae
597 2893 860 2966 similitudinem
887 2893 1079 2976 fabricata:
1109 2895 1192 2983 quia
1217 2895 1281 2966 etsi

30 2982 232 3054 omnishomo
246 2985 427 3054 vivensest
443 2985 584 3062 vanitas,
604 2985 637 3052 in
657 2984 808 3074 imagine
822 2996 933 3054 tamen
954 2996 1010 3054 tua
1030 2984 1275 3073 pertransiens,

31 3069 138 3140 raniras
152 3095 224 3144 esse
241 3095 311 3143 non
329 3084 451 3174 potest.
469 3073 630 3160 Nunquid
650 3074 694 3142 ita
713 3095 797 3142 vane
812 3073 1021 3143 constituisti
1048 3095 1168 3142 omncs
1189 3073 1280 3146 filios

32 3151 196 3243 hominum,
215 3161 259 3232 de
275 3161 406 3250 qulbus
421 3160 531 3232 dicis:
558 3167 599 3232 Et
622 3161 764 3232 deliciae
782 3184 876 3232 meac
899 3183 975 3232 cum
998 3163 1079 3247 filiis
1104 3163 1276 3232 hominum

32 3245 119 3322 (Proo.
139 3250 228 3340 rru):
254 3263 296 3320 ut
311 3273 369 3320 eos
393 3250 555 3331 verberet,
573 3263 605 3320 ct
620 3250 845 3320 diverberata
866 3261 896 3320 te
914 3249 1189 3340 malignissimus
1217 3251 1276 3318 illc

32 3327 173 3424 deceptor,
198 3339 259 3428 qui
285 3337 454 3430 decipere,
482 3339 548 3409 nisi
569 3350 600 3408 te
628 3340 853 3429 permittente,
883 3359 947 3408 non
978 3339 1116 3438 potuit?
1141 3338 1278 3439 Inclinat

32 3421 120 3494 catos
135 3440 219 3511 tuos,
238 3440 272 3498 et
289 3428 469 3510 descende,
498 3441 531 3498 et
558 3426 634 3498 illos
664 3427 903 3497 misericordes
927 3427 1047 3496 oculos
1067 3448 1206 3498 misens
1226 3447 1279 3496 rn-

34 3505 106 3580 lccte
122 3518 351 3603 precantibus,
371 3539 433 3587 nec
449 3517 568 3588 saltem
588 3518 621 3586 in
643 3529 845 3608 perpetuum
871 3515 1087 3586 obliviscaris
1114 3537 1187 3585 nos.

64 3599 136 3684 §2
162 3609 250 3677 Haec
275 3606 417 3694 quidem
443 3605 526 3688 istc,
553 3605 610 3676 sed
637 3605 823 3696 gemitibus
846 3617 879 3675 et
902 3604 1080 3674 aerumnis
1104 3605 1277 3685 intortus,

36 3691 121 3784 ltutae
142 3695 436 3784 praesumptionis
459 3695 661 3765 sententiam
683 3694 875 3785 abjurabat.
902 3695 997 3773 lirini,
1025 3694 1149 3778 inquit,
1171 3701 1280 3762 custo-

35 3769 100 3864 lum
120 3783 188 3854 uias
205 3806 312 3866 meas,
335 3794 373 3854 ut
388 3807 454 3854 non
477 3785 672 3875 delinquam
691 3786 727 3852 in
747 3786 867 3874 linqua
884 3805 961 3852 mea
975 3783 1045 3872 (Pr.
1066 3779 1134 3938 38³.
1155 3785 1279 3850 Verum

38 3856 76 3928 illc
94 3868 139 3936 rir
154 3872 292 3954 nobilis,
312 3884 345 3942 et
366 3870 527 3974 prolundi
552 3872 721 3942 sermonis
746 3873 940 3942 urbanitate
967 3869 1096 3960 perluci
1125 3891 1178 3950 us,
1198 3868 1279 3938 affe·

39 3955 135 4024 ttuosis
148 3963 344 4032 excessibus
365 3961 599 4032 incalescens:
625 3966 765 4054 Propter
787 3963 878 4041 Sion,
910 3958 1034 4047 inquit,
1060 3982 1126 4030 non
1151 3959 1276 4038 tacebo,

42 4045 400 4134 imprumalem
418 4053 682 4154 conquiescam,
711 4051 811 4118 donec
835 4049 1030 4139 egrediatur
1057 4058 1095 4118 ut
1121 4046 1282 4138 splendor

41 4139 118 4204 rastas
138 4139 205 4208 c'as
223 4141 307 4230 (lsa.
337 4140 427 4230 exn).
457 4145 600 4220 lltnrom,
629 4139 687 4220 ait,
707 4139 931 4238 disrumperes
954 4141 1071 4216 coelos,
1096 4147 1128 4206 et
1147 4137 1279 4204 descen·

47 4209 108 4287 lea
127 4161 200 4307 (lia.
228 4229 305 4319 ur):
333 4243 366 4298 et
389 4229 457 4298 alia
476 4228 595 4309 multa,
617 4249 708 4314 quae
725 4224 901 4298 fastidiosa
923 4226 1099 4316 prolixitas
1120 4237 1208 4294 vetat
1225 4223 1279 4292 in·

50 4315 134 4406 aaa.
152 4317 233 4386 ilinc
250 4319 353 4388 etiam
381 4317 579 4388 morosioris
599 4316 729 4406 gratiae
747 4313 996 4405 longinquitate
1021 4335 1224 4402 suspensus,
1245 4323 1279 4381 et

52 4402 182 4474 turetate
207 4406 335 4478 doloris
364 4406 555 4488 excedens,
588 4404 805 4495 impatienter
832 4405 999 4486 oblatrat,
1029 4401 1170 4474 dicens:
1196 4405 1278 4472 Ecce
