3046 4838
222 319 289 382 ·32
583 299 652 382 suu
677 333 703 380 s.
726 335 830 383 ueruto
854 337 903 381 nr.
930 335 1060 382 norton.
1339 319 1417 382 obt.
1442 319 1452 378 l

203 433 263 490 aut
287 419 443 488 Decianis
468 418 681 509 temporibus
701 419 737 487 in
758 418 830 500 illa,
856 441 944 506 quae
968 431 1050 489 tunc
1074 420 1201 499 extitit,
1234 421 1459 508 congressione

204 531 360 600 pugnare
384 507 549 589 licuisset,
572 529 716 578 securus
740 506 906 588 dixerim,
934 521 1056 598 sponte
1080 530 1143 578 sua
1167 507 1323 577 eculeum
1354 529 1461 576 ascen-

204 597 321 678 disset,
349 608 380 666 et
404 595 494 665 ultro
518 617 554 668 se
571 618 632 686 pro
656 595 788 666 Christo
816 596 825 664 i
855 596 957 665 nibus
981 597 1168 678 intulisset,
1196 595 1373 683 libensque
1399 595 1462 684 pal·
1500 671 1501 676 ,

205 707 298 756 mam
328 685 509 775 sanguinis
541 699 752 775 occupasset.
785 619 851 754 Sed
873 705 1084 772 quamquam
1116 685 1181 757 ista
1214 705 1281 753 non
1313 684 1460 774 pertulit,

206 773 362 864 implevit
385 787 497 843 tamen
530 774 632 842 etiam
664 772 737 844 sine
764 795 886 844 cruore
917 775 1137 861 martyrium,
1169 772 1253 856 dum
1278 772 1464 843 fortitudine

207 863 399 943 roboratus,
427 863 462 931 in
483 862 611 952 vigiliis
635 861 788 943 sedulus,
823 861 858 931 in
882 862 1026 952 jejuniis
1057 862 1238 945 assiduus,
1264 861 1365 931 [idem
1403 882 1465 929 ser-

207 951 331 1032 vando,
357 972 499 1022 cursum
518 950 793 1020 consummando
817 951 1001 1040 repositam
1027 951 1094 1021 sibi
1119 974 1140 1019 a
1166 950 1298 1021 Christo
1324 949 1466 1038 justitiae

207 1061 382 1121 coronam,
400 1038 554 1125 quotidie
571 1038 780 1108 reddendam
795 1040 1013 1128 exspectavit.
1039 1044 1228 1126 Tamquam
1249 1039 1464 1128 speculatore

209 1129 353 1198 Domino
377 1129 596 1209 constitutus,
621 1128 840 1219 praedicabat
863 1129 1004 1197 verbum
1023 1149 1103 1198 cum
1129 1127 1236 1197 multa
1253 1128 1462 1198 auctoritate:
1501 1215 1502 1220 Ἰ

208 1218 359 1287 instabat
389 1216 579 1288 secundum
600 1218 811 1308 Apostolum,
837 1229 1041 1306 opportune,
1073 1217 1119 1284 im
1146 1229 1287 1298 ortune,
1315 1235 1464 1305 arguens.
1501 1229 1502 1270 1

209 1305 416 1386 obsecrans,
456 1307 639 1394 increpans
671 1306 706 1375 in
739 1306 835 1374 omni
860 1306 1023 1395 patientia
1046 1317 1079 1374 et
1134 1305 1287 1376 octrina:
1330 1303 1466 1376 suaviter

210 1415 346 1484 semper
362 1393 404 1462 de
417 1395 471 1473 iis,
491 1416 580 1481 quae
600 1395 657 1462 Dei
673 1407 764 1474 sunt,
782 1394 833 1464 vel
852 1394 1019 1484 populum
1037 1394 1221 1463 instituens
1236 1405 1269 1464 et
1286 1393 1465 1480 alloquens.

210 1482 261 1552 vel
287 1505 366 1552 cum
385 1482 549 1552 fratribus
573 1494 605 1552 et
623 1482 854 1552 familiaribus
870 1483 1069 1552 conserens:
1088 1483 1123 1550 in
1144 1482 1302 1552 doctrina
1318 1504 1379 1552 sua
1405 1501 1471 1570 per-

211 1571 316 1662 petim
338 1570 565 1661 hpostolicam
584 1573 735 1640 retinens
751 1572 1005 1641 auctoritatem:
1022 1592 1131 1658 eaque
1153 1571 1271 1651 fretus,
1294 1571 1383 1640 inter
1399 1589 1470 1658 gen-

213 1660 288 1730 tiles
318 1661 365 1728 ita
389 1671 542 1730 versatus
568 1671 630 1740 est,
657 1671 745 1730 utet
778 1660 1010 1731 ferocissimae
1034 1660 1144 1817 {entis
1176 1672 1313 1749 paratos
1345 1659 1471 1728 haberet

213 1749 359 1830 animos,
386 1761 419 1818 et
432 1771 472 1818 co
499 1749 615 1840 iosum⁴
634 1748 820 1818 exercitum
835 1771 874 1818 er
892 1749 934 1818 iis
951 1749 1034 1818 adC
1062 1749 1135 1817 risti
1152 1747 1256 1818 fidem
1276 1749 1467 1822 traduceret,
1502 1815 1503 1828 ,

214 1850 246 1906 et
270 1836 352 1906 fidei
376 1771 564 1906 catholicae
580 1838 780 1907 intemerata
797 1838 969 1908 consortia
992 1837 1190 1908 custodiret.
1502 1831 1503 1848 ¹

258 1928 276 2012 §
300 1927 343 1996 rt.
371 1929 457 1995 Sane
471 1926 500 1994 si
520 1947 621 2014 quem
648 1925 789 1996 vidisset
812 1927 960 2016 peccatis
986 1926 1096 1997 noxiis
1120 1926 1352 2008 vulneratum,
1378 1937 1409 1993 et
1427 1943 1472 1990 sa·
1502 1923 1503 1940 ¹

207 2015 309 2104 .gittis
333 2013 461 2084 diaboli
487 2015 681 2095 confixum,
704 2036 782 2084 mox
806 2015 991 2084 adhibebat
1014 2014 1139 2105 dignas
1163 2036 1363 2085 sermonum
1386 2031 1473 2082 cura-

217 2103 346 2183 tiones,
379 2115 411 2172 et
441 2104 535 2172 verbi
570 2103 626 2172 Dei
662 2101 826 2172 salutaria
853 2103 1125 2174 medicamenta:
1151 2101 1335 2173 ostendens
1369 2113 1472 2171 contra

217 2191 359 2260 vulnera
375 2192 561 2272 tentatoris,
580 2191 719 2260 salubre
732 2190 904 2280 malagma
917 2190 1156 2262 consessionis.
1171 2193 1205 2262 Si
1223 2193 1281 2278 qui
1300 2194 1389 2261 inter
1403 2209 1474 2284 suos¹

216 2291 330 2349 essent
354 2280 592 2369 incompositis
627 2279 804 2362 moribus,
837 2293 912 2350 eta
942 2294 1032 2350 recta
1056 2293 1157 2367 atque
1181 2280 1323 2350 honesta
1352 2275 1475 2349 vivendi

218 2368 336 2458 regula
360 2369 587 2448 deflecterent,
614 2386 671 2438 eos
702 2383 734 2438 et
759 2368 923 2458 arguebat
946 2369 1147 2450 clementer,
1170 2383 1203 2438 et
1230 2369 1394 2440 tolerabat
1426 2387 1475 2454 pa·
1503 2421 1504 2460 ,

220 2457 354 2527 tienter.
381 2461 460 2525 Erat
484 2477 560 2526 vero
578 2455 664 2526 mira
679 2458 753 2558 ejus
773 2459 808 2526 in
824 2457 957 2528 cunctis
981 2458 1142 2548 operibus
1165 2458 1337 2536 discretio,
1363 2469 1396 2526 ct
1410 2453 1477 2522 imi·
1503 2477 1504 2518 1

220 2545 321 2614 tanda
346 2567 427 2634 erga
446 2567 566 2615 omnes
590 2544 738 2614 dilectio.
766 2551 844 2616 Erat
867 2545 998 2634 Eligius
1020 2569 1121 2636 opere
1146 2557 1272 2628 castus,
1290 2546 1359 2616 fide
1374 2545 1478 2614 catho-

220 2632 319 2712 licus,
343 2633 507 2702 charitate
524 2633 684 2712 diffusus,
712 2635 1014 2706 intentationibus
1041 2647 1175 2716 cautus,
1202 2634 1236 2702 in
1268 2635 1336 2704 lide
1360 2631 1478 2704 firmis-

220 2723 342 2798 simus,
367 2722 400 2789 in
426 2721 526 2792 honis
539 2721 702 2811 operibus
724 2737 915 2813 promptus,
940 2745 1097 2798 sermone
1114 2723 1327 2805 verissimus,
1345 2718 1479 2793 consilio

221 2808 397 2900 providus,
425 2810 574 2880 bonitate
600 2811 823 2899 conspicuus,
851 2811 1017 2882 charitate
1041 2813 1250 2901 praeclarus,
1284 2817 1350 2882 Deo
1374 2805 1481 2880 sedule

221 2898 384 2976 serviens,
399 2911 550 2968 errantes
569 2899 757 2988 corrigens
775 2915 943 2970 correctos
956 2900 1085 2982 fovens,
1104 2901 1322 2970 obstinatoss
1351 2917 1478 2994 emens,

222 2985 371 3056 humiles
396 3009 531 3082 semper
550 2987 708 3077 diligens.
729 2989 943 3059 Exuberabat
960 2989 994 3058 in
1018 3011 1058 3058 eo
1079 2989 1310 3060 constantinii
1339 2991 1382 3070 ei,
1403 3005 1482 3076 purr-

223 3088 273 3144 tas
297 3073 513 3158 dilectionis,
547 3076 726 3147 sinceritas
750 3079 866 3167 pacis,
894 3100 991 3148 amor
1014 3078 1202 3148 charitatis.
1233 3077 1281 3147 hd
1316 3091 1481 3148 aeternam

222 3163 466 3253 capessendam
493 3165 595 3234 vitam
614 3165 702 3237 lilios
727 3188 817 3243 suos,
845 3189 930 3252 quos
954 3167 1111 3238 doctrina
1135 3188 1198 3236 sua
1220 3166 1256 3234 in
1282 3166 1414 3236 Christo
1431 3183 1481 3253 ge·

201 3265 357 3344 onerat,
382 3254 547 3342 perpetim
573 3253 749 3325 incitabat.
772 3259 862 3336 Quos
893 3265 1005 3324 autem
1033 3276 1190 3326 sermone
1213 3255 1409 3334 erudiebat,
1435 3269 1483 3320 eos

222 3341 378 3432 exenrplo
401 3343 641 3422 antevertebat,
668 3365 756 3430 quae
779 3342 922 3413 docebat
944 3343 1085 3426 lacienS,
1111 3357 1145 3414 et
1164 3365 1252 3432 quae
1266 3343 1413 3414 faciebat
1431 3339 1484 3408 do-

223 3451 317 3510 cens;
338 3451 399 3498 nec
424 3430 520 3500 aliud
534 3452 592 3501 ore
612 3453 790 3519 promens,
817 3431 912 3500 aliud
941 3433 1058 3502 animo
1083 3455 1223 3505 vovens:
1244 3433 1301 3505 sed
1320 3431 1411 3520 quod
1435 3445 1484 3498 ore

222 3519 376 3600 docebat,
398 3541 500 3608 opere
523 3519 761 3590 confirmabat.
777 3520 895 3602 Qualis
918 3520 995 3608 ejus
1010 3543 1123 3592 sermo
1139 3533 1222 3603 erat,
1242 3521 1321 3592 talis
1351 3534 1384 3592 et
1401 3519 1482 3588 vita:

224 3621 257 3676 et
279 3607 393 3694 qualis
411 3609 488 3690 vita,
512 3607 589 3677 talis
609 3629 746 3696 quoque
763 3631 888 3677 sermo.
915 3613 1057 3679 Summa
1073 3609 1236 3682 bonitate·
1249 3611 1387 3702 regebat
1410 3605 1484 3704 sub·

225 3695 326 3776 ditos,
355 3718 493 3767 summa
517 3697 693 3768 severitate
725 3697 877 3786 seipsum
915 3697 1113 3768 damnabat.
1140 3704 1211 3769 Non
1236 3713 1308 3770 erat
1333 3694 1486 3770 terribilis

225 3805 306 3874 erga
331 3785 512 3872 subjectos
541 3785 599 3855 sed
626 3783 722 3854 valde
746 3807 884 3856 severus
901 3787 936 3854 in
961 3786 1042 3856 vitia
1066 3800 1098 3856 et
1123 3787 1271 3877 piacula.
1299 3793 1338 3856 In
1363 3809 1400 3858 se
1417 3803 1487 3853 cen-

227 3895 343 3944 suram
380 3875 557 3955 servabat,
583 3896 664 3965 erga
696 3873 782 3942 alios
813 3895 894 3964 prae
924 3895 960 3944 se
985 3877 1155 3962 justitiam
1193 3876 1334 3946 serebat.
1373 3875 1488 3966 Rigore

227 3962 388 4030 utebatur
411 3963 445 4030 in
460 3963 616 4050 justitiae
632 3961 858 4044 discussione;
882 3963 1129 4047 misericordia,
1156 3965 1190 4034 in
1203 3965 1358 4052 justitiae
1376 3961 1487 4031 delim-

229 4049 330 4119 tione.
357 4053 470 4138 Ipsam
501 4063 615 4121 autem
646 4049 871 4122 districtionis
900 4073 1082 4124 censuram
1118 4075 1254 4142 semper
1286 4051 1488 4142 temperabat

229 4137 475 4219 misericordia,
503 4141 616 4210 sciens
636 4140 816 4228 scriptum,
845 4141 925 4228 quia
943 4141 977 4209 in
1007 4163 1046 4212 eo
1066 4143 1157 4229 quod
1178 4143 1257 4229 quis
1273 4143 1416 4232 judicat,
1437 4139 1489 4226 ju-

229 4224 399 4296 dicandus
424 4228 479 4305 sit,
507 4239 544 4296 et
574 4227 664 4313 quod
697 4241 848 4315 potentes
873 4240 1027 4329 potenter
1051 4243 1219 4301 tormenta
1249 4231 1436 4321 patientur,
1462 4231 1490 4290 el

230 4315 320 4399 quod
342 4313 515 4402 judicium
533 4315 590 4384 liet
617 4314 844 4386 durissimum
872 4339 905 4385 m
929 4317 993 4398 his,
1020 4321 1080 4406 qui
1103 4334 1277 4410 praesunt.
1301 4324 1388 4388 Haec
1416 4330 1488 4410 ergo

231 4401 352 4472 sedula
376 4417 488 4472 mente
514 4417 736 4494 pertractans,
764 4403 920 4475 inomni
946 4406 1079 4484 actione
1103 4408 1343 4480 discretionem
1375 4411 1487 4476 tenuit,
