2994 4832
252 285 313 352 444
606 301 645 346 na
669 301 697 348 s.
725 299 804 346 4444
828 299 898 346 446.
927 299 965 346 sr
989 298 1080 346 conv.
1338 282 1410 346 but.
1433 285 1448 346 5

252 390 271 476 ξ
295 389 369 460 441.
396 385 550 473 Acceptis
570 383 686 471 itaque
712 383 844 464 litteris,
871 383 991 454 beatus
1012 384 1118 466 Sabas
1138 383 1309 456 descendit
1330 384 1449 455 adlau-

210 499 298 558 ram,
317 496 397 546 cum
419 472 604 561 quemdam
631 471 865 542 constituisset
894 475 1067 554 Severum,
1095 485 1133 542 ut
1163 485 1328 562 praeesset
1355 495 1450 544 mona-

209 565 312 636 sterio
336 562 530 652 Nicopolis:
556 561 626 642 cni,
646 583 725 630 cum
752 572 829 718 44644
847 559 978 650 aliquot
1002 583 1112 630 annos
1128 561 1249 632 luisset
1262 584 1450 633 6664664466-

208 668 276 736 464,
305 651 472 722 successit
496 650 674 732 Dominus
690 661 722 720 64
739 649 749 718 4
766 648 788 717 44
814 671 935 721 rursus
953 651 1117 732 Sabaron‚
1132 653 1191 738 qui
1216 650 1258 720 ad
1276 673 1345 722 mea
1364 673 1451 738 usque

209 755 363 900 temlpora
384 739 449 810 luit
474 751 639 830 perpetuo
662 737 856 808 Praefectus
873 738 979 828 hujus
1003 740 1215 822 monasterii,
1237 763 1314 810 cum
1337 741 1398 830 jam
1418 739 1449 808 64

210 853 272 922 pro
289 829 518 900 undissimam
545 827 755 918 pervenisset
778 839 1000 898 senectutem.
1019 831 1102 898 Cum
1132 829 1278 900 venisset
1300 843 1400 898 autem
1420 827 1451 896 64

212 925 358 990 Lauram
376 918 498 988 beatus
520 917 636 998 Sabas,
662 929 695 986 et
723 915 886 986 omnibus
910 916 1132 988 audientibus
1156 917 1262 988 lectae
1288 929 1389 988 essent
1412 916 1452 984 lit·

211 1020 301 1079 terae
316 1008 351 1076 46
371 1005 528 1086 66646446,
551 1005 602 1075 4444
620 1007 680 1093 qui
702 1004 788 1074 64444
814 1027 882 1074 666
908 1005 1091 1086 audebant,
1114 1007 1174 1076 ubi
1191 1028 1279 1096 quae
1296 1005 1373 1076 lecta
1402 1005 1454 1074 lue·

210 1109 299 1177 rant,
320 1095 544 1176 audivissent,
567 1116 631 1166 suo
648 1095 780 1250 44644646
803 1094 947 1174 46644644,
969 1104 1002 1163 64
1017 1094 1152 1164 6666146
1175 1117 1293 1164 664646
1316 1093 1453 1185 praelecto

209 1185 346 1276 egregie
362 1195 531 1274 parentes
554 1181 613 1252 6444
628 1183 688 1270 qui
715 1203 767 1250 em
786 1203 934 1264 secures,
953 1182 1012 1252 alii
1037 1205 1115 1254 vero
1130 1183 1291 1254 dolabras
1304 1198 1336 1254 et
1350 1183 1454 1273 ligones

212 1285 389 1346 sumentes
409 1273 444 1342 46
473 1293 609 1354 manus,
628 1284 661 1342 64
684 1270 725 1341 64
751 1293 839 1353 earn,
866 1293 954 1359 quae
978 1295 997 1340 6
1026 1272 1115 1344 Saba
1138 1272 1317 1342 aedificata
1347 1271 1451 1342 luerat.

215 1375 344 1434 turrem
370 1384 449 1430 cum
475 1361 526 1430 446
550 1360 785 1442 64666466464,
804 1383 878 1430 6664
898 1372 1056 1431 evertunt
1071 1361 1115 1430 ab
1135 1361 1220 1451 ipsis
1237 1361 1452 1438 fundamentis,

206 1451 325 1544 nihilo
350 1449 564 1520 tolerabilius
583 1449 707 1522 6446644.
729 1470 833 1536 quam
863 1448 1061 1522 daemones.
1088 1455 1126 1520 Et
1141 1449 1201 1518 alii
1221 1449 1357 1538 quidem
1385 1449 1454 1538 liqna

211 1553 243 1610 et
263 1539 395 1630 lapides
419 1539 594 1630 jaciebant
617 1539 653 1608 in
683 1550 879 1620 torrentem;
912 1537 970 1608 alii
1000 1559 1077 1608 vero
1107 1540 1353 1610 monachorum
1381 1537 1455 1608 indu·

212 1641 339 1710 menta,
366 1641 400 1698 et
422 1627 587 1715 quicquid
613 1625 708 1697 aliud
730 1626 913 1708 habebant,
941 1627 1124 1717 rapientes,
1146 1628 1195 1698 446
1211 1628 1339 1720 egressi
1361 1639 1456 1696 sume

212 1723 334 1800 Laura,
353 1729 385 1787 et
414 1715 456 1786 ad
483 1722 590 1786 socae
616 1719 762 1786 Lauram
793 1716 951 1806 protinus
975 1717 1159 1798 venientes,
1177 1718 1353 1808 rogabant
1374 1728 1405 1786 ut
1432 1714 1454 1782 in

211 1828 330 1876 eorum
348 1827 532 1876 numerum
550 1803 766 1875 reserrentur.
788 1802 850 1872 Sed
868 1807 997 1876 Laurae
1013 1804 1205 1895 praelectus
1220 1806 1403 1894 aquilinus,
1422 1803 1456 1870 vir

213 1907 366 1977 sanctus,
385 1916 465 1964 curn
498 1913 565 1964 non
589 1906 677 1964 esset
708 1893 852 1993 ignarus
874 1915 1007 1974 eorum,
1040 1915 1129 1982 quae
1165 1894 1233 1984 ipsi
1259 1895 1408 1974 46664664,
1428 1911 1456 1958 66

213 2005 338 2074 passus
356 1983 495 2072 quidem
522 1994 584 2064 644,
611 1995 649 2052 64
672 2003 732 2069 qur
756 1992 854 2051 erant
880 1994 948 2052 tam
978 1982 1155 2074 improbi,
1186 1988 1319 2054 4644466
1341 1980 1456 2073 bospitio

213 2073 354 2143 omnino
377 2073 628 2162 exciperentur.
649 2075 731 2140 Cum
757 2071 871 2158 itaque
888 2071 929 2140 ad
957 2071 1141 2152 Tbecoum,
1172 2073 1232 2159 qui
1257 2072 1389 2150 dicitur,
1411 2083 1456 2138 tor·

212 2173 342 2232 rentem
369 2161 614 2250 pervenissent,
634 2172 667 2228 et
681 2159 850 2246 quasdam
869 2159 974 2230 cellas
1000 2181 1060 2249 pro
1089 2171 1138 2230 ter
1160 2181 1240 2230 eum
1263 2161 1454 2234 invenissent,

214 2272 301 2340 quae
321 2249 403 2321 olim
420 2248 527 2320 466466
551 2249 687 2319 lucrant
705 2247 748 2317 ab
773 2247 827 2329 444,
846 2249 906 2334 qui
923 2182 1149 2330 desciveiant,
1168 2262 1252 2320 etse
1277 2250 1320 2322 64
1337 2249 1403 2320 61444
1419 2267 1454 2314 sc·
1482 2323 1483 2334 4

214 2351 434 2430 paraverant,
461 2351 493 2408 et
519 2337 605 2408 alias
628 2335 769 2425 quidem
804 2337 1058 2420 instruxissent,
1085 2337 1172 2407 alias
1196 2359 1276 2408 vero
1312 2337 1483 2409 aeditus-t

214 2439 286 2496 sent
302 2427 388 2528 'ipsi
412 2448 432 2495 a
457 2425 703 2510 fondamentis,
737 2426 770 2494 in
796 2425 846 2498 644
871 2425 1089 2507 44644464664,
1116 2447 1173 2500 664
1195 2447 1320 2497 novam
1342 2433 1456 2498 Lauren

216 2526 445 2586 nominantes.

258 2607 376 2692 4418.
404 2607 485 2672 Cunr
512 2602 561 2672 illi
592 2601 731 2689 quidem
761 2601 847 2672 sice
873 2607 982 2672 Laura
1005 2604 1256 2686 excessissent,
1287 2605 1346 2674 6444
1368 2603 1482 2686 sarra,

215 2705 390 2779 tamquam
416 2690 649 2772 frumentum,
680 2689 803 2760 ablatis
832 2690 983 2773 zizaniis,
1009 2691 1150 2762 suerunt
1173 2692 1308 2764 lructus
1336 2697 1396 2763 Deo
1415 2687 1482 2775 uti-l

216 2781 372 2852 lissimus
386 2791 418 2850 64
438 2780 658 2869 purissimus,
678 2783 761 2849 Cum
789 2779 924 2848 interim
942 2791 1056 2850 autern
1073 2781 1262 2852 ellluxisset
1274 2781 1460 2869 aliquantum

216 2869 392 2956 temporie,
414 2869 577 2955 quoniam
594 2867 674 2938 buic
691 2867 822 2938 6466644
839 2867 927 2958 patri
945 2869 1074 2940 viscera
1092 2891 1160 2939 non
1181 2871 1407 2957 quiescebant,
1420 2859 1461 2936 sed

215 2957 257 3028 de
283 2957 336 3038 444,
358 2957 418 3043 qui
444 2978 480 3026 se
496 2958 540 3026 ab
560 2955 619 3026 illo
638 2956 861 3046 abruperant,
883 2979 1020 3048 gravent
1039 2957 1192 3028 dolorem
1213 2970 1418 3050 conceperat,
1431 2965 1481 3023 et,¹

215 3059 254 3116 ut
277 3044 466 3135 Apostolice
482 3044 608 3127 dicam,
624 3045 726 3115 corde
740 3047 917 3128 urebatur,
937 3058 1118 3135 postquam
1137 3048 1332 3118 rescivisset
1347 3045 1461 3118 ubinam

216 3135 391 3225 degerent,
418 3147 450 3204 64
474 3138 603 3204 Laurae
626 3147 658 3204 et
683 3133 828 3204 Castellii
851 3136 1010 3226 jumenta
1039 3134 1157 3205 multis
1183 3150 1359 3208 onerasset
1385 3135 1463 3204 rebus

216 3223 431 3304 necessariis
458 3223 529 3292 abit
552 3221 594 3292 ad
621 3223 734 3312 ipsos:
763 3223 886 3311 partim
912 3223 1051 3311 quidem
1083 3224 1199 3295 volens
1230 3226 1349 3296 sedare
1371 3237 1463 3292 eorum

217 3312 504 3393 malevolentiam,
533 3312 656 3401 partim
675 3323 789 3381 autem
808 3311 925 3382 volens
942 3333 1145 3382 succurrere
1167 3315 1360 3404 egentibus.
1380 3317 1411 3382 Et
1425 3305 1464 3376 ille

218 3402 357 3493 quidem
384 3401 444 3472 446.
464 3399 627 3472 Nonnulli
649 3422 726 3470 vero
742 3422 782 3470 ex
803 3400 857 3483 iis,
877 3413 909 3470 et
927 3401 1074 3471 maxime
1097 3403 1134 3485 ii,
1159 3423 1247 3489 quos
1263 3405 1372 3473 acrior
1394 3402 1480 3468 inm·¹

218 3504 308 3561 46464
332 3489 472 3572 4644446,
495 3512 576 3559 6646
593 3510 672 3558 6646
699 3489 819 3579 procul
844 3488 1081 3580 adspexissent
1104 3491 1315 3574 venientem,
1342 3490 1387 3560 sic
1408 3505 1465 3556 sen-

218 3581 282 3652 4446
310 3580 398 3648 46464
413 3577 709 3649 4646464464664;
733 3578 895 3661 «Videte,
917 3578 1081 3661 dicentes,
1097 3579 1188 3667 quod
1210 3602 1252 3650 ne
1276 3581 1332 3650 hic
1350 3575 1464 3667 quidem

218 3668 348 3738 malum
374 3667 580 3757 effugimus:
609 3665 667 3736 sed
689 3688 811 3736 rursus
826 3667 867 3736 ad
885 3688 947 3739 nos
973 3667 1064 3737 venit
1076 3667 1133 3738 ille
1154 3670 1286 3751 Strabo;
1303 3693 1321 3736 v
1338 3681 1370 3738 et
1386 3681 1466 3752 quae

217 3777 367 3843 cumque
386 3756 436 3825 644
460 3755 527 3826 6446
548 3755 753 3845 subjiciebat
784 3754 925 3825 invidia.
953 3756 1016 3826 Sed
1042 3778 1122 3827 curn
1151 3759 1194 3828 ab
1219 3759 1261 3828 iis
1282 3779 1348 3828 non
1372 3753 1479 3830 suisset

218 3842 313 3913 illius
331 3843 522 3916 retardatus
539 3866 675 3926 cursus,
693 3845 736 3914 ad
754 3845 931 3926 eosvenit,
950 3857 983 3914 et
1000 3843 1147 3936 placidis
1160 3869 1218 3917 eos
1234 3845 1385 3936 adspexit
1404 3851 1479 3933 664-4

216 3931 271 4014 444,
298 3943 331 4002 64
353 3937 423 4002 664
440 3933 604 4023 impertiit
633 3933 736 4002 rebus
757 3933 971 4004 necessariis.
1006 3937 1088 4006 Cum
1120 3947 1233 4024 autern
1270 3935 1402 4004 vidisset
1424 3943 1467 3996 664

217 4025 346 4110 magna
370 4021 524 4107 undique
550 4023 658 4112 premi
684 4023 813 4112 inopia,
845 4021 935 4110 quod
964 4043 1074 4111 neque
1100 4023 1263 4094 baberent
1288 4023 1348 4112 qui
1370 4031 1465 4089 eorum

218 4129 337 4178 curam
364 4121 505 4198 gereret,
536 4131 645 4198 neque
674 4111 723 4180 eis
747 4111 903 4182 divinum
936 4133 1010 4182 esse
1037 4112 1204 4202 templum
1230 4112 1269 4183 ad
1296 4107 1465 4182 orandum:

219 4195 337 4268 sedin
365 4197 598 4286 propheticam
625 4199 756 4280 aedem,
784 4213 946 4286 quaeest
972 4201 1130 4284 rheoois,
1166 4200 1312 4292 singulis
1334 4189 1469 4268 ascende·

218 4297 296 4384 rent
322 4285 528 4366 Dominicis,
561 4287 798 4376 participaturi
819 4287 936 4358 divina
969 4303 1202 4370 sacramenta;
1229 4302 1260 4360 et
1283 4310 1339 4360 cos
1366 4276 1478 4354 deinde

220 4383 369 4440 4646446
393 4371 587 4456 466644646,
621 4375 825 4465 implerique
856 4376 1007 4450 tumultu
1038 4389 1070 4449 et
1101 4377 1364 4470 perturbatione,
1393 4362 1467 4458 qu⁰d
