2972 4826
62 294 122 360 Dld.
143 295 163 358 6
449 307 488 360 na
512 313 539 359 s.
565 311 700 360 nicoma
724 311 799 358 ns.
826 311 875 358 sr.
1190 296 1246 361 tat

60 401 137 476 Deus,
169 395 455 484 omnipotentiam
484 395 710 476 admiramur,
737 395 796 464 scd
828 395 1026 466 ministrum
1051 395 1145 467 hunc
1170 408 1293 479 tuum,

58 507 130 574 auem
152 505 232 554 suae
257 484 396 553 virtutis
419 485 547 564 merito,
566 486 733 554 viventem
752 497 995 571 mortuumque
1020 507 1080 588 per
1103 486 1220 556 omnia
1244 508 1296 556 se-

58 574 114 642 cula
129 573 219 642 novis
235 572 392 659 quotidie
411 573 519 664 signis
533 572 721 642 clarescere
736 572 884 642 voluisti.
904 579 1003 643 Hunc
1015 595 1094 661 Jure
1115 575 1295 658 miramur,

58 663 125 730 lunc
145 663 328 730 universus
352 661 444 744 orbis
462 660 647 731 immortali
671 661 781 752 gloria
797 661 942 752 dignum
968 661 1087 732 laudat
1106 676 1139 732 et
1154 664 1295 734 extollit.

56 755 107 818 lua
126 763 186 819 tarn
205 749 290 819 haec
315 749 393 819 laus
415 763 475 832 est,
501 751 654 831 Domine,
676 751 758 837 quia
775 751 850 820 sine
867 765 897 820 te
920 750 996 820 laus
1019 751 1085 820 ista
1110 773 1177 821 non
1195 764 1296 822 esset.

55 838 102 906 Sed
113 839 177 926 jam
193 837 369 924 reliquum
386 839 518 908 itineris
542 838 774 908 absolvamus.

81 929 151 1012 lss·
175 932 220 996 Ex
245 935 397 1016 Aegypto
420 928 535 1014 itaque
559 926 705 1006 solvens,
725 941 758 996 et
781 928 817 996 in
846 925 1086 1008 Palaestinam,
1110 939 1147 996 ut
1171 929 1299 998 consti-

50 1028 148 1096 tuerat,
164 1017 317 1092 reniens.
341 1017 496 1086 ascendit
520 1017 553 1084 in
582 1015 760 1105 Golgotba,
780 1016 841 1085 ubi
863 1035 923 1104 pro
950 1015 1060 1084 salute
1077 1018 1213 1106 generis
1234 1017 1300 1088 hu·

48 1105 123 1172 nani
144 1104 267 1174 Christi
288 1104 483 1194 patibulum
509 1103 584 1174 luit.
608 1105 692 1173 lnde
711 1121 790 1173 cum
810 1103 851 1172 ad
869 1103 1007 1173 divinae
1024 1106 1141 1174 Crucis
1158 1105 1295 1195 lignum

47 1193 257 1263 venerandum
279 1193 464 1274 incederet,
490 1206 524 1263 et
547 1215 614 1262 nox
638 1192 736 1284 illum
768 1193 1014 1281 intercepisset,
1038 1191 1153 1264 serunt
1178 1195 1298 1284 templi

46 1279 119 1350 lares
131 1295 207 1352 tunc
223 1281 365 1351 clausas
378 1282 525 1350 venienti
545 1281 636 1351 ultro
652 1304 730 1350 cum
746 1279 862 1350 fractis
880 1281 1033 1350 vectibus
1050 1282 1214 1371 patuisse.
1230 1288 1296 1354 llec

47 1371 152 1440 mirum
177 1370 209 1439 id
234 1370 390 1456 quidem,
417 1371 546 1460 quippe
565 1370 621 1440 cui
642 1370 728 1440 coeli
752 1370 862 1461 ipsius
887 1370 1050 1459 patebant
1073 1384 1202 1472 portae.
1222 1376 1294 1442 Non

44 1459 121 1527 enim
148 1461 258 1529 caruit
277 1459 456 1529 cumulata
482 1459 636 1528 mercede
667 1461 733 1528 ista
755 1455 951 1616 profectio:
983 1458 1176 1529 uberiorem
1202 1461 1295 1530 enirn

45 1548 173 1635 Spiritus
200 1549 316 1634 Sancti
346 1549 506 1638 gratiam,
527 1549 726 1636 maj0raquc
780 1548 920 1636 einceps
947 1547 1102 1616 omnium
1129 1549 1295 1618 virtutum

44 1651 130 1722 atque
150 1636 327 1725 signorum
354 1636 444 1705 dona
469 1650 633 1726 perpetuo
650 1657 728 1705 eum
748 1636 911 1706 habuisse
935 1637 1145 1723 accepimus.
1165 1642 1204 1706 In
1233 1643 1296 1706 Pa·-

46 1723 169 1793 laestina
192 1724 309 1814 igitur,
332 1738 500 1814 quantum
528 1723 681 1815 perluit,
705 1739 878 1804 moratus,
905 1725 940 1792 in
971 1724 1191 1794 solitudinem
1222 1746 1297 1796 sese

46 1811 184 1903 colligere
231 1826 316 1882 arat.
336 1819 513 1883 Caeterum
539 1813 716 1896 Dominus,
735 1814 796 1904 qui
819 1812 991 1882 civitatem
1016 1835 1120 1902 supra
1144 1828 1295 1883 montem

50 1903 171 1998 positam
187 1835 354 1973 alscondi
379 1914 477 1983 vetat,
505 1913 537 1971 et
561 1901 738 1976 ardentem
764 1902 940 1972 lucernam
969 1901 1050 1991 poni
1074 1902 1139 1972 sub
1168 1903 1293 1985 modio,

54 1987 96 2084 illi
111 2011 160 2078 per
178 1993 286 2060 visum
314 1990 419 2060 semel
444 2005 546 2082 atque
570 1991 693 2059 iterum
713 1991 870 2082 imperat,
887 2001 927 2058 ut
953 1989 994 2058 ad
1020 2011 1219 2079 evesques
1244 2012 1297 2060 re-

57 2074 179 2162 liquerat
202 2081 235 2150 in
270 2079 375 2161 Sion,
403 2079 581 2149 confestim
612 2079 737 2148 redeat.
764 2078 860 2162 Quod
890 2077 949 2148 ubi
976 2077 1134 2147 divinum
1165 2079 1198 2146 id
1222 2099 1297 2149 esse

58 2164 226 2238 mandatum
252 2167 433 2239 manifeste
457 2167 694 2257 deprehendit,
723 2169 875 2256 seipsum
905 2167 1094 2258 abnegans,
1117 2166 1205 2236 colla
1231 2167 1297 2236 im-

57 2251 142 2349 piger
160 2253 260 2326 divino
279 2257 368 2347 jugo
392 2257 575 2327 submittit.
598 2261 721 2326 Navem
746 2255 1010 2325 Alexandrinam
1035 2254 1201 2325 conduxit
1221 2277 1296 2345 pre·

59 2351 107 2420 tro,
124 2364 187 2412 cum
228 2369 274 2415 ua
298 2367 318 2414 e
343 2345 533 2416 Palaestina
552 2345 587 2414 in
613 2345 751 2433 Lyciam
773 2355 949 2414 remearet.
969 2348 1026 2414 alst
1048 2365 1126 2414 eum
1144 2344 1296 2434 improbi

55 2445 159 2499 nautae
170 2369 241 2504 dolo
266 2433 385 2502 fallere
403 2435 567 2524 aggressi,
586 2455 668 2502 suae
694 2455 799 2523 prope
818 2433 988 2503 dederunt
1013 2455 1140 2523 poenas
1165 2434 1296 2523 impro-

51 2515 158 2590 bitatis.
175 2527 255 2592 Nam
276 2534 418 2610 sumpta
442 2522 609 2603 mercede,
632 2543 712 2592 curn
739 2545 758 2592 e
786 2536 887 2610 portu
911 2521 1104 2603 solvissent,
1134 2543 1200 2592 non
1227 2543 1296 2611 quo

47 2607 236 2699 pepigerant,
260 2611 319 2680 sed
346 2610 567 2680 Alexandriae
591 2631 711 2701 proras
738 2612 930 2700 obvertunt.
961 2611 1036 2680 lam
1057 2621 1130 2680 erat
1155 2612 1189 2680 in
1215 2632 1317 2696 con-¹

43 2711 148 2784 speetu
166 2698 273 2788 patria
299 2698 439 2768 illorum
472 2698 584 2779 tellus,
612 2721 691 2769 cum
721 2721 844 2788 repens
869 2698 1181 2790 exortaprocella,
1201 2699 1297 2770 clavo

40 2798 241 2878 antennaque
275 2785 483 2870 confractis,
514 2787 677 2856 ultimum
702 2787 772 2857 illis
796 2787 938 2857 exitium
965 2787 1174 2858 minabatur.
1201 2793 1296 2858 Tunc

41 2889 153 2945 nautae
165 2877 294 2946 conscii
311 2875 474 2966 perfidiae
491 2898 584 2955 suae,
603 2877 735 2966 ignosci
760 2875 825 2946 sibi
846 2875 1032 2964 postulant,
1055 2889 1087 2946 et
1106 2877 1294 2967 supplices,

38 2974 73 3029 ut
94 2963 211 3034 deinde
234 2986 296 3056 pro
320 2988 385 3034 sua
403 2977 517 3034 exoret
540 2965 661 3044 salute,
689 2987 815 3055 magno
839 2965 995 3055 flagitant
1020 2965 1145 3036 studio.
1173 2966 1295 3036 Miram

37 3049 122 3120 dictu
140 3076 221 3123 rem.
238 3055 298 3122 Vix
318 3053 368 3122 illi
387 3075 580 3123 sermonem
599 3052 865 3142 compleverant,
884 3076 963 3124 curn
982 3055 1095 3122 subito
1115 3055 1166 3124 vis
1182 3055 1297 3126 omnis

37 3151 98 3207 tam
122 3165 238 3212 saevae
262 3142 474 3233 tempestatis
490 3163 687 3231 compressa
707 3142 844 3223 resedit,
859 3155 891 3212 et
907 3142 1016 3222 navis,
1033 3141 1129 3213 novis
1150 3164 1297 3233 surgen-

37 3227 120 3299 tibus
141 3231 279 3310 austris,
300 3230 334 3298 in
365 3231 500 3319 Lyciam
529 3231 630 3320 pulsa
656 3230 838 3387 applicuit.
867 3230 1081 3302 Descendens
1106 3231 1220 3332 itaque
1240 3230 1297 3300 lli·

33 3315 164 3399 colaus,
191 3341 265 3389 sese
289 3319 331 3388 ad
359 3321 605 3389 monasterium
631 3341 693 3388 con
712 3333 782 3402 ert,
804 3319 895 3406 quod
925 3318 1119 3418 avunculus
1143 3340 1230 3419 epus,
1257 3327 1296 3388 ut

35 3406 130 3490 paulo
142 3421 219 3478 ante
236 3407 450 3488 dicebamus,
464 3407 529 3478 sub
547 3407 685 3477 nornine
700 3429 818 3478 sacrae
835 3409 927 3488 Sion,
944 3428 1080 3496 magnis
1096 3407 1297 3475 aedificarat

33 3497 233 3584 sumptibus.
257 3501 344 3565 Eum
369 3495 490 3566 lratres
514 3495 709 3566 incredibili
734 3497 862 3587 gaudio
877 3497 1064 3586 excipiunt,
1081 3495 1295 3586 amplectun·
1399 3565 1407 3584 ,

34 3595 98 3661 tur,
123 3583 335 3666 osculantur,
361 3597 394 3654 et
416 3585 516 3671 qnasi
540 3584 706 3675 Angelum
732 3608 753 3656 a
787 3591 852 3656 Deo
876 3584 942 3654 sibi
968 3583 1165 3664 redditum,
1194 3604 1295 3652 vene·
1376 3599 1378 3602 ·

34 3683 157 3742 rantur.
184 3679 285 3742 Hunc
311 3672 378 3743 sibi
402 3673 515 3744 locum
544 3673 724 3755 Nicolaus,
750 3675 851 3761 quasi
880 3673 1105 3763 tranquillum
1143 3671 1295 3759 aliquem

34 3773 161 3842 portum
179 3761 363 3852 delegerat,
382 3763 418 3831 in
442 3783 511 3849 quo
534 3785 552 3832 a
568 3761 773 3833 turbulentis
798 3761 918 3831 mundi
942 3760 1137 3831 actionibus
1155 3762 1196 3831 ad
1215 3783 1296 3832 con·

35 3847 258 3934 templandam
286 3849 421 3922 luturae
439 3852 526 3920 vitae
545 3851 740 3921 felicitatem
762 3871 960 3931 conversus,
979 3849 1144 3940 deinceps
1159 3850 1296 3940 quietu-

34 3957 110 4033 rum
132 3959 202 4007 sese
224 3943 396 4029 sperabat.
427 3939 489 4009 Sed
516 3939 629 4011 brevis
656 3939 844 4008 admodum
870 3960 910 4024 ea
934 3960 1035 4028 spes,
1065 3960 1174 4029 eaque
1197 3939 1297 4036 qpies

35 4023 109 4091 tuit.
126 4029 191 4096 lton
216 4029 309 4096 enim
335 4050 457 4118 passus
481 4041 544 4110 est,
565 4029 632 4118 qui
649 4029 767 4099 omnia
793 4027 966 4118 sapienter
989 4028 1172 4117 gubernat,
1193 4033 1293 4108 Deus

38 4124 72 4178 ut
96 4111 381 4205 locupletissimus
398 4117 462 4186 iste
477 4118 634 4186 omnium
660 4116 827 4187 virtutum
854 4117 1038 4186 thesaurus
1060 4117 1159 4185 humi
1180 4115 1298 4186 lateret

39 4197 196 4282 derasus,
220 4225 259 4274 ex
283 4227 352 4292 quo
374 4219 447 4276 erat
470 4205 586 4276 lutura
610 4203 728 4275 secula
751 4205 945 4275 innumeris
971 4205 1148 4275 beneficiis
1172 4204 1297 4274 ditatu-

43 4307 109 4355 rus.
128 4291 230 4362 Voluit
252 4294 358 4375 enim,
377 4305 415 4363 ut
436 4317 601 4385 magnum
619 4294 682 4363 hoc
699 4293 828 4374 lumen,
843 4293 935 4380 quod
952 4293 1027 4382 ipse
1047 4294 1217 4363 immensa
1233 4315 1297 4364 sua

43 4379 230 4452 accenderat
252 4383 479 4474 providentia,
498 4405 603 4476 super
619 4403 783 4474 magnum
805 4394 1026 4471 erectumque
1049 4381 1296 4454 candelabrum
