2994 4832
247 325 323 388 'l58
611 341 650 388 mr
674 341 701 388 s.
730 341 809 388 snm
831 341 903 388 aaa.
930 342 967 388 ιι
991 339 1081 389 conr.
1340 321 1455 388 babo

215 439 246 496 et
274 426 368 495 alios
390 424 529 512 quidem
565 447 604 494 ex
634 426 704 506 eis,
741 426 962 496 suasionibus
985 439 1017 496 et
1044 424 1354 506 admonitionibus,
1384 425 1455 494 alios

215 527 329 584 autem
360 514 461 584 etiam
492 514 818 604 reprehensionibus
845 537 1029 584 revocans:
1062 527 1095 584 et
1124 535 1243 584 omnes
1293 513 1455 584 erlundens

216 603 311 760 ‘siuavi
338 601 437 672 melle
463 623 546 673 suae
562 602 750 686 doetrinae,
776 615 809 672 et
832 603 959 694 optime
979 603 1147 674 inducens
1170 602 1213 672 ad
1239 536 1338 672 fidem
1359 603 1455 672 ortho-

240 713 380 760 oram...

259 782 277 866 ᾖ
300 781 374 850 58.
400 783 506 867 litque
529 779 579 848 sic
602 779 742 868 quidem
768 781 874 849 Sabae
894 781 1029 850 animae
1052 780 1168 850 divina
1197 779 1361 867 quaedam
1385 779 1455 847 insi-

215 868 317 938 debat
340 868 470 958 gratia,
496 889 734 955 quaecumque
757 868 830 958 ipse
856 869 1016 958 petiisset,
1043 890 1188 959 operans
1211 867 1455 944 admirabiliter;

216 970 248 1026 et
260 977 386 1046 corpus
402 956 542 1043 quidem
559 977 694 1046 semper
709 956 854 1026 babebat
870 957 995 1028 cedens
1010 957 1085 1044 ejus
1105 957 1283 1038 voluntati,
1309 969 1345 1026 ut
1367 978 1457 1042 neque

215 1045 459 1134 defatigaretur
483 1044 638 1115 laborum
659 1044 869 1129 assiduitate,
899 1067 1009 1132 neque
1026 1045 1197 1136 voluptate
1218 1068 1338 1116 rursus
1361 1045 1457 1112 remit·

215 1146 353 1204 teretur.
380 1140 462 1204 Nam
489 1146 556 1204 toto
579 1133 718 1221 quidem
744 1146 895 1224 tempore
913 1135 1125 1224 jejuniorum
1152 1134 1370 1222 permanebat
1386 1133 1457 1223 jeju·

217 1245 295 1292 nus.
322 1222 457 1292 Solebat
483 1234 597 1291 autem
622 1222 725 1291 semel
752 1233 883 1292 tantum
913 1224 1002 1293 vesci
1027 1225 1061 1292 in
1087 1222 1315 1293 bebdomada.
1344 1223 1375 1292 Si
1398 1241 1456 1290 vero

215 1310 401 1398 aliquando
425 1310 603 1397 abaliquo
628 1323 766 1382 vocatus
793 1325 881 1382 esset
906 1311 950 1380 ad
977 1333 1144 1396 coenam,
1172 1323 1232 1381 aut
1262 1313 1334 1414 ipse
1357 1331 1456 1380 rursus

215 1399 349 1486 aliquos
373 1399 526 1470 convivio
544 1397 724 1556 exciperet,
752 1398 804 1470 bis
825 1421 925 1490 saepe
946 1422 1085 1470 vescens
1109 1399 1141 1468 in
1167 1399 1233 1480 die,
1256 1401 1342 1469 mbil
1357 1399 1454 1468 damni

216 1511 255 1558 ao
284 1488 477 1559 detrimenti
508 1488 614 1558 sentie
640 1498 674 1557 at
704 1489 913 1558 stomachus.
948 1488 1075 1558 Deinde
1108 1501 1289 1578 postquam
1323 1487 1454 1558 rediisset

215 1576 423 1666 Scytbopoli,
445 1575 632 1646 admodum
643 1576 823 1665 jucundus
838 1588 950 1646 autem
967 1591 999 1648 et
1015 1589 1151 1667 optatus
1167 1599 1339 1668 apparens
1353 1575 1454 1646 Joanni

212 1665 499 1754 Jerosolymitano
528 1663 682 1734 Pontifici
708 1665 826 1754 (quod
852 1666 1087 1736 intercesserat
1114 1667 1207 1736 enim
1236 1679 1389 1755 tempus,
1410 1685 1455 1731 ιιι-

214 1765 307 1822 xerat
331 1753 560 1832 desiderium,
580 1765 618 1824 ut
642 1752 726 1823 solet
749 1754 968 1844 amicorum),
998 1757 1041 1826 ab
1062 1755 1136 1845 ipso
1163 1767 1304 1825 vocatus
1326 1765 1405 1824 esset
1424 1751 1455 1819 ad

213 1841 419 1925 convivium,
445 1842 607 1929 quoniam
632 1863 703 1911 una
726 1841 827 1911 ctiam
846 1843 963 1914 aderat
979 1845 1145 1914 Antonius
1170 1844 1359 1932 Episcopus
1376 1845 1454 1910 lsra-

214 1929 400 2013 lomtanus,
418 1931 479 2018 qui
498 1943 569 2000 erat
588 1929 691 2000 irater
709 1929 976 2022 archicpiscopi,
1002 1953 1081 2002 cum
1108 1932 1157 2000 illi
1187 1933 1310 2002 Sebam
1331 1929 1453 2000 medium

216 2019 486 2110 intercepissent,
512 2019 563 2087 illi
591 2019 700 2089 amice
724 2020 965 2110 propinabant,
991 2033 1023 2090 et
1048 2043 1108 2110 pro
1136 2021 1268 2091 viribus
1292 2041 1367 2090 eum
1390 2015 1454 2086 inn-

213 2106 331 2178 tabant
353 2121 385 2178 et
408 2108 634 2198 accipiebant.
657 2107 720 2177 Sed
738 2129 848 2195 neque
869 2130 989 2180 rursus
1006 2123 1124 2179 sancto
1139 2121 1235 2178 erant
1251 2130 1374 2178 manus
1390 2105 1453 2174 otio·

213 2217 292 2267 sae:
319 2197 375 2266 sed
402 2210 440 2267 ut
457 2218 518 2286 par
532 2208 614 2277 erat,
641 2209 770 2266 remota
793 2198 888 2266 omni
905 2197 1042 2268 fictione
1065 2210 1097 2268 et
1112 2196 1344 2278 simulatione,
1363 2213 1451 2288 vesca

214 2284 314 2354 batur
337 2285 514 2375 appositis.
541 2284 662 2354 Aderat
685 2297 798 2354 autem
824 2297 964 2358 sanctus
993 2308 1129 2374 quoque
1158 2286 1389 2364 Theodosius,
1408 2301 1450 2367 qm

213 2387 284 2443 erat
306 2374 337 2442 ei
355 2373 452 2444 valde
476 2374 609 2444 amicus
627 2386 659 2442 et
678 2373 870 2454 familiaris,
894 2387 931 2444 ut
947 2375 1017 2462 jam
1038 2398 1057 2444 ι
1079 2397 1132 2444 me
1148 2397 1249 2464 saepe
1266 2375 1391 2444 dietum
1405 2381 1450 2438 cst

212 2463 273 2548 qui
297 2462 498 2536 cumveluti
516 2461 688 2548 quoddam
714 2461 986 2545 condimentum,
1014 2463 1111 2533 vellet
1137 2485 1276 2533 mensae
1291 2463 1450 2554 speciosam

212 2549 364 2637 aliquam
384 2565 416 2620 et
433 2564 563 2652 gratam
580 2551 719 2638 injicere
738 2552 938 2646 orationem,
956 2553 1089 2622 urbane
1105 2551 1294 2624 admodum
1312 2563 1343 2622 et
1365 2545 1452 2636 lepide

212 2637 385 2721 inserens,
418 2640 502 2709 dixit
526 2651 683 2710 sanctum
714 2639 836 2708 Sebam
868 2640 914 2710 ita
933 2641 1090 2720 esurire,
1125 2655 1229 2711 utne
1262 2663 1320 2712 vos
1338 2635 1451 2727 quiden
1481 2691 1482 2726 ,

212 2728 325 2810 ambo,
353 2728 475 2818 ajebat,
501 2728 561 2814 qui
578 2726 736 2796 sullicitis
751 2727 794 2796 ad
810 2738 913 2797 totam
935 2728 1038 2799 simul
1059 2728 1218 2799 alendam
1237 2729 1451 2798 Palaestinam.

214 2816 352 2905 possitis
368 2817 443 2907 ejus
460 2829 608 2886 ventrem
627 2816 717 2884 alere
736 2817 779 2884 ad
797 2817 997 2887 satietatem.
1019 2817 1097 2887 Tale
1116 2829 1148 2888 et
1173 2830 1241 2888 tam
1262 2816 1405 2888 validum
1426 2831 1453 2878 ac

212 2903 392 2974 robustum
417 2927 542 2994 corpus
569 2905 657 2974 beati
683 2907 791 2975 Sabae
813 2926 997 3005 generosae
1013 2907 1204 2998 contigerat
1226 2907 1372 2976 animae.
1395 2906 1453 2998 Erat

211 3006 325 3062 autem
352 2997 488 3064 summa
513 2992 677 3063 modestia
712 2992 907 3082 praeditus,
934 3006 966 3063 et
987 2995 1142 3065 moribus
1172 2995 1260 3064 lenis
1290 3016 1331 3064 ac
1352 2989 1451 3061 laoilrs.

211 3085 251 3150 Et
267 3081 308 3149 ad
329 3102 407 3151 eum
426 3081 564 3170 quidem
581 3082 853 3152 conveniendum
871 3081 982 3152 facilis
1000 3083 1136 3173 patebat
1159 3083 1295 3153 aditus:
1314 3093 1380 3152 erat
1395 3095 1452 3144 roro
1480 3103 1481 3147 ι

210 3169 245 3239 in
268 3191 425 3240 sermone
447 3170 637 3261 jucundus,
660 3182 692 3239 et
720 3171 873 3241 moribus
897 3171 1036 3259 quidem
1063 3173 1127 3243 sim
1158 3171 1365 3241 licissimus:
1390 3185 1452 3254 pru·

213 3257 328 3328 dantia
345 3273 458 3329 autem
476 3259 787 3338 constantissimus,
814 3258 1014 3330 charitatem
1044 3282 1110 3330 non
1129 3195 1243 3330 dotem
1260 3271 1292 3328 et
1308 3259 1451 3327 sinceram

210 3348 302 3438 apud
324 3370 444 3418 omnes
468 3369 686 3419 conservans.
713 3353 791 3418 Erat
806 3369 883 3418 vero
904 3348 1000 3418 valde
1023 3349 1164 3420 affectus
1181 3350 1215 3418 in
1233 3344 1448 3444 Theodosium.

210 3437 295 3506 adeo
316 3448 355 3506 ιιι
372 3438 525 3524 quotidie
541 3436 582 3506 ad
601 3458 637 3506 se
662 3437 805 3506 invicem
828 3438 1041 3520 ventitarent,
1067 3451 1100 3508 et
1124 3440 1211 3506 inter
1228 3459 1263 3508 se
1287 3437 1328 3506 de
1351 3441 1449 3531 virtute

209 3525 413 3608 conferrent,
435 3538 468 3596 ot
483 3537 595 3598 essent
614 3525 715 3596 ambo
732 3526 841 3594 instar
857 3525 1082 3596 luminarium
1100 3527 1275 3607 omnibuS,
1293 3523 1350 3611 qui
1370 3531 1450 3586 vitam
1479 3537 1480 3584 ι

209 3614 505 3705 amplectebantur
530 3613 767 3685 monasticam.
794 3613 857 3684 Sed
883 3614 939 3684 ille
962 3615 1101 3700 quidem
1127 3637 1259 3694 eorum,
1287 3611 1346 3702 qui
1369 3609 1449 3697 vitan

208 3704 665 3774 ere'roebantcommunem:
691 3703 748 3772 hic
772 3714 911 3784 autem,
938 3704 1063 3782 Sabas,
1092 3703 1245 3791 inquam,
1272 3720 1382 3772 eorum
1404 3711 1449 3778 qm

207 3812 226 3860 a
250 3793 491 3882 congressione
524 3804 716 3881 separatam
740 3803 773 3860 et
796 3791 959 3877 quietem,
994 3801 1092 3864 susc'e
1119 3806 1190 3862 erat
1217 3789 1447 3882 praefecturam·

207 3879 336 3948 Dicitur
359 3893 458 3962 certe,
486 3882 623 3950 beatum
650 3880 772 3950 Sabam
797 3878 929 3950 urbane
953 3902 1054 3971 saepe
1107 3881 1207 3952 ixisse
1228 3891 1342 3950 sancto
1363 3873 1447 3941 Tbeo·

207 3965 325 4122 posin,
354 3969 451 4040 illum
477 3969 617 4056 quidem
643 3990 841 4059 puerorum,
870 3991 905 4041 se
928 3983 1042 4040 autem
1060 3991 1135 4040 esse
1150 3967 1352 4059 praelectum
1369 3976 1444 4050 prae·

222 4068 387 4126 aetorum.

252 4145 374 4231 55⁰.
400 4151 482 4216 Cum
508 4159 621 4218 autem
640 4147 786 4218 multum
814 4147 976 4237 temporis
997 4146 1265 4227 intercessisset,
1291 4154 1321 4212 ιι
1345 4149 1445 4225 magno

208 4233 315 4332 Sabae
338 4233 380 4303 ad
412 4237 583 4326 octoginta
614 4250 646 4307 et
670 4259 726 4306 sex
750 4259 859 4308 annos
889 4249 981 4306 aetas
1006 4249 1163 4326 provecta
1193 4245 1303 4314 esset,
1325 4217 1443 4329 ⁸derelll

207 4321 346 4407 quidem
372 4323 541 4404 loannes,
568 4324 685 4394 relicto
710 4347 906 4396 successore
932 4331 1052 4408 Petro,
1084 4326 1155 4394 viro
1180 4325 1300 4393 virtute
1324 4326 1438 4409 insigu-

208 4409 317 4479 Tertio
333 4422 445 4479 autem
467 4409 628 4502 deinceps
652 4435 743 4484 anno
763 4419 950 4505 Imperator
968 4436 1105 4503 quoque
1120 4413 1275 4484 lustinus
1291 4403 1440 4486 vallona
