2994 4832
244 274 307 338 tao
598 291 636 340 or
661 292 688 339 s.
717 292 796 340 saon
819 288 889 338 aar.
917 293 955 340 ur
979 291 1070 340 conr.
1326 275 1436 340 utta

197 375 330 446 exiliter
353 385 385 445 et
412 375 577 457 obscure,
612 386 881 466 agnosceretur,
911 377 987 466 ejus
1010 377 1124 448 dorma
1146 377 1285 446 omnino
1307 389 1435 458 mutata,

196 465 374 552 barbaque
397 465 517 534 effecta
531 463 672 534 rariore.
699 470 783 537 Nam
802 466 976 554 nec·loqui
992 465 1133 553 quidem
1157 466 1296 535 omnino
1317 477 1434 567 poterat,

197 553 306 624 donec
327 553 377 622 vis
400 553 570 641 quaedam
588 553 705 624 divina
717 575 797 624 eum
817 555 959 626 visitans
973 577 993 624 a
1009 555 1157 712 superis,
1175 555 1207 625 ci
1223 555 1306 624 vires
1318 555 1439 624 ammisit

197 642 363 712 adversus
389 642 497 713 maios
525 643 690 733 spiritus,
718 643 968 732 infirmumque
994 656 1027 713 et
1063 655 1268 734 anguentem
1293 643 1439 713 renovavit

197 753 237 800 ac
263 730 437 801 recreavit.
468 736 608 821 Propter
632 731 759 804 barbae
793 745 908 802 autem
943 732 1202 802 rarefactionem
1234 736 1297 802 Deo
1326 753 1440 819 quoque

197 819 304 890 Sabas
328 819 397 910 egit
417 871 420 880 .
449 821 576 905 retias,
605 834 646 890 ut
668 822 728 908 qui
754 821 940 892 modestiae
963 821 994 891 ei
1018 843 1161 892 oausam
1187 821 1389 913 praebuerit,
1408 841 1440 888 ne

198 922 337 999 propter
362 841 489 978 barbae
512 909 714 980 densitatem
741 911 808 980 sibi
829 910 933 980 nimis
943 910 1113 1068 Xiaueret.

242 1001 361 1086 §u
393 1002 495 1067 Porro
531 1010 644 1067 autem
682 998 746 1068 hoc
781 1021 919 1086 quoque
966 1020 1047 1069 eeo
1071 1000 1203 1069 dictum
1238 1010 1288 1069 est
1315 1020 1334 1067 a
1363 998 1441 1066 beato

198 1092 342 1166 Joanne,
362 1085 453 1173 quod
480 1108 602 1157 rursus
626 1087 765 1174 quidem
788 1089 942 1160 vertisset
965 1111 1100 1159 annus:
1124 1087 1183 1158 iiie
1206 1107 1377 1157 ueroeam
1398 1107 1440 1154 as·

181 1176 403 1265 ‘sumpsisset
428 1197 536 1245 unum
562 1195 602 1245 ex
625 1176 834 1266 discipulis,
861 1178 919 1247 cui
949 1199 1074 1247 nomen
1097 1190 1170 1248 erat
1194 1180 1367 1268 Agapetus,
1394 1196 1442 1264 pro

199 1285 293 1334 more
309 1264 422 1333 exibat
446 1264 480 1334 in
505 1264 741 1334 solitudinem.
767 1271 838 1336 Non
864 1266 963 1335 multi
980 1267 1095 1354 itaque
1119 1265 1193 1335 dies
1211 1265 1438 1356 praeterierant,

197 1368 230 1426 et
260 1358 430 1444 Agapetus
458 1353 598 1439 quidem
623 1375 703 1422 cum
729 1375 765 1424 se
796 1375 918 1424 somno
947 1354 1122 1436 dedisset,
1149 1356 1298 1444 supinus
1315 1352 1439 1444 jacebat,

197 1441 373 1511 consectus
396 1441 512 1511 labore
535 1452 568 1512 et
592 1442 719 1512 inedia.
746 1442 898 1532 vigilans
922 1455 1036 1513 autem
1059 1445 1177 1526 Sabas,
1196 1454 1229 1513 et
1255 1461 1442 1514 vacansora·

198 1531 294 1614 tioni,
316 1531 405 1600 videt
424 1530 608 1617 quemdam
636 1530 768 1601 leonem
780 1532 910 1621 jacenti
933 1532 1106 1624 discipulo
1123 1532 1328 1614 adstantem,
1352 1541 1380 1600 et
1399 1551 1443 1598 oc-

196 1619 281 1689 culti
299 1619 407 1690 ieonis
428 1619 615 1710 imaginem
636 1617 892 1707 quodammodo
917 1621 1129 1704 referentem,
1151 1634 1184 1691 et
1207 1621 1331 1692 deinde
1350 1619 1441 1709 ipsun

197 1709 233 1779 in
258 1710 375 1779 orbem
400 1708 596 1791 obeuntem,
619 1722 651 1778 et
675 1709 771 1779 omni
795 1731 834 1778 ex
855 1722 950 1798 parte
967 1709 1180 1780 odorantem.
1201 1710 1263 1779 liie
1286 1730 1361 1779 vero
1380 1727 1443 1776 cun

197 1797 262 1868 hoc
283 1797 432 1877 vidisset,
453 1796 550 1867 valde
575 1820 638 1868 suo
659 1797 773 1868 timuit
792 1798 976 1888 discipulo,
996 1812 1028 1869 et
1051 1821 1110 1870 cor
1133 1799 1209 1888 ejus
1233 1800 1343 1889 coepit
1364 1796 1443 1865 sehe-

198 1899 330 1956 menter
366 1885 560 1976 trepidare,
592 1900 625 1957 et
659 1908 720 1975 pro
754 1907 793 1956 eo
818 1887 994 1958 ardentem
1030 1887 1119 1957 fudit
1155 1891 1444 1978 precationem;et

196 1977 311 2045 statim
343 1974 430 2066 fugit
457 1973 507 2046 leo
532 1975 735 2065 trophaeum
759 1977 937 2058 orationis,
960 1989 993 2046 et
1016 1997 1052 2046 se
1079 1977 1252 2066 proripuit
1275 1978 1311 2046 in
1336 1975 1368 2044 fu
1390 1993 1440 2046 an.

196 2064 369 2154 discipulo
394 2063 480 2134 nihii
499 2064 602 2146 laeso,
624 2064 691 2134 nisi
710 2064 801 2151 quod
818 2065 930 2135 cauda
947 2065 1059 2136 sotum
1085 2067 1215 2136 sensim
1240 2065 1317 2155 ejus
1335 1997 1443 2160 unztara

197 2153 378 2243 percussit,
405 2165 540 2222 etcum
566 2175 585 2222 a
615 2173 736 2222 somno
767 2155 935 2224 excitavit.
961 2158 1067 2240 Atque
1092 2155 1150 2224 ilie
1172 2155 1317 2242 quidem
1342 2162 1443 2242 apertis

196 2241 306 2313 oculis
325 2264 405 2312 cum
432 2241 571 2311 vidisset
588 2241 734 2323 leonem,
761 2240 928 2333 caligans,
948 2242 1103 2346 confugit
1126 2244 1167 2313 ad
1195 2244 1333 2313 Sabam.
1352 2247 1381 2310 is
1398 2259 1442 2306 au·
1478 2279 1479 2330 t

197 2342 262 2402 tem
289 2332 441 2421 primum
468 2329 607 2417 quidem
628 2351 707 2400 eum
731 2343 823 2400 metu
850 2331 991 2414 iiberat;
1017 2331 1142 2402 deinde
1164 2334 1271 2402 etiam
1295 2331 1442 2424 admonet.
1478 2331 1479 2393 t

197 2441 239 2489 ne
264 2432 332 2488 tam
360 2418 460 2489 facile
491 2420 647 2488 vincatur
670 2441 691 2488 a
715 2441 837 2490 somno
862 2433 895 2490 et
919 2421 1151 2503 socordiane
1174 2417 1444 2512 capiaturabhu

196 2507 288 2590 feris,
308 2521 340 2576 et
366 2507 475 2577 multo
500 2508 610 2598 magis
635 2508 678 2578 ab
699 2507 753 2590 de,
773 2531 860 2595 quae
884 2509 950 2579 sub
974 2511 1132 2580 obtutum
1159 2531 1227 2580 non
1253 2509 1388 2581 cadunt.

239 2600 354 2684 §w
386 2602 464 2665 Jam
498 2617 574 2666 vero
602 2597 665 2666 hoc
695 2617 833 2684 quoque
867 2598 970 2669 rebus
1007 2599 1114 2668 Sabae
1149 2598 1247 2669 addit
1274 2596 1446 2686 praeclarus
1477 2623 1478 2686 p

194 2685 354 2768 ioannes,
374 2685 465 2771 quod
486 2707 566 2755 curn
585 2684 628 2754 de
653 2705 746 2754 more
767 2699 856 2756 esset
881 2687 992 2756 iturus
1018 2688 1051 2756 in
1078 2698 1207 2758 vastam
1230 2685 1445 2758 solitudinem,

194 2778 342 2863 Agapeto
369 2774 490 2863 pellem
510 2773 612 2843 tradit
627 2773 778 2856 ovillam,
796 2788 829 2844 et
847 2797 951 2865 panes
972 2775 1082 2846 siccos
1099 2777 1141 2845 ad
1158 2778 1235 2866 ejus
1253 2799 1367 2848 usum.
1382 2777 1447 2872 Natu

195 2862 268 2952 ipse
299 2863 404 2932 Sabas
433 2873 501 2932 toto
525 2863 734 2952 jejuniorum
762 2875 914 2954 tempore
937 2877 1009 2933 erat
1035 2865 1192 2952 jejunus,
1214 2866 1304 2935 nihil
1328 2879 1447 2934 omnino
1476 2903 1477 2912 ,

195 2950 264 3020 cibi
282 2953 465 3040 attingens,
487 2951 552 3021 nisi
577 2950 669 3037 quod
687 2951 839 3022 sabbatis
863 2966 896 3022 et
912 2953 1036 3022 diebus
1056 2954 1245 3024 Dominicis
1269 2954 1383 3024 divina
1404 2969 1448 3016 su·
1476 2924 1477 2981 ¹

195 3038 310 3110 mebat
335 3053 562 3110 sacramenta.
589 3045 751 3110 ineuntes
774 3052 889 3111 autem
915 3042 1018 3122 viam,
1046 3064 1134 3130 quae
1157 3043 1257 3114 ducit
1281 3041 1324 3113 ad
1351 3036 1447 3108 Jorda-

195 3149 286 3210 nem‚
306 3140 337 3198 et
352 3129 427 3220 ejus
440 3149 514 3198 eam
534 3139 677 3218 partem,
697 3149 786 3216 quae
804 3130 911 3220 vergit
927 3130 969 3200 ad
989 3132 1276 3220 Septentrionem,
1291 3129 1449 3200 inveniunt
1475 3163 1476 3168 κ

194 3217 308 3288 locum
332 3219 516 3304 quemdam
543 3230 768 3376 praeruptum
786 3231 819 3287 et
836 3219 1067 3309 praecipitem,
1088 3220 1123 3288 in
1151 3220 1256 3309 eujus
1289 3215 1448 3291 cacumine

194 3319 265 3376 erat
284 3306 454 3394 quaedam
480 3329 540 3397 spe
557 3329 647 3377 unca
671 3307 767 3376 aditu
793 3307 970 3378 difficilis:
997 3309 1169 3396 adquam
1194 3331 1277 3380 cum
1303 3328 1367 3378 non
1391 3305 1449 3376 sine

194 3395 344 3466 maxima
368 3395 570 3468 difficultate
594 3396 840 3485 pervenissent,
868 3402 934 3466 Deo
951 3397 1070 3485 utique
1096 3399 1220 3468 Sabam
1239 3399 1284 3468 ad
1306 3398 1389 3466 hanc
1409 3390 1448 3458 ia·
1474 3463 1475 3482 1

193 3495 302 3556 tenter
330 3484 531 3567 attrahente,
554 3485 735 3554 inveniunt
762 3485 949 3572 quemdam
979 3487 1199 3567 monachum,
1222 3487 1284 3573 qui
1310 3484 1449 3556 utebatur
1474 3493 1475 3567 t

194 3574 260 3644 vita
277 3574 320 3644 ab
334 3573 429 3642 omni
448 3575 708 3664 praeparatione
724 3572 848 3656 aliena,
866 3587 899 3644 et
917 3573 1017 3662 piane
1033 3575 1288 3656 anachoretica;
1307 3585 1449 3644 eratvero

193 3663 223 3733 is
247 3663 376 3753 dignus
401 3661 539 3732 habitus
563 3662 672 3753 gratia
698 3663 943 3752 perspiciendi.
976 3668 1018 3733 [te
1040 3685 1134 3733 more
1157 3685 1239 3754 ergo
1263 3664 1362 3734 saetis
1388 3677 1450 3747 pre-

192 3751 303 3832 cibus,
323 3773 402 3822 cum
429 3771 604 3822 sermones
622 3751 816 3841 coepissent
841 3751 1009 3833 conferre,
1029 3753 1172 3854 rogavit,
1191 3753 1315 3840 inquit,
1343 3750 1449 3820 Sabain

192 3839 398 3910 anachoreta
410 3862 490 3910 cum
509 3839 749 3921 admiratione,
765 3840 868 3910 ctiam
886 3861 1011 3910 nomen
1029 3842 1216 3931 adjiciens:
1236 3863 1254 3908 «
1274 3839 1447 3931 undenam,
1472 3901 1473 3926 ,

191 3926 323 4010 dicens,
352 3941 476 4010 motus,
503 3951 523 3999 o
546 3929 751 3999 admirande
776 3930 875 4008 Saba,
896 3942 955 4001 aut
978 3951 1130 4018 quonam
1157 3929 1219 4000 tibi
1237 3930 1351 4000 iocum
1375 3921 1473 3994 indi-¹

192 4028 302 4098 cante,
320 4016 363 4086 ad
382 4039 444 4087 nos
457 4018 606 4094 venisti?
626 4023 711 4088 Ecce
730 4017 822 4087 enim
835 4019 909 4108 jam
927 4019 985 4089 Dei
998 4020 1109 4109 gratie
1122 4019 1179 4089 hic
1193 4016 1449 4107 annosegiqua·

145 4155 147 4162 -
191 4104 363 4195 draginta,
382 4105 519 4177 duobus
536 4106 649 4177 solum
669 4106 830 4197 demptis,
849 4119 882 4178 et
905 4129 985 4178 oum
1006 4107 1102 4178 nulio
1120 4108 1259 4178 homine
1277 4127 1345 4176 non
1363 4098 1449 4172 modo

192 4216 268 4265 sum
295 4193 452 4278 locutus,
475 4195 534 4266 sed
561 4217 603 4264 ne
626 4195 738 4266 ulium
763 4194 904 4286 quidem
933 4196 1099 4286 adspexi:
1127 4197 1220 4285 quod
1246 4217 1301 4266 me
1323 4189 1448 4282 quidem

192 4303 317 4374 magna
338 4283 444 4352 afficit
467 4283 706 4366 admiratione,
725 4306 876 4372 quonam
903 4285 1004 4355 modo
1028 4287 1115 4377 ipse,
1142 4299 1201 4357 aut
1221 4285 1312 4355 unde
1337 4289 1445 4370 motus,
1469 4335 1470 4340 ,

191 4371 261 4442 huc
279 4370 423 4441 veneris.
441 4394 458 4438 n
476 4376 598 4442 Beatus
617 4385 731 4444 autem
751 4373 858 4446 Sabas
881 4374 1076 4465 excipiens:
1097 4397 1115 4442 n
1138 4379 1238 4456 Deus,
1261 4371 1380 4460 inquit,
1396 4382 1447 4452 qut
