2932 4812
208 273 270 337 554
588 291 627 337 aa
652 289 679 336 s.
707 287 867 336 arnasano
891 287 1012 335 susara
1281 271 1355 336 nait.
1378 275 1410 336 tt

164 375 411 463 Prophetarum
440 373 579 464 quidem
610 375 720 476 gratia
743 376 860 445 omnia
887 373 1131 464 praevidendi:
1159 373 1408 444 Patriamharun

164 478 279 548 autem
303 464 401 544 tides,
428 485 515 552 quae
540 461 719 545 efficiebat,
746 477 784 534 ut
803 463 924 534 fidenti
940 476 1028 533 essct
1051 463 1168 532 animo
1189 464 1223 530 in
1248 463 1406 532 omnibus:

164 551 266 623 llosis
280 552 420 642 quidem
448 551 689 634 mansuetudo,
711 559 816 623 tosue
831 565 946 623 autcm
967 551 1071 634 zelus,
1093 563 1126 620 et
1139 551 1235 640 justa
1252 551 1301 621 ira
1315 551 1408 620 adrer-

163 663 223 711 sus
248 641 388 728 eosqui
412 640 749 732 faciuntinjuriam:
775 641 1029 732 discipulorum
1056 661 1154 721 vero,
1181 641 1269 710 Petri
1292 640 1403 727 quidem

162 730 286 800 ardor:
311 730 455 799 loannis
485 742 599 800 autem
617 730 737 822 lingua
762 730 964 821 theologica,
982 742 1015 799 et
1032 729 1123 817 quod
1140 751 1220 800 cum
1243 729 1404 820 virginitate

162 833 213 890 cst
237 819 415 889 verborum
442 819 592 900 tonitru,
619 831 652 889 et
675 817 772 888 Pauli
796 820 980 890 vehemens
1013 819 1047 887 in
1080 818 1240 908 dogmate
1266 818 1398 892 studium,

162 920 195 977 et
219 929 279 997 per
302 920 427 976 terram
447 920 480 976 et
506 929 600 977 mare
621 907 884 998 praedicationis
907 906 1157 978 disseminatio.
1176 908 1399 976 Omniunruo

163 996 281 1076 simul,
304 995 381 1066 lons
407 996 666 1078 miraculorum,
686 997 822 1084 etquod
849 1019 889 1066 ea
913 1017 1048 1086 semper
1072 996 1230 1077 lluerent,
1252 1015 1400 1064 nousacus

164 1107 203 1154 ac
224 1105 390 1173 perennes
407 1085 514 1155 lluvii.

208 1175 323 1260 §aa
349 1174 460 1264 Hujus
486 1173 536 1242 vel
564 1173 676 1244 solum
701 1173 815 1244 dicere
838 1173 1031 1254 decessum,
1058 1185 1162 1260 quam
1188 1172 1289 1243 luerit
1309 1185 1403 1262 optan-

163 1261 276 1332 duml
295 1266 402 1344 Quam
422 1261 609 1333 multorum
628 1263 860 1333 reconciliavit
875 1262 1101 1333 inimicitias?
1117 1267 1226 1345 Quam
1247 1261 1406 1331 multorum

163 1352 358 1440 composuit
390 1353 668 1424 controversias?
700 1358 809 1435 Quam
844 1351 953 1421 multa
983 1351 1074 1420 bona
1106 1372 1177 1420 uno
1210 1350 1266 1420 die
1291 1349 1360 1420 lecit
1383 1351 1408 1417 in

164 1451 314 1510 extremo
339 1440 491 1530 spiritu?
514 1441 656 1520 Quando
679 1453 770 1510 carte
792 1440 824 1510 ei
842 1441 957 1510 carnis
980 1439 1259 1509 dissolvebantur
1280 1437 1407 1514 vincula,

162 1542 194 1596 et
209 1528 240 1596 ei
256 1549 358 1616 quem
383 1528 610 1620 desiderabat,
630 1543 702 1599 erat
724 1529 1078 1620 appropinquaturus,
1100 1541 1133 1597 et
1155 1529 1286 1619 primae
1306 1527 1410 1619 puleri-

162 1614 294 1688 tudinis
320 1617 450 1706 primas
467 1631 693 1706 suscepturus
716 1618 1009 1688 illuminationes:
1036 1617 1179 1688 aderant
1194 1630 1307 1688 autem
1331 1615 1410 1686 multi

161 1727 202 1774 ar
226 1706 268 1774 iis
292 1707 351 1791 qui
377 1728 412 1775 se
436 1707 471 1775 in
497 1707 620 1796 pietate
643 1708 855 1789 exercebant,
882 1720 915 1777 et
944 1706 1042 1775 multi
1067 1706 1248 1788 monachi',
1275 1703 1408 1776 etmulti

161 1817 201 1862 ex
226 1795 268 1862 iis
292 1795 351 1881 qui
372 1809 469 1864 erant
485 1798 693 1867 consecrati:
715 1818 781 1865 non
810 1797 909 1886 pauci
926 1816 1005 1865 vero
1030 1815 1070 1866 er
1094 1796 1138 1865 iis
1161 1795 1222 1885 qui
1248 1794 1408 1864 mundanis

161 1882 287 2040 opibus
304 1896 336 1952 et
352 1883 460 1972 gloria
477 1898 574 1954 erant
592 1885 757 1976 insignes.
778 1889 860 1954 Cum
879 1883 1008 1972 quibus
1021 1895 1203 1974 postquam
1223 1883 1362 1954 multum
1374 1893 1409 1950 est

163 1994 185 2062 p
212 1972 427 2073 ilospphatus
450 1985 483 2041 et
507 1973 642 2044 locutus
666 1975 709 2044 de
732 1975 848 2044 anima
872 1987 904 2042 et
927 1995 1078 2064 corpore,
1105 1986 1138 2043 et
1159 1973 1202 2041 de
1218 1994 1259 2042 ea
1280 1982 1409 2062 quaeest

162 2061 232 2130 illic
258 2075 349 2141 vrta,
383 2075 415 2130 et
446 2082 732 2152 unumquemque
756 2074 806 2132 est
829 2062 1055 2143 adhortatus,
1084 2075 1185 2152 prout
1213 2060 1409 2133 conveniebat

160 2150 437 2238 uniuscujusque
460 2151 561 2220 aetati
585 2164 618 2221 et
641 2150 826 2242 dignitati,
854 2162 886 2220 et
910 2150 1033 2220 deinde
1056 2164 1107 2221 est
1130 2151 1232 2220 etiam
1260 2162 1407 2241 precatus.

161 2249 193 2307 et
219 2251 389 2328 postremo
418 2238 504 2308 dixit
528 2261 563 2310 sc
587 2239 672 2310 velle
697 2261 818 2329 parum
844 2239 1047 2320 dormitare,
1074 2252 1107 2309 ct
1129 2261 1188 2308 eos
1225 2240 1311 2310 ussit
1337 2257 1409 2306 sace

161 2327 252 2409 dere,
273 2348 405 2398 sacram
430 2327 526 2398 illam
552 2329 601 2398 sic
625 2329 739 2398 emisit
761 2329 913 2398 animam
928 2330 955 2393 *ε
982 2329 1085 2417 eujus
1110 2261 1280 2398 mundum
1304 2344 1409 2413 corpus

160 2429 193 2485 et
213 2414 459 2500 venerandum,
487 2418 616 2486 sanctis
641 2417 802 2488 manibus
827 2419 1068 2507 compositum,
1089 2438 1226 2487 sacrum
1245 2415 1326 2486 illud
1342 2427 1408 2481 tam·

161 2504 258 2594 plum
276 2505 432 2594 suscipit,
452 2506 542 2592 quod
568 2507 641 2596 ipse
665 2507 821 2576 excitavit
841 2529 860 2576 a
885 2505 1129 2586 fundamentis,
1153 2517 1186 2575 et
1204 2527 1277 2574 vere
1292 2519 1404 2594 sacrum

160 2594 337 2664 constituit
355 2595 619 2664 monasterium:
644 2595 686 2664 ad
707 2595 851 2686 gloriam
865 2595 984 2679 Patris,
1000 2593 1072 2664 Filii
1087 2607 1119 2664 et
1132 2595 1277 2684 Spiritus
1300 2598 1405 2662 Sancti.

161 2702 255 2752 nunc
277 2683 360 2752 etin
380 2682 495 2754 secula
512 2683 719 2766 seculorum,
739 2690 855 2755 Amen.

186 2899 198 2922 *
214 2896 300 2937 Obttts
319 2897 444 2940 Marcattus
455 2901 517 2939 ctroc
530 2909 617 2941 cunum
628 2901 672 2940 tao,
