<?xml version="1.0" encoding="UTF-8"?>
<!DOCTYPE html PUBLIC "-//W3C//DTD XHTML 1.0 Transitional//EN"
    "http://www.w3.org/TR/xhtml1/DTD/xhtml1-transitional.dtd">
<html xmlns="http://www.w3.org/1999/xhtml" xml:lang="en" lang="en">
 <head>
  <title>
</title>
<meta http-equiv="Content-Type" content="text/html;charset=utf-8" />
  <meta name='ocr-system' content='tesseract 3.04.00' />
  <meta name='ocr-capabilities' content='ocr_page ocr_carea ocr_par ocr_line ocrx_word'/>
</head>
<body>
  <div class='ocr_page' id='page_1' title='image "./historiaeseuvit00lippgoog_0634.png"; bbox 0 0 2932 4812; ppageno 0'>
   <div class='ocr_carea' id='block_1_1' title="bbox 15 309 1178 378">
    <p class='ocr_par' dir='ltr' id='par_1_1' title="bbox 15 309 1178 378">
     <span class='ocr_line' id='line_1_1' title="bbox 15 309 1178 378; baseline 0.005 -6"><span class='ocrx_word' id='word_1_1' title='bbox 15 309 33 372; x_wconf 80' lang='grc' dir='ltr'>ἶ.</span> <span class='ocrx_word' id='word_1_2' title='bbox 53 311 91 372; x_wconf 83' lang='lat' dir='ltr'>:ltt</span> <span class='ocrx_word' id='word_1_3' title='bbox 325 328 364 374; x_wconf 84' lang='lat' dir='ltr'>na</span> <span class='ocrx_word' id='word_1_4' title='bbox 388 328 433 375; x_wconf 86' lang='lat' dir='ltr'>ss.</span> <span class='ocrx_word' id='word_1_5' title='bbox 462 329 574 376; x_wconf 81' lang='lat' dir='ltr'>sisino</span> <span class='ocrx_word' id='word_1_6' title='bbox 599 330 635 375; x_wconf 85' lang='lat' dir='ltr'>sr</span> <span class='ocrx_word' id='word_1_7' title='bbox 661 325 760 376; x_wconf 88' lang='lat' dir='ltr'>sociis</span> <span class='ocrx_word' id='word_1_8' title='bbox 785 331 841 376; x_wconf 86' lang='lat' dir='ltr'>ira.</span> <span class='ocrx_word' id='word_1_9' title='bbox 1114 317 1178 378; x_wconf 79' lang='lat'>589</span> 
     </span>
    </p>
   </div>
   <div class='ocr_carea' id='block_1_2' title="bbox 11 409 1224 1744">
    <p class='ocr_par' dir='ltr' id='par_1_2' title="bbox 11 409 1223 756">
     <span class='ocr_line' id='line_1_2' title="bbox 11 409 1222 504; baseline 0.006 -25"><span class='ocrx_word' id='word_1_10' title='bbox 11 433 80 480; x_wconf 89' lang='lat' dir='ltr'>uum</span> <span class='ocrx_word' id='word_1_11' title='bbox 107 413 186 500; x_wconf 76' lang='lat' dir='ltr'>eJus</span> <span class='ocrx_word' id='word_1_12' title='bbox 213 409 259 480; x_wconf 91' lang='lat' dir='ltr'>de</span> <span class='ocrx_word' id='word_1_13' title='bbox 277 431 425 482; x_wconf 87' lang='lat' dir='ltr'>carcere.</span> <span class='ocrx_word' id='word_1_14' title='bbox 451 411 627 482; x_wconf 78' lang='lat' dir='ltr'>Adductus</span> <span class='ocrx_word' id='word_1_15' title='bbox 648 413 774 500; x_wconf 89' lang='lat' dir='ltr'>itaque,</span> <span class='ocrx_word' id='word_1_16' title='bbox 798 417 979 504; x_wconf 84' lang='lat' dir='ltr'>prostravit</span> <span class='ocrx_word' id='word_1_17' title='bbox 995 437 1030 484; x_wconf 93' lang='lat' dir='ltr'>se</span> <span class='ocrx_word' id='word_1_18' title='bbox 1054 414 1096 484; x_wconf 92' lang='lat' dir='ltr'>ad</span> <span class='ocrx_word' id='word_1_19' title='bbox 1120 415 1222 504; x_wconf 91' lang='lat' dir='ltr'>pedes</span> 
     </span>
     <span class='ocr_line' id='line_1_3' title="bbox 11 498 1222 594; baseline 0.005 -28"><span class='ocrx_word' id='word_1_20' title='bbox 11 498 280 570; x_wconf 80' lang='lat' dir='ltr'>sl&#39;enustianus</span> <span class='ocrx_word' id='word_1_21' title='bbox 296 521 375 568; x_wconf 88' lang='lat' dir='ltr'>oum</span> <span class='ocrx_word' id='word_1_22' title='bbox 392 501 483 582; x_wconf 85' lang='lat' dir='ltr'>nain,</span> <span class='ocrx_word' id='word_1_23' title='bbox 515 501 667 588; x_wconf 83' lang='lat' dir='ltr'>uxorque</span> <span class='ocrx_word' id='word_1_24' title='bbox 696 501 773 590; x_wconf 91' lang='lat' dir='ltr'>ejus</span> <span class='ocrx_word' id='word_1_25' title='bbox 802 515 834 572; x_wconf 88' lang='lat' dir='ltr'>et</span> <span class='ocrx_word' id='word_1_26' title='bbox 858 502 919 572; x_wconf 85' lang='lat' dir='ltr'>filii</span> <span class='ocrx_word' id='word_1_27' title='bbox 938 515 1078 594; x_wconf 79' lang='lat' dir='ltr'>agentes</span> <span class='ocrx_word' id='word_1_28' title='bbox 1126 506 1222 574; x_wconf 91' lang='lat' dir='ltr'>oeni-</span> 
     </span>
     <span class='ocr_line' id='line_1_4' title="bbox 11 527 1223 746; baseline 0.006 -90"><span class='ocrx_word' id='word_1_29' title='bbox 11 589 92 669; x_wconf 89' lang='lat' dir='ltr'>tiam,</span> <span class='ocrx_word' id='word_1_30' title='bbox 115 600 148 658; x_wconf 87' lang='lat' dir='ltr'>et</span> <span class='ocrx_word' id='word_1_31' title='bbox 165 599 331 746; x_wconf 71' lang='lat' dir='ltr'>rogantes</span> <span class='ocrx_word' id='word_1_32' title='bbox 356 610 391 660; x_wconf 90' lang='lat' dir='ltr'>se</span> <span class='ocrx_word' id='word_1_33' title='bbox 407 588 584 678; x_wconf 85' lang='lat' dir='ltr'>baptizari.</span> <span class='ocrx_word' id='word_1_34' title='bbox 612 595 685 661; x_wconf 82' lang='lat' dir='ltr'>llox</span> <span class='ocrx_word' id='word_1_35' title='bbox 715 591 906 680; x_wconf 88' lang='lat' dir='ltr'>baptizatus</span> <span class='ocrx_word' id='word_1_36' title='bbox 934 606 971 661; x_wconf 90' lang='lat' dir='ltr'>ut</span> <span class='ocrx_word' id='word_1_37' title='bbox 994 592 1035 662; x_wconf 91' lang='lat' dir='ltr'>de</span> <span class='ocrx_word' id='word_1_38' title='bbox 1059 527 1149 682; x_wconf 61' lang='lat' dir='ltr'>pelvi</span> <span class='ocrx_word' id='word_1_39' title='bbox 1176 593 1223 663; x_wconf 91' lang='lat' dir='ltr'>le·</span> 
     </span>
     <span class='ocr_line' id='line_1_5' title="bbox 11 677 801 756; baseline 0.001 -10"><span class='ocrx_word' id='word_1_40' title='bbox 11 699 40 746; x_wconf 89' lang='lat' dir='ltr'>is</span> <span class='ocrx_word' id='word_1_41' title='bbox 62 691 123 756; x_wconf 91' lang='lat' dir='ltr'>est,</span> <span class='ocrx_word' id='word_1_42' title='bbox 145 677 207 747; x_wconf 93' lang='lat' dir='ltr'>nul</span> <span class='ocrx_word' id='word_1_43' title='bbox 229 699 288 748; x_wconf 93' lang='lat' dir='ltr'>um</span> <span class='ocrx_word' id='word_1_44' title='bbox 307 677 459 749; x_wconf 91' lang='lat' dir='ltr'>dolorem</span> <span class='ocrx_word' id='word_1_45' title='bbox 478 677 658 749; x_wconf 86' lang='lat' dir='ltr'>oculorum</span> <span class='ocrx_word' id='word_1_46' title='bbox 685 681 801 750; x_wconf 88' lang='lat' dir='ltr'>sensit.</span> 
     </span>
    </p>

    <p class='ocr_par' dir='ltr' id='par_1_3' title="bbox 11 767 1224 1744">
     <span class='ocr_line' id='line_1_6' title="bbox 30 767 1223 860; baseline 0.003 -24"><span class='ocrx_word' id='word_1_47' title='bbox 30 769 72 836; x_wconf 71' lang='lat'>8.</span> <span class='ocrx_word' id='word_1_48' title='bbox 99 767 314 836; x_wconf 83' lang='lat' dir='ltr'>Nunciatum</span> <span class='ocrx_word' id='word_1_49' title='bbox 339 767 390 836; x_wconf 79' lang='lat' dir='ltr'>es&#39;t</span> <span class='ocrx_word' id='word_1_50' title='bbox 411 779 524 836; x_wconf 88' lang='lat' dir='ltr'>autem</span> <span class='ocrx_word' id='word_1_51' title='bbox 551 767 615 837; x_wconf 90' lang='lat' dir='ltr'>lioo</span> <span class='ocrx_word' id='word_1_52' title='bbox 647 768 865 849; x_wconf 83' lang='lat' dir='ltr'>Maximiano,</span> <span class='ocrx_word' id='word_1_53' title='bbox 897 770 957 856; x_wconf 92' lang='lat' dir='ltr'>qui</span> <span class='ocrx_word' id='word_1_54' title='bbox 981 770 1101 851; x_wconf 90' lang='lat' dir='ltr'>iratus,</span> <span class='ocrx_word' id='word_1_55' title='bbox 1127 791 1223 860; x_wconf 90' lang='lat' dir='ltr'>prae-</span> 
     </span>
     <span class='ocr_line' id='line_1_7' title="bbox 14 854 1222 947; baseline 0.005 -27"><span class='ocrx_word' id='word_1_56' title='bbox 14 855 35 922; x_wconf 91' lang='lat' dir='ltr'>it</span> <span class='ocrx_word' id='word_1_57' title='bbox 54 855 223 924; x_wconf 89' lang='lat' dir='ltr'>Sabinum</span> <span class='ocrx_word' id='word_1_58' title='bbox 252 854 425 937; x_wconf 86' lang='lat' dir='ltr'>damnari,</span> <span class='ocrx_word' id='word_1_59' title='bbox 444 870 476 924; x_wconf 90' lang='lat' dir='ltr'>et</span> <span class='ocrx_word' id='word_1_60' title='bbox 503 857 617 945; x_wconf 91' lang='lat' dir='ltr'>ipsum</span> <span class='ocrx_word' id='word_1_61' title='bbox 648 859 895 927; x_wconf 73' lang='lat' dir='ltr'>venustianum</span> <span class='ocrx_word' id='word_1_62' title='bbox 920 858 1031 947; x_wconf 89' lang='lat' dir='ltr'>capite</span> <span class='ocrx_word' id='word_1_63' title='bbox 1057 859 1222 928; x_wconf 88' lang='lat' dir='ltr'>truncari.</span> 
     </span>
     <span class='ocr_line' id='line_1_8' title="bbox 11 944 1221 1026; baseline 0.006 -17"><span class='ocrx_word' id='word_1_64' title='bbox 11 945 87 1012; x_wconf 88' lang='lat' dir='ltr'>iiens</span> <span class='ocrx_word' id='word_1_65' title='bbox 103 954 220 1014; x_wconf 91' lang='lat' dir='ltr'>autem</span> <span class='ocrx_word' id='word_1_66' title='bbox 240 944 368 1014; x_wconf 92' lang='lat' dir='ltr'>Lucius</span> <span class='ocrx_word' id='word_1_67' title='bbox 397 945 570 1026; x_wconf 88' lang='lat' dir='ltr'>tribunus,</span> <span class='ocrx_word' id='word_1_68' title='bbox 590 945 663 1016; x_wconf 89' lang='lat' dir='ltr'>sine</span> <span class='ocrx_word' id='word_1_69' title='bbox 687 945 862 1016; x_wconf 89' lang='lat' dir='ltr'>auditione</span> <span class='ocrx_word' id='word_1_70' title='bbox 886 944 1023 1016; x_wconf 89' lang='lat' dir='ltr'>beatum</span> <span class='ocrx_word' id='word_1_71' title='bbox 1042 949 1221 1018; x_wconf 82' lang='lat' dir='ltr'>Venustia-</span> 
     </span>
     <span class='ocr_line' id='line_1_9' title="bbox 11 1031 1222 1121; baseline 0.007 -23"><span class='ocrx_word' id='word_1_72' title='bbox 11 1053 30 1098; x_wconf 90' lang='lat' dir='ltr'>ii</span> <span class='ocrx_word' id='word_1_73' title='bbox 51 1053 125 1100; x_wconf 90' lang='lat' dir='ltr'>cuni</span> <span class='ocrx_word' id='word_1_74' title='bbox 143 1054 256 1104; x_wconf 83' lang='lat' dir='ltr'>uxore</span> <span class='ocrx_word' id='word_1_75' title='bbox 273 1044 306 1102; x_wconf 91' lang='lat' dir='ltr'>et</span> <span class='ocrx_word' id='word_1_76' title='bbox 329 1031 411 1102; x_wconf 86' lang='lat' dir='ltr'>liliis</span> <span class='ocrx_word' id='word_1_77' title='bbox 436 1033 568 1101; x_wconf 81' lang='lat' dir='ltr'>necavit</span> <span class='ocrx_word' id='word_1_78' title='bbox 596 1035 630 1103; x_wconf 95' lang='lat' dir='ltr'>in</span> <span class='ocrx_word' id='word_1_79' title='bbox 659 1034 794 1105; x_wconf 87' lang='lat' dir='ltr'>civitate</span> <span class='ocrx_word' id='word_1_80' title='bbox 825 1035 1032 1121; x_wconf 75' lang='lat' dir='ltr'>lssisinate3</span> <span class='ocrx_word' id='word_1_81' title='bbox 1065 1049 1222 1106; x_wconf 87' lang='lat' dir='ltr'>sanctum</span> 
     </span>
     <span class='ocr_line' id='line_1_10' title="bbox 12 1120 1224 1214; baseline 0.007 -28"><span class='ocrx_word' id='word_1_82' title='bbox 12 1120 205 1190; x_wconf 84' lang='lat' dir='ltr'>oSabinum</span> <span class='ocrx_word' id='word_1_83' title='bbox 226 1120 373 1192; x_wconf 83' lang='lat' dir='ltr'>adduxit</span> <span class='ocrx_word' id='word_1_84' title='bbox 393 1122 426 1190; x_wconf 94' lang='lat' dir='ltr'>in</span> <span class='ocrx_word' id='word_1_85' title='bbox 452 1122 622 1191; x_wconf 87' lang='lat' dir='ltr'>civitatem</span> <span class='ocrx_word' id='word_1_86' title='bbox 641 1123 829 1213; x_wconf 82' lang='lat' dir='ltr'>spoletum,</span> <span class='ocrx_word' id='word_1_87' title='bbox 849 1136 882 1192; x_wconf 90' lang='lat' dir='ltr'>et</span> <span class='ocrx_word' id='word_1_88' title='bbox 901 1123 1034 1193; x_wconf 89' lang='lat' dir='ltr'>tamdiu</span> <span class='ocrx_word' id='word_1_89' title='bbox 1052 1126 1224 1214; x_wconf 90' lang='lat' dir='ltr'>praecepit</span> 
     </span>
     <span class='ocr_line' id='line_1_11' title="bbox 11 1207 1218 1368; baseline 0.007 -94"><span class='ocrx_word' id='word_1_90' title='bbox 11 1207 59 1288; x_wconf 78' lang='lat' dir='ltr'>di,</span> <span class='ocrx_word' id='word_1_91' title='bbox 77 1209 179 1279; x_wconf 88' lang='lat' dir='ltr'>donec</span> <span class='ocrx_word' id='word_1_92' title='bbox 205 1208 381 1279; x_wconf 88' lang='lat' dir='ltr'>deficeret.</span> <span class='ocrx_word' id='word_1_93' title='bbox 408 1210 512 1368; x_wconf 49' lang='lat' dir='ltr'>Cugus</span> <span class='ocrx_word' id='word_1_94' title='bbox 537 1230 663 1300; x_wconf 87' lang='lat' dir='ltr'>corpus</span> <span class='ocrx_word' id='word_1_95' title='bbox 692 1211 830 1302; x_wconf 82' lang='lat' dir='ltr'>collegit</span> <span class='ocrx_word' id='word_1_96' title='bbox 853 1212 1058 1284; x_wconf 87' lang='lat' dir='ltr'>venerabilis</span> <span class='ocrx_word' id='word_1_97' title='bbox 1083 1217 1218 1294; x_wconf 89' lang='lat' dir='ltr'>Serena,</span> 
     </span>
     <span class='ocr_line' id='line_1_12' title="bbox 11 1297 1218 1386; baseline 0.006 -23"><span class='ocrx_word' id='word_1_98' title='bbox 11 1319 42 1364; x_wconf 89' lang='lat' dir='ltr'>ac</span> <span class='ocrx_word' id='word_1_99' title='bbox 61 1297 123 1383; x_wconf 88' lang='lat' dir='ltr'>jam</span> <span class='ocrx_word' id='word_1_100' title='bbox 140 1319 274 1368; x_wconf 91' lang='lat' dir='ltr'>manus</span> <span class='ocrx_word' id='word_1_101' title='bbox 297 1299 372 1386; x_wconf 73' lang='lat' dir='ltr'>eius</span> <span class='ocrx_word' id='word_1_102' title='bbox 390 1299 423 1367; x_wconf 91' lang='lat' dir='ltr'>in</span> <span class='ocrx_word' id='word_1_103' title='bbox 474 1298 542 1370; x_wconf 92' lang='lat' dir='ltr'>clio</span> <span class='ocrx_word' id='word_1_104' title='bbox 558 1300 662 1369; x_wconf 83' lang='lat' dir='ltr'>vitreo</span> <span class='ocrx_word' id='word_1_105' title='bbox 679 1323 758 1371; x_wconf 91' lang='lat' dir='ltr'>cum</span> <span class='ocrx_word' id='word_1_106' title='bbox 776 1301 989 1371; x_wconf 80' lang='lat' dir='ltr'>aromatibus</span> <span class='ocrx_word' id='word_1_107' title='bbox 1005 1301 1218 1383; x_wconf 84' lang='lat' dir='ltr'>condiderat,</span> 
     </span>
     <span class='ocr_line' id='line_1_13' title="bbox 11 1385 1224 1480; baseline 0.008 -30"><span class='ocrx_word' id='word_1_108' title='bbox 11 1385 83 1454; x_wconf 85' lang='lat' dir='ltr'>infra</span> <span class='ocrx_word' id='word_1_109' title='bbox 106 1387 252 1457; x_wconf 91' lang='lat' dir='ltr'>domurn</span> <span class='ocrx_word' id='word_1_110' title='bbox 273 1408 370 1456; x_wconf 89' lang='lat' dir='ltr'>suani</span> <span class='ocrx_word' id='word_1_111' title='bbox 398 1400 568 1477; x_wconf 89' lang='lat' dir='ltr'>posuerat,</span> <span class='ocrx_word' id='word_1_112' title='bbox 587 1400 619 1458; x_wconf 91' lang='lat' dir='ltr'>et</span> <span class='ocrx_word' id='word_1_113' title='bbox 639 1389 794 1480; x_wconf 81' lang='lat' dir='ltr'>sepelivit</span> <span class='ocrx_word' id='word_1_114' title='bbox 809 1411 888 1459; x_wconf 91' lang='lat' dir='ltr'>eum</span> <span class='ocrx_word' id='word_1_115' title='bbox 907 1411 926 1459; x_wconf 92' lang='lat' dir='ltr'>a</span> <span class='ocrx_word' id='word_1_116' title='bbox 954 1389 1090 1460; x_wconf 90' lang='lat' dir='ltr'>civitate</span> <span class='ocrx_word' id='word_1_117' title='bbox 1107 1389 1224 1479; x_wconf 90' lang='lat' dir='ltr'>Spole-</span> 
     </span>
     <span class='ocr_line' id='line_1_14' title="bbox 11 1473 1222 1568; baseline 0.007 -28"><span class='ocrx_word' id='word_1_118' title='bbox 11 1495 34 1540; x_wconf 85' lang='lat' dir='ltr'>ia</span> <span class='ocrx_word' id='word_1_119' title='bbox 50 1473 205 1546; x_wconf 90' lang='lat' dir='ltr'>milliario</span> <span class='ocrx_word' id='word_1_120' title='bbox 223 1474 306 1566; x_wconf 94' lang='lat' dir='ltr'>plus</span> <span class='ocrx_word' id='word_1_121' title='bbox 324 1475 439 1546; x_wconf 89' lang='lat' dir='ltr'>minus</span> <span class='ocrx_word' id='word_1_122' title='bbox 456 1499 538 1557; x_wconf 90' lang='lat' dir='ltr'>uno,</span> <span class='ocrx_word' id='word_1_123' title='bbox 557 1479 704 1568; x_wconf 91' lang='lat' dir='ltr'>septimo</span> <span class='ocrx_word' id='word_1_124' title='bbox 719 1477 802 1548; x_wconf 91' lang='lat' dir='ltr'>Idus</span> <span class='ocrx_word' id='word_1_125' title='bbox 819 1476 1027 1548; x_wconf 79' lang='lat' dir='ltr'>Decembris.</span> <span class='ocrx_word' id='word_1_126' title='bbox 1046 1479 1222 1549; x_wconf 84' lang='lat' dir='ltr'>Festivitas</span> 
     </span>
     <span class='ocr_line' id='line_1_15' title="bbox 11 1565 1224 1664; baseline 0.011 -38"><span class='ocrx_word' id='word_1_127' title='bbox 11 1583 61 1628; x_wconf 87' lang='lat' dir='ltr'>can</span> <span class='ocrx_word' id='word_1_128' title='bbox 81 1565 172 1664; x_wconf 68' lang='lat' dir='ltr'>eius,</span> <span class='ocrx_word' id='word_1_129' title='bbox 199 1577 233 1636; x_wconf 89' lang='lat' dir='ltr'>et</span> <span class='ocrx_word' id='word_1_130' title='bbox 266 1585 371 1653; x_wconf 86' lang='lat' dir='ltr'>supra</span> <span class='ocrx_word' id='word_1_131' title='bbox 400 1566 654 1636; x_wconf 87' lang='lat' dir='ltr'>nominatorum</span> <span class='ocrx_word' id='word_1_132' title='bbox 684 1581 900 1657; x_wconf 84' lang='lat' dir='ltr'>martyrum,</span> <span class='ocrx_word' id='word_1_133' title='bbox 928 1569 1026 1638; x_wconf 87' lang='lat' dir='ltr'>tertio</span> <span class='ocrx_word' id='word_1_134' title='bbox 1059 1567 1224 1639; x_wconf 73' lang='lat' dir='ltr'>calendas</span> 
     </span>
     <span class='ocr_line' id='line_1_16' title="bbox 11 1665 247 1744; baseline 0.021 -29"><span class='ocrx_word' id='word_1_135' title='bbox 11 1669 103 1720; x_wconf 87' lang='lat' dir='ltr'>iuaiii</span> <span class='ocrx_word' id='word_1_136' title='bbox 119 1665 247 1744; x_wconf 82' lang='lat' dir='ltr'>agitur.</span> 
     </span>
    </p>
   </div>
   <div class='ocr_carea' id='block_1_3' title="bbox 27 1925 1159 2166">
    <p class='ocr_par' dir='ltr' id='par_1_4' title="bbox 27 1925 1159 2166">
     <span class='ocr_line' id='line_1_17' title="bbox 525 1925 647 1992; baseline -0.008 -1"><span class='ocrx_word' id='word_1_137' title='bbox 525 1928 536 1991; x_wconf 93' lang='lat' dir='ltr'>l</span> <span class='ocrx_word' id='word_1_138' title='bbox 550 1925 607 1992; x_wconf 87' lang='lat' dir='ltr'>TE</span> <span class='ocrx_word' id='word_1_139' title='bbox 621 1928 647 1990; x_wconf 87' lang='lat' dir='ltr'>ll</span> 
     </span>
     <span class='ocr_line' id='line_1_18' title="bbox 27 2080 1159 2166; baseline 0.007 -12"><span class='ocrx_word' id='word_1_140' title='bbox 27 2080 290 2163; x_wconf 72' lang='lat' dir='ltr'>licaoniam</span> <span class='ocrx_word' id='word_1_141' title='bbox 319 2086 357 2163; x_wconf 86' lang='lat' dir='ltr'>S.</span> <span class='ocrx_word' id='word_1_142' title='bbox 389 2085 572 2164; x_wconf 86' lang='lat' dir='ltr'>SABINO</span> <span class='ocrx_word' id='word_1_143' title='bbox 602 2084 807 2164; x_wconf 83' lang='lat' dir='ltr'>INSIGNE</span> <span class='ocrx_word' id='word_1_144' title='bbox 836 2083 1159 2166; x_wconf 80' lang='lat' dir='ltr'>MIRAOULUM</span> 
     </span>
    </p>
   </div>
   <div class='ocr_carea' id='block_1_4' title="bbox 313 2284 860 2344">
    <p class='ocr_par' dir='ltr' id='par_1_5' title="bbox 313 2284 860 2344">
     <span class='ocr_line' id='line_1_19' title="bbox 313 2284 860 2344; baseline 0 -12"><span class='ocrx_word' id='word_1_145' title='bbox 313 2285 352 2332; x_wconf 88' lang='lat' dir='ltr'>UT</span> <span class='ocrx_word' id='word_1_146' title='bbox 377 2285 521 2332; x_wconf 76' lang='lat' dir='ltr'>HABETUR</span> <span class='ocrx_word' id='word_1_147' title='bbox 546 2285 579 2332; x_wconf 80' lang='lat' dir='ltr'>lu</span> <span class='ocrx_word' id='word_1_148' title='bbox 604 2285 696 2332; x_wconf 76' lang='lat' dir='ltr'><strong>PAULI</strong></span> <span class='ocrx_word' id='word_1_149' title='bbox 722 2284 860 2344; x_wconf 79' lang='lat' dir='ltr'>aiaconi,</span> 
     </span>
    </p>
   </div>
   <div class='ocr_carea' id='block_1_5' title="bbox 187 2423 981 2514">
    <p class='ocr_par' dir='ltr' id='par_1_6' title="bbox 187 2423 981 2514">
     <span class='ocr_line' id='line_1_20' title="bbox 187 2423 981 2514; baseline -0.004 -21"><span class='ocrx_word' id='word_1_150' title='bbox 187 2429 232 2493; x_wconf 86' lang='lat' dir='ltr'>De</span> <span class='ocrx_word' id='word_1_151' title='bbox 258 2425 361 2514; x_wconf 76' lang='lat' dir='ltr'>gestis</span> <span class='ocrx_word' id='word_1_152' title='bbox 385 2423 687 2512; x_wconf 76' lang='lat' dir='ltr'>Langobardorum,</span> <span class='ocrx_word' id='word_1_153' title='bbox 716 2423 772 2491; x_wconf 77' lang='lat' dir='ltr'>tia.</span> <span class='ocrx_word' id='word_1_154' title='bbox 795 2433 827 2502; x_wconf 82' lang='lat' dir='ltr'>l,</span> <span class='ocrx_word' id='word_1_155' title='bbox 849 2446 922 2512; x_wconf 84' lang='lat' dir='ltr'>cop.</span> <span class='ocrx_word' id='word_1_156' title='bbox 950 2433 981 2490; x_wconf 83' lang='lat'>5.</span> 
     </span>
    </p>
   </div>
   <div class='ocr_carea' id='block_1_6' title="bbox 13 2629 1229 4153">
    <p class='ocr_par' dir='ltr' id='par_1_7' title="bbox 13 2629 1229 4153">
     <span class='ocr_line' id='line_1_21' title="bbox 17 2629 1225 2722; baseline 0.006 -28"><span class='ocrx_word' id='word_1_157' title='bbox 17 2629 151 2716; x_wconf 84' lang='lat' dir='ltr'>Sequenti</span> <span class='ocrx_word' id='word_1_158' title='bbox 174 2656 268 2705; x_wconf 93' lang='lat' dir='ltr'>anno</span> <span class='ocrx_word' id='word_1_159' title='bbox 292 2655 396 2722; x_wconf 90' lang='lat' dir='ltr'>quam</span> <span class='ocrx_word' id='word_1_160' title='bbox 422 2633 675 2705; x_wconf 87' lang='lat' dir='ltr'>Theodcbertus</span> <span class='ocrx_word' id='word_1_161' title='bbox 703 2639 912 2704; x_wconf 83' lang='lat' dir='ltr'>Francorum</span> <span class='ocrx_word' id='word_1_162' title='bbox 940 2639 1019 2714; x_wconf 84' lang='lat' dir='ltr'>Rex,</span> <span class='ocrx_word' id='word_1_163' title='bbox 1047 2655 1126 2703; x_wconf 90' lang='lat' dir='ltr'>cum</span> <span class='ocrx_word' id='word_1_164' title='bbox 1153 2631 1225 2702; x_wconf 81' lang='lat' dir='ltr'>Clo-</span> 
     </span>
     <span class='ocr_line' id='line_1_22' title="bbox 15 2717 1227 2814; baseline 0.001 -24"><span class='ocrx_word' id='word_1_165' title='bbox 15 2717 70 2812; x_wconf 73' lang='lat' dir='ltr'>flpio</span> <span class='ocrx_word' id='word_1_166' title='bbox 96 2724 241 2808; x_wconf 81' lang='lat' dir='ltr'>patruele</span> <span class='ocrx_word' id='word_1_167' title='bbox 267 2745 331 2793; x_wconf 88' lang='lat' dir='ltr'>suo</span> <span class='ocrx_word' id='word_1_168' title='bbox 360 2722 489 2793; x_wconf 89' lang='lat' dir='ltr'>bellum</span> <span class='ocrx_word' id='word_1_169' title='bbox 515 2744 657 2814; x_wconf 88' lang='lat' dir='ltr'>gerens,</span> <span class='ocrx_word' id='word_1_170' title='bbox 683 2723 759 2812; x_wconf 90' lang='lat' dir='ltr'>ejus</span> <span class='ocrx_word' id='word_1_171' title='bbox 790 2723 975 2793; x_wconf 84' lang='lat' dir='ltr'>exercitum</span> <span class='ocrx_word' id='word_1_172' title='bbox 1010 2723 1227 2792; x_wconf 88' lang='lat' dir='ltr'>vehementer</span> 
     </span>
     <span class='ocr_line' id='line_1_23' title="bbox 13 2801 1223 2904; baseline 0.011 -37"><span class='ocrx_word' id='word_1_173' title='bbox 13 2801 96 2874; x_wconf 87' lang='lat' dir='ltr'>luit:</span> <span class='ocrx_word' id='word_1_174' title='bbox 121 2811 307 2904; x_wconf 82' lang='lat' dir='ltr'>ariulphus</span> <span class='ocrx_word' id='word_1_175' title='bbox 328 2817 410 2893; x_wconf 80' lang='lat' dir='ltr'>bur,</span> <span class='ocrx_word' id='word_1_176' title='bbox 427 2813 487 2902; x_wconf 91' lang='lat' dir='ltr'>qui</span> <span class='ocrx_word' id='word_1_177' title='bbox 502 2811 667 2882; x_wconf 79' lang='lat' dir='ltr'>Faroaldo</span> <span class='ocrx_word' id='word_1_178' title='bbox 683 2810 776 2902; x_wconf 89' lang='lat' dir='ltr'>apud</span> <span class='ocrx_word' id='word_1_179' title='bbox 801 2810 975 2901; x_wconf 90' lang='lat' dir='ltr'>Spoletum</span> <span class='ocrx_word' id='word_1_180' title='bbox 1002 2824 1223 2892; x_wconf 87' lang='lat' dir='ltr'>successerat,</span> 
     </span>
     <span class='ocr_line' id='line_1_24' title="bbox 14 2893 1225 2992; baseline 0.011 -36"><span class='ocrx_word' id='word_1_181' title='bbox 14 2893 112 2964; x_wconf 87' lang='lat' dir='ltr'>oritur.</span> <span class='ocrx_word' id='word_1_182' title='bbox 136 2900 194 2970; x_wconf 83' lang='lat' dir='ltr'>ilic</span> <span class='ocrx_word' id='word_1_183' title='bbox 211 2900 399 2992; x_wconf 71' lang='lat' dir='ltr'>ariulphus</span> <span class='ocrx_word' id='word_1_184' title='bbox 419 2923 498 2971; x_wconf 90' lang='lat' dir='ltr'>cum</span> <span class='ocrx_word' id='word_1_185' title='bbox 517 2900 646 2972; x_wconf 92' lang='lat' dir='ltr'>bellum</span> <span class='ocrx_word' id='word_1_186' title='bbox 665 2912 784 2970; x_wconf 88' lang='lat' dir='ltr'>contra</span> <span class='ocrx_word' id='word_1_187' title='bbox 798 2905 971 2970; x_wconf 84' lang='lat' dir='ltr'>Romanos</span> <span class='ocrx_word' id='word_1_188' title='bbox 994 2900 1030 2969; x_wconf 94' lang='lat' dir='ltr'>in</span> <span class='ocrx_word' id='word_1_189' title='bbox 1045 2901 1225 2970; x_wconf 84' lang='lat' dir='ltr'>Camerino</span> 
     </span>
     <span class='ocr_line' id='line_1_25' title="bbox 13 2983 1223 3090; baseline 0.014 -46"><span class='ocrx_word' id='word_1_190' title='bbox 13 2983 135 3068; x_wconf 77' lang='lat' dir='ltr'>ississet,</span> <span class='ocrx_word' id='word_1_191' title='bbox 169 2990 416 3077; x_wconf 86' lang='lat' dir='ltr'>victoriamque</span> <span class='ocrx_word' id='word_1_192' title='bbox 444 3002 634 3080; x_wconf 88' lang='lat' dir='ltr'>patrasset,</span> <span class='ocrx_word' id='word_1_193' title='bbox 674 2989 848 3090; x_wconf 83' lang='lat' dir='ltr'>requirere</span> <span class='ocrx_word' id='word_1_194' title='bbox 871 2987 989 3058; x_wconf 86' lang='lat' dir='ltr'>asnis</span> <span class='ocrx_word' id='word_1_195' title='bbox 1021 2989 1223 3060; x_wconf 91' lang='lat' dir='ltr'>bominibus</span> 
     </span>
     <span class='ocr_line' id='line_1_26' title="bbox 13 3070 1222 3168; baseline -0.002 -18"><span class='ocrx_word' id='word_1_196' title='bbox 13 3070 83 3154; x_wconf 88' lang='lat' dir='ltr'>icpit,</span> <span class='ocrx_word' id='word_1_197' title='bbox 101 3077 254 3164; x_wconf 88' lang='lat' dir='ltr'>quisnam</span> <span class='ocrx_word' id='word_1_198' title='bbox 284 3079 335 3148; x_wconf 87' lang='lat' dir='ltr'>vir</span> <span class='ocrx_word' id='word_1_199' title='bbox 364 3077 421 3149; x_wconf 90' lang='lat' dir='ltr'>ille</span> <span class='ocrx_word' id='word_1_200' title='bbox 445 3077 566 3150; x_wconf 89' lang='lat' dir='ltr'>luisset</span> <span class='ocrx_word' id='word_1_201' title='bbox 588 3099 689 3166; x_wconf 91' lang='lat' dir='ltr'>quem</span> <span class='ocrx_word' id='word_1_202' title='bbox 717 3101 751 3147; x_wconf 92' lang='lat' dir='ltr'>in</span> <span class='ocrx_word' id='word_1_203' title='bbox 778 3076 906 3167; x_wconf 89' lang='lat' dir='ltr'>proelio</span> <span class='ocrx_word' id='word_1_204' title='bbox 930 3076 1020 3164; x_wconf 95' lang='lat' dir='ltr'>quod</span> <span class='ocrx_word' id='word_1_205' title='bbox 1052 3091 1222 3168; x_wconf 80' lang='lat' dir='ltr'>gesserat,</span> 
     </span>
     <span class='ocr_line' id='line_1_27' title="bbox 14 3165 1227 3268; baseline 0.007 -40"><span class='ocrx_word' id='word_1_206' title='bbox 14 3173 40 3250; x_wconf 67' lang='lat' dir='ltr'>qn</span> <span class='ocrx_word' id='word_1_207' title='bbox 64 3172 188 3236; x_wconf 87' lang='lat' dir='ltr'>strenue</span> <span class='ocrx_word' id='word_1_208' title='bbox 215 3178 427 3268; x_wconf 86' lang='lat' dir='ltr'>pugnantem</span> <span class='ocrx_word' id='word_1_209' title='bbox 453 3167 605 3238; x_wconf 86' lang='lat' dir='ltr'>vidisset.</span> <span class='ocrx_word' id='word_1_210' title='bbox 633 3167 692 3236; x_wconf 86' lang='lat' dir='ltr'>Cui</span> <span class='ocrx_word' id='word_1_211' title='bbox 714 3187 794 3236; x_wconf 90' lang='lat' dir='ltr'>cum</span> <span class='ocrx_word' id='word_1_212' title='bbox 820 3165 876 3237; x_wconf 91' lang='lat' dir='ltr'>sui</span> <span class='ocrx_word' id='word_1_213' title='bbox 900 3165 1162 3256; x_wconf 86' lang='lat' dir='ltr'>responderent,</span> <span class='ocrx_word' id='word_1_214' title='bbox 1191 3188 1227 3236; x_wconf 89' lang='lat' dir='ltr'>se</span> 
     </span>
     <span class='ocr_line' id='line_1_28' title="bbox 14 3237 1226 3348; baseline 0.008 -33"><span class='ocrx_word' id='word_1_215' title='bbox 14 3237 44 3334; x_wconf 79' lang='lat' dir='ltr'>lit</span> <span class='ocrx_word' id='word_1_216' title='bbox 62 3250 182 3324; x_wconf 92' lang='lat' dir='ltr'>nullum</span> <span class='ocrx_word' id='word_1_217' title='bbox 199 3255 322 3327; x_wconf 90' lang='lat' dir='ltr'>lortius</span> <span class='ocrx_word' id='word_1_218' title='bbox 338 3254 536 3338; x_wconf 89' lang='lat' dir='ltr'>bellantem,</span> <span class='ocrx_word' id='word_1_219' title='bbox 562 3277 667 3344; x_wconf 87' lang='lat' dir='ltr'>quam</span> <span class='ocrx_word' id='word_1_220' title='bbox 693 3259 819 3326; x_wconf 88' lang='lat' dir='ltr'>Ducem</span> <span class='ocrx_word' id='word_1_221' title='bbox 845 3255 960 3348; x_wconf 93' lang='lat' dir='ltr'>ipsum</span> <span class='ocrx_word' id='word_1_222' title='bbox 994 3254 1140 3336; x_wconf 90' lang='lat' dir='ltr'>vidisse,</span> <span class='ocrx_word' id='word_1_223' title='bbox 1168 3254 1226 3325; x_wconf 89' lang='lat' dir='ltr'>ille</span> 
     </span>
     <span class='ocr_line' id='line_1_29' title="bbox 14 3339 1226 3435; baseline 0.016 -42"><span class='ocrx_word' id='word_1_224' title='bbox 14 3339 79 3431; x_wconf 51' lang='lat' dir='ltr'>li«</span> <span class='ocrx_word' id='word_1_225' title='bbox 97 3343 182 3414; x_wconf 79' lang='lat' dir='ltr'>Certe</span> <span class='ocrx_word' id='word_1_226' title='bbox 204 3344 314 3416; x_wconf 87' lang='lat' dir='ltr'>multo</span> <span class='ocrx_word' id='word_1_227' title='bbox 331 3365 391 3435; x_wconf 89' lang='lat' dir='ltr'>per</span> <span class='ocrx_word' id='word_1_228' title='bbox 414 3345 530 3415; x_wconf 87' lang='lat' dir='ltr'>omnia</span> <span class='ocrx_word' id='word_1_229' title='bbox 556 3366 611 3416; x_wconf 87' lang='lat' dir='ltr'>me</span> <span class='ocrx_word' id='word_1_230' title='bbox 631 3343 807 3414; x_wconf 88' lang='lat' dir='ltr'>meliorem</span> <span class='ocrx_word' id='word_1_231' title='bbox 838 3343 886 3414; x_wconf 93' lang='lat' dir='ltr'>ibi</span> <span class='ocrx_word' id='word_1_232' title='bbox 911 3342 1019 3414; x_wconf 92' lang='lat' dir='ltr'>alium</span> <span class='ocrx_word' id='word_1_233' title='bbox 1050 3343 1138 3425; x_wconf 89' lang='lat' dir='ltr'>vidi,</span> <span class='ocrx_word' id='word_1_234' title='bbox 1166 3345 1226 3431; x_wconf 92' lang='lat' dir='ltr'>qui</span> 
     </span>
     <span class='ocr_line' id='line_1_30' title="bbox 14 3432 1227 3590; baseline 0.016 -108"><span class='ocrx_word' id='word_1_235' title='bbox 14 3432 94 3493; x_wconf 84' lang='lat' dir='ltr'>toties</span> <span class='ocrx_word' id='word_1_236' title='bbox 111 3449 160 3500; x_wconf 91' lang='lat' dir='ltr'>me</span> <span class='ocrx_word' id='word_1_237' title='bbox 182 3433 344 3504; x_wconf 84' lang='lat' dir='ltr'>adversae</span> <span class='ocrx_word' id='word_1_238' title='bbox 373 3433 479 3524; x_wconf 88' lang='lat' dir='ltr'>patris</span> <span class='ocrx_word' id='word_1_239' title='bbox 510 3432 637 3522; x_wconf 88' lang='lat' dir='ltr'>aliquis</span> <span class='ocrx_word' id='word_1_240' title='bbox 664 3444 843 3534; x_wconf 87' lang='lat' dir='ltr'>pereutere</span> <span class='ocrx_word' id='word_1_241' title='bbox 867 3432 986 3514; x_wconf 89' lang='lat' dir='ltr'>voluit,</span> <span class='ocrx_word' id='word_1_242' title='bbox 1014 3455 1067 3502; x_wconf 91' lang='lat' dir='ltr'>me</span> <span class='ocrx_word' id='word_1_243' title='bbox 1092 3453 1227 3590; x_wconf 60' lang='lat' dir='ltr'>semsser</span> 
     </span>
     <span class='ocr_line' id='line_1_31' title="bbox 14 3510 1227 3623; baseline 0.005 -37"><span class='ocrx_word' id='word_1_244' title='bbox 14 3510 156 3602; x_wconf 56' lang='lat' dir='ltr'>,liolypeo</span> <span class='ocrx_word' id='word_1_245' title='bbox 179 3523 370 3611; x_wconf 83' lang='lat' dir='ltr'>protexit.»</span> <span class='ocrx_word' id='word_1_246' title='bbox 396 3527 549 3612; x_wconf 87' lang='lat' dir='ltr'>Cumque</span> <span class='ocrx_word' id='word_1_247' title='bbox 573 3528 647 3593; x_wconf 85' lang='lat' dir='ltr'>Dux</span> <span class='ocrx_word' id='word_1_248' title='bbox 661 3543 736 3612; x_wconf 89' lang='lat' dir='ltr'>ipse</span> <span class='ocrx_word' id='word_1_249' title='bbox 755 3543 862 3613; x_wconf 86' lang='lat' dir='ltr'>prope</span> <span class='ocrx_word' id='word_1_250' title='bbox 883 3521 1072 3623; x_wconf 86' lang='lat' dir='ltr'>spoletum,</span> <span class='ocrx_word' id='word_1_251' title='bbox 1093 3521 1151 3591; x_wconf 90' lang='lat' dir='ltr'>ubi</span> <span class='ocrx_word' id='word_1_252' title='bbox 1191 3543 1227 3592; x_wconf 90' lang='lat' dir='ltr'>a·</span> 
     </span>
     <span class='ocr_line' id='line_1_32' title="bbox 15 3587 1225 3702; baseline 0.018 -44"><span class='ocrx_word' id='word_1_253' title='bbox 15 3587 68 3664; x_wconf 87' lang='lat' dir='ltr'>ilica</span> <span class='ocrx_word' id='word_1_254' title='bbox 91 3602 170 3678; x_wconf 90' lang='lat' dir='ltr'>beati</span> <span class='ocrx_word' id='word_1_255' title='bbox 194 3613 353 3702; x_wconf 79' lang='lat' dir='ltr'>martyris</span> <span class='ocrx_word' id='word_1_256' title='bbox 378 3611 494 3682; x_wconf 91' lang='lat' dir='ltr'>Sabini</span> <span class='ocrx_word' id='word_1_257' title='bbox 520 3611 679 3702; x_wconf 85' lang='lat' dir='ltr'>Episcopi</span> <span class='ocrx_word' id='word_1_258' title='bbox 710 3611 775 3683; x_wconf 89' lang='lat' dir='ltr'>sita</span> <span class='ocrx_word' id='word_1_259' title='bbox 798 3623 872 3693; x_wconf 89' lang='lat' dir='ltr'>est,</span> <span class='ocrx_word' id='word_1_260' title='bbox 906 3632 941 3681; x_wconf 89' lang='lat' dir='ltr'>in</span> <span class='ocrx_word' id='word_1_261' title='bbox 967 3633 1036 3699; x_wconf 87' lang='lat' dir='ltr'>qua</span> <span class='ocrx_word' id='word_1_262' title='bbox 1070 3609 1225 3696; x_wconf 88' lang='lat' dir='ltr'>ejusdem</span> 
     </span>
     <span class='ocr_line' id='line_1_33' title="bbox 17 3691 1225 3858; baseline 0.022 -115"><span class='ocrx_word' id='word_1_263' title='bbox 17 3691 151 3762; x_wconf 77' lang='lat' dir='ltr'>sociabile</span> <span class='ocrx_word' id='word_1_264' title='bbox 168 3719 292 3790; x_wconf 87' lang='lat' dir='ltr'>corpus</span> <span class='ocrx_word' id='word_1_265' title='bbox 315 3701 472 3791; x_wconf 86' lang='lat' dir='ltr'>quiescit,</span> <span class='ocrx_word' id='word_1_266' title='bbox 495 3699 700 3782; x_wconf 91' lang='lat' dir='ltr'>advenisset,</span> <span class='ocrx_word' id='word_1_267' title='bbox 720 3701 942 3800; x_wconf 86' lang='lat' dir='ltr'>interrogavit</span> <span class='ocrx_word' id='word_1_268' title='bbox 957 3700 1059 3858; x_wconf 41' lang='lat' dir='ltr'>cuius</span> <span class='ocrx_word' id='word_1_269' title='bbox 1081 3697 1140 3768; x_wconf 92' lang='lat' dir='ltr'>illa</span> <span class='ocrx_word' id='word_1_270' title='bbox 1157 3712 1225 3800; x_wconf 85' lang='lat' dir='ltr'>tam</span> 
     </span>
     <span class='ocr_line' id='line_1_34' title="bbox 15 3771 1228 3880; baseline -0.001 -23"><span class='ocrx_word' id='word_1_271' title='bbox 15 3771 89 3876; x_wconf 60' lang='lat' dir='ltr'>lille¹</span> <span class='ocrx_word' id='word_1_272' title='bbox 106 3780 220 3879; x_wconf 72' lang='lat' dir='ltr'>domus</span> <span class='ocrx_word' id='word_1_273' title='bbox 241 3802 342 3860; x_wconf 90' lang='lat' dir='ltr'>esset.</span> <span class='ocrx_word' id='word_1_274' title='bbox 368 3795 656 3880; x_wconf 84' lang='lat' dir='ltr'>Responsumque</span> <span class='ocrx_word' id='word_1_275' title='bbox 671 3801 722 3858; x_wconf 92' lang='lat' dir='ltr'>est</span> <span class='ocrx_word' id='word_1_276' title='bbox 736 3789 766 3859; x_wconf 93' lang='lat' dir='ltr'>ei</span> <span class='ocrx_word' id='word_1_277' title='bbox 791 3811 811 3859; x_wconf 92' lang='lat' dir='ltr'>a</span> <span class='ocrx_word' id='word_1_278' title='bbox 829 3788 910 3859; x_wconf 89' lang='lat' dir='ltr'>viris</span> <span class='ocrx_word' id='word_1_279' title='bbox 930 3787 998 3858; x_wconf 89' lang='lat' dir='ltr'>fide</span> <span class='ocrx_word' id='word_1_280' title='bbox 1016 3788 1105 3864; x_wconf 86' lang='lat' dir='ltr'>ibus,</span> <span class='ocrx_word' id='word_1_281' title='bbox 1131 3788 1228 3858; x_wconf 84' lang='lat' dir='ltr'>Sabi-</span> 
     </span>
     <span class='ocr_line' id='line_1_35' title="bbox 16 3865 1229 3978; baseline 0.01 -47"><span class='ocrx_word' id='word_1_282' title='bbox 16 3871 63 3960; x_wconf 72' lang='lat' dir='ltr'>llu</span> <span class='ocrx_word' id='word_1_283' title='bbox 84 3865 121 3935; x_wconf 89' lang='lat' dir='ltr'>ibi</span> <span class='ocrx_word' id='word_1_284' title='bbox 144 3888 322 3978; x_wconf 69' lang='lat' dir='ltr'>martyrem</span> <span class='ocrx_word' id='word_1_285' title='bbox 350 3879 549 3966; x_wconf 89' lang='lat' dir='ltr'>quiescere,</span> <span class='ocrx_word' id='word_1_286' title='bbox 575 3899 677 3966; x_wconf 92' lang='lat' dir='ltr'>quem</span> <span class='ocrx_word' id='word_1_287' title='bbox 703 3876 886 3948; x_wconf 79' lang='lat' dir='ltr'>Christiani</span> <span class='ocrx_word' id='word_1_288' title='bbox 919 3875 1053 3964; x_wconf 88' lang='lat' dir='ltr'>quoties</span> <span class='ocrx_word' id='word_1_289' title='bbox 1077 3878 1112 3944; x_wconf 89' lang='lat' dir='ltr'>in</span> <span class='ocrx_word' id='word_1_290' title='bbox 1138 3875 1229 3946; x_wconf 90' lang='lat' dir='ltr'>bello</span> 
     </span>
     <span class='ocr_line' id='line_1_36' title="bbox 16 3955 1226 4064; baseline 0.017 -52"><span class='ocrx_word' id='word_1_291' title='bbox 16 3955 203 4054; x_wconf 60' lang='lat' dir='ltr'>¹¹[intraliostes</span> <span class='ocrx_word' id='word_1_292' title='bbox 225 3978 329 4050; x_wconf 90' lang='lat' dir='ltr'>irent,</span> <span class='ocrx_word' id='word_1_293' title='bbox 357 3966 569 4056; x_wconf 86' lang='lat' dir='ltr'>praesidium</span> <span class='ocrx_word' id='word_1_294' title='bbox 596 3966 773 4050; x_wconf 87' lang='lat' dir='ltr'>baberent,</span> <span class='ocrx_word' id='word_1_295' title='bbox 804 3988 843 4036; x_wconf 90' lang='lat' dir='ltr'>ac</span> <span class='ocrx_word' id='word_1_296' title='bbox 867 3985 945 4036; x_wconf 90' lang='lat' dir='ltr'>eum</span> <span class='ocrx_word' id='word_1_297' title='bbox 981 3977 1161 4055; x_wconf 89' lang='lat' dir='ltr'>propterea</span> <span class='ocrx_word' id='word_1_298' title='bbox 1192 3964 1226 4064; x_wconf 85' lang='lat' dir='ltr'>io</span> 
     </span>
     <span class='ocr_line' id='line_1_37' title="bbox 16 4045 1229 4153; baseline 0.004 -38"><span class='ocrx_word' id='word_1_299' title='bbox 16 4045 248 4125; x_wconf 63' lang='lat' dir='ltr'>illumilium</span> <span class='ocrx_word' id='word_1_300' title='bbox 269 4068 440 4127; x_wconf 88' lang='lat' dir='ltr'>vocarent.</span> <span class='ocrx_word' id='word_1_301' title='bbox 467 4054 654 4147; x_wconf 73' lang='lat' dir='ltr'>ariulphus</span> <span class='ocrx_word' id='word_1_302' title='bbox 679 4078 757 4127; x_wconf 89' lang='lat' dir='ltr'>vero</span> <span class='ocrx_word' id='word_1_303' title='bbox 773 4077 852 4126; x_wconf 89' lang='lat' dir='ltr'>cum</span> <span class='ocrx_word' id='word_1_304' title='bbox 868 4053 982 4124; x_wconf 91' lang='lat' dir='ltr'>adbuc</span> <span class='ocrx_word' id='word_1_305' title='bbox 1006 4065 1094 4125; x_wconf 91' lang='lat' dir='ltr'>esset</span> <span class='ocrx_word' id='word_1_306' title='bbox 1118 4063 1229 4153; x_wconf 84' lang='lat' dir='ltr'>genti·</span> 
     </span>
    </p>
   </div>
   <div class='ocr_carea' id='block_1_7' title="bbox 16 4106 1228 4392">
    <p class='ocr_par' dir='ltr' id='par_1_8' title="bbox 16 4106 1228 4392">
     <span class='ocr_line' id='line_1_38' title="bbox 16 4106 1227 4259; baseline 0 -49"><span class='ocrx_word' id='word_1_307' title='bbox 16 4106 100 4259; x_wconf 47' lang='lat' dir='ltr'>[ledia</span> <span class='ocrx_word' id='word_1_308' title='bbox 119 4144 299 4230; x_wconf 86' lang='lat' dir='ltr'>respondit:</span> <span class='ocrx_word' id='word_1_309' title='bbox 327 4149 405 4214; x_wconf 82' lang='lat' dir='ltr'>«ut</span> <span class='ocrx_word' id='word_1_310' title='bbox 430 4155 539 4235; x_wconf 90' lang='lat' dir='ltr'>potest</span> <span class='ocrx_word' id='word_1_311' title='bbox 573 4144 646 4216; x_wconf 86' lang='lat' dir='ltr'>sieri</span> <span class='ocrx_word' id='word_1_312' title='bbox 685 4156 724 4215; x_wconf 92' lang='lat' dir='ltr'>ut</span> <span class='ocrx_word' id='word_1_313' title='bbox 757 4144 860 4214; x_wconf 92' lang='lat' dir='ltr'>bomo</span> <span class='ocrx_word' id='word_1_314' title='bbox 898 4157 1055 4244; x_wconf 83' lang='lat' dir='ltr'>mortuus</span> <span class='ocrx_word' id='word_1_315' title='bbox 1087 4139 1227 4229; x_wconf 79' lang='lat' dir='ltr'>aliquod</span> 
     </span>
     <span class='ocr_line' id='line_1_39' title="bbox 32 4217 1228 4392; baseline -0.002 -91"><span class='ocrx_word' id='word_1_316' title='bbox 32 4217 155 4294; x_wconf 56' lang='lat' dir='ltr'>lilibus</span> <span class='ocrx_word' id='word_1_317' title='bbox 177 4233 338 4303; x_wconf 83' lang='lat' dir='ltr'>auxilium</span> <span class='ocrx_word' id='word_1_318' title='bbox 363 4236 569 4392; x_wconf 57' lang='lat' dir='ltr'>praestetis</span> <span class='ocrx_word' id='word_1_319' title='bbox 593 4234 657 4317; x_wconf 81' lang='lat' dir='ltr'>Qui</span> <span class='ocrx_word' id='word_1_320' title='bbox 683 4255 762 4304; x_wconf 90' lang='lat' dir='ltr'>cum</span> <span class='ocrx_word' id='word_1_321' title='bbox 788 4232 852 4303; x_wconf 92' lang='lat' dir='ltr'>boc</span> <span class='ocrx_word' id='word_1_322' title='bbox 877 4231 1032 4311; x_wconf 80' lang='lat' dir='ltr'>dixisset,</span> <span class='ocrx_word' id='word_1_323' title='bbox 1059 4251 1146 4318; x_wconf 88' lang='lat' dir='ltr'>equo</span> <span class='ocrx_word' id='word_1_324' title='bbox 1171 4229 1228 4300; x_wconf 93' lang='lat' dir='ltr'>de-</span> 
     </span>
     <span class='ocr_line' id='line_1_40' title="bbox 377 4345 386 4392; baseline 0 0"><span class='ocrx_word' id='word_1_325' title='bbox 377 4345 386 4392; x_wconf 92' lang='lat' dir='ltr'>i</span> 
     </span>
    </p>
   </div>
   <div class='ocr_carea' id='block_1_8' title="bbox 17 4285 1229 4440">
    <p class='ocr_par' dir='ltr' id='par_1_9' title="bbox 17 4285 1229 4440">
     <span class='ocr_line' id='line_1_41' title="bbox 17 4285 1229 4440; baseline -0.021 -28"><span class='ocrx_word' id='word_1_326' title='bbox 17 4285 113 4440; x_wconf 26' lang='lat' dir='ltr'>Simul.</span> <span class='ocrx_word' id='word_1_327' title='bbox 126 4319 266 4393; x_wconf 61' lang='lat' dir='ltr'>e‘¹¹¹¹de</span> <span class='ocrx_word' id='word_1_328' title='bbox 284 4323 359 4395; x_wconf 80' lang='lat' dir='ltr'>bosi</span> <span class='ocrx_word' id='word_1_329' title='bbox 388 4343 463 4393; x_wconf 89' lang='lat' dir='ltr'>cam</span> <span class='ocrx_word' id='word_1_330' title='bbox 478 4335 725 4412; x_wconf 90' lang='lat' dir='ltr'>conspecturus</span> <span class='ocrx_word' id='word_1_331' title='bbox 750 4321 900 4392; x_wconf 85' lang='lat' dir='ltr'>intravit.</span> <span class='ocrx_word' id='word_1_332' title='bbox 915 4325 1021 4398; x_wconf 79' lang='lat' dir='ltr'>Tunc,</span> <span class='ocrx_word' id='word_1_333' title='bbox 1038 4317 1116 4388; x_wconf 89' lang='lat' dir='ltr'>aliis</span> <span class='ocrx_word' id='word_1_334' title='bbox 1128 4341 1229 4390; x_wconf 88' lang='lat' dir='ltr'>oran-</span> 
     </span>
    </p>
   </div>
   <div class='ocr_carea' id='block_1_9' title="bbox 17 4381 1226 4503">
    <p class='ocr_par' dir='ltr' id='par_1_10' title="bbox 17 4381 1226 4503">
     <span class='ocr_line' id='line_1_42' title="bbox 17 4381 1226 4503; baseline 0.001 -25"><span class='ocrx_word' id='word_1_335' title='bbox 17 4381 31 4434; x_wconf 53' lang='grc' dir='ltr'><strong>Η</strong></span> <span class='ocrx_word' id='word_1_336' title='bbox 52 4399 89 4462; x_wconf 79' lang='lat' dir='ltr'>us,</span> <span class='ocrx_word' id='word_1_337' title='bbox 108 4417 167 4485; x_wconf 69' lang='lat' dir='ltr'>lise</span> <span class='ocrx_word' id='word_1_338' title='bbox 194 4411 341 4498; x_wconf 90' lang='lat' dir='ltr'>picturas</span> <span class='ocrx_word' id='word_1_339' title='bbox 376 4410 531 4503; x_wconf 88' lang='lat' dir='ltr'>ejusdem</span> <span class='ocrx_word' id='word_1_340' title='bbox 557 4410 719 4486; x_wconf 80' lang='lat' dir='ltr'>basilicae</span> <span class='ocrx_word' id='word_1_341' title='bbox 751 4410 868 4480; x_wconf 89' lang='lat' dir='ltr'>mirari</span> <span class='ocrx_word' id='word_1_342' title='bbox 893 4408 1015 4497; x_wconf 88' lang='lat' dir='ltr'>coepit.</span> <span class='ocrx_word' id='word_1_343' title='bbox 1047 4407 1113 4490; x_wconf 84' lang='lat' dir='ltr'>Qui</span> <span class='ocrx_word' id='word_1_344' title='bbox 1146 4428 1226 4479; x_wconf 89' lang='lat' dir='ltr'>cum</span> 
     </span>
    </p>
   </div>
   <div class='ocr_carea' id='block_1_10' title="bbox 0 0 1470 4812">
    <p class='ocr_par' dir='ltr' id='par_1_11' title="bbox 0 0 1470 4812">
     <span class='ocr_line' id='line_1_43' title="bbox 0 0 1470 4812; baseline 0 0"><span class='ocrx_word' id='word_1_345' title='bbox 0 0 1470 4812; x_wconf 95' lang='lat' dir='ltr'> </span> 
     </span>
    </p>
   </div>
  </div>
 </body>
</html>
