2920 4810
4 266 73 330 ltlt.
98 266 132 330 3l
414 286 453 332 nn
478 285 505 332 s.
533 285 657 363 nepam
681 285 808 333 nonina
1136 267 1201 334 629

2 370 223 452 abstinentiae;
249 383 281 439 ct
310 381 378 439 toto
410 370 549 458 quidem
582 371 637 440 die
672 393 835 462 generosa
864 370 989 440 mulier
1023 371 1247 460 permanebat

5 461 109 546 'ejnna
137 460 208 530 Sole
232 472 346 530 autem
366 460 438 549 jam
464 460 662 540 occidente,
691 482 811 550 parum
847 461 915 530 cibi
947 460 1125 541 sumebat,
1154 461 1247 551 ejus-

8 571 51 634 rne
75 548 171 618 duri:
203 571 454 636 nonnunquam
485 573 560 620 vero
587 549 721 620 modico
747 549 812 619 olei
841 549 1022 621 condiebat
1047 549 1244 622 obsonium.

2 640 66 706 tino
84 651 194 708 autem
220 661 287 708 non
312 639 472 709 utebatur
495 639 647 720 omnine,
675 639 732 708 sed
750 639 923 728 accipiens
942 663 982 710 ex
1006 639 1107 710 melle
1131 639 1247 710 conle-

1 741 71 796 tam
96 730 277 817 potionem,
296 750 401 815 quam
419 728 528 822 solent
551 728 724 818 appellare
749 729 943 812 eonditum,
967 729 1015 801 sic
1044 730 1177 801 levabat
1201 729 1247 800 si-

0 819 56 884 im.
83 823 226 908 Tempus
251 840 339 898 vero,
367 817 458 904 quod
476 816 593 887 multis
610 840 711 909 saepe
734 819 895 890 obtundit
917 832 949 889 et
973 820 1122 890 retardat
1138 821 1247 910 impe-

9 929 69 987 nrn,
86 908 115 976 ei
131 907 226 977 illum
243 907 405 977 reddebat
417 907 593 977 acriorem.
611 913 649 977 Et
664 908 774 998 primo
787 908 926 997 quidem
941 909 1094 980 seeundo
1111 929 1248 998 quoque

18 996 42 1063 ic
59 996 168 1066 cibum
193 997 362 1078 sumebat,
388 995 511 1066 deinde
535 1009 648 1067 autern
675 997 771 1068 tertio
788 1019 925 1084 quoque
952 997 1018 1081 die,
1049 999 1172 1070 deinde
1197 1019 1248 1068 se-

6 1085 258 1174 timoquoque:
285 1087 370 1156 adeo
394 1099 432 1156 ut
455 1086 558 1155 semel
577 1099 710 1157 tantum
737 1087 770 1156 in
801 1087 1017 1157 hebdomada
1040 1088 1116 1158 cibo
1137 1109 1248 1156 vesce·
1298 1104 1300 1110 ’

7 1185 88 1256 etur,
112 1198 218 1264 eoque
241 1177 405 1264 castigato
428 1189 460 1246 ct
486 1188 681 1265 temperato.
707 1189 739 1246 et
762 1176 822 1264 qui
847 1177 1093 1248 nihilomnino
1111 1177 1250 1247 haberet

0 1285 34 1331 is
51 1265 96 1344 iis,
113 1288 201 1354 quae
221 1279 365 1355 possunt
381 1265 513 1335 adferre
526 1264 745 1354 voluptatem.
763 1266 864 1337 Panis
879 1266 971 1336 enim
990 1267 1111 1346 durus,
1129 1267 1249 1337 breves

1 1355 147 1438 quaedam
166 1367 263 1426 crant
276 1355 351 1443 ejus
368 1376 505 1424 mensae
524 1354 678 1436 deliciae,
700 1355 785 1425 adeo
801 1368 839 1424 ut
855 1377 894 1426 ea
906 1355 1042 1444 jejunio
1059 1356 1144 1425 nihil
1161 1367 1249 1426 esset

1 1443 99 1514 rninus
121 1445 303 1515 laboriosa.
331 1445 505 1516 Scribebat
528 1456 641 1516 autem
660 1467 824 1534 generosa
842 1443 900 1514 illa
917 1443 1066 1515 foemina
1086 1445 1171 1516 adeo
1195 1467 1250 1514 oe·

1 1530 97 1602 leriter
118 1547 150 1605 et
178 1535 296 1625 pulcre
319 1546 351 1604 et
374 1535 459 1604 eitra
482 1555 655 1613 errorem,
682 1547 719 1604 ut
744 1534 875 1604 nullam
903 1556 1057 1619 unquam
1077 1533 1173 1606 daret
1197 1556 1249 1604 re-

1 1623 217 1707 prehendendi
235 1646 355 1694 ansam
380 1624 434 1705 iis,
453 1625 512 1711 qui
534 1636 614 1694 sunt
633 1623 738 1713 hujus
756 1623 804 1692 rei
823 1623 932 1714 periti.
956 1628 994 1693 Et
1013 1625 1048 1692 in
1068 1624 1251 1695 scribendo

8 1711 121 1795 tuidem
146 1714 332 1798 maximam
354 1712 422 1782 diei
452 1725 579 1803 partem
601 1712 837 1784 consumebat.
865 1712 1000 1782 Defessa
1026 1734 1104 1782 vero
1129 1735 1247 1794 manu,

9 1801 77 1869 iculi
91 1801 228 1890 quidem
246 1802 397 1892 plurima
417 1803 544 1894 scripta
564 1803 829 1890 percurrebant;
847 1802 997 1891 plurima
1014 1815 1126 1874 autem
1147 1804 1252 1872 menti

4 1889 185 1974 tradebant,
213 1903 251 1961 ut
276 1891 453 1964 mandaret
473 1892 668 1962 memoriae.
692 1897 794 1964 Porro
822 1913 899 1962 vero
920 1891 961 1962 iis
985 1892 1058 1982 jam
1083 1891 1250 1972 defessis,

4 2000 85 2049 aures
101 1983 140 2052 iis
157 1981 361 2063 serviebant,
381 2003 468 2068 quae
487 1983 655 2072 pertinent
671 1982 713 2052 ad
730 1982 925 2062 utilitatem,
949 1992 981 2050 et
998 1981 1154 2051 animum
1174 2003 1252 2052 san-

2 2079 116 2142 ctornm
144 2072 298 2142 virorum
325 2070 510 2142 adhibebat
536 2071 764 2142 sermonibus.
793 2077 926 2141 Praeter
943 2071 1027 2141 haec
1044 2083 1157 2141 autem
1185 2093 1250 2140 non

6 2179 124 2240 parram
147 2182 287 2249 quoque
308 2173 435 2250 partem
465 2160 636 2230 tribuebat
657 2161 813 2231 orationi.
841 2166 923 2230 Nam
945 2171 1012 2232 tota
1031 2160 1169 2248 quidem
1188 2181 1254 2230 nox

8 2245 63 2314 lare
82 2249 166 2320 inea
191 2249 482 2332 consumebatur,
509 2249 646 2320 duabus
670 2250 782 2320 solum
802 2251 896 2321 horis
925 2273 1044 2320 somno
1073 2250 1116 2320 ab
1141 2271 1180 2320 ea
1204 2261 1254 2318 at-

10 2335 132 2410 tributis.
154 2339 341 2412 Aecubitus
360 2351 474 2410 autem
502 2353 595 2420 crat,
623 2361 744 2410 saccus
768 2361 872 2429 super
895 2340 1029 2410 nudum
1058 2338 1168 2440 solum
1197 2361 1254 2430 po·

9 2423 88 2496 situs.
113 2430 250 2500 [licebat
273 2429 388 2498 enim:
416 2451 434 2495 «
451 2433 588 2588 Opprtct
605 2451 740 2518 semper
764 2429 915 2520 vigilare,
938 2451 1017 2499 cum
1045 2449 1252 2509 nesciamus,

9 2526 37 2581 nt
52 2536 103 2586 ror
117 2533 167 2588 est
184 2518 373 2600 Dominica,
392 2541 461 2606 qua
506 2541 564 2588 ora
584 2518 639 2588 lnr
655 2519 776 2588 veniat.
792 2541 810 2584 r>
825 2523 1003 2609 Propterea
1018 2541 1038 2588 a
1055 2541 1102 2598 sc,
1120 2531 1151 2588 et
1168 2539 1256 2605 quae

8 2623 104 2700 secum
121 2621 218 2678 erant
239 2609 398 2698 virgines,
428 2609 477 2677 sic
497 2607 641 2678 iaciebat
667 2608 831 2678 adversus
852 2631 1011 2679 somnum
1037 2607 1253 2679 contendere.

8 2691 65 2762 sni
81 2709 190 2768 autem
214 2697 306 2787 leges
327 2697 535 2787 imponebat,
561 2711 593 2767 et
617 2719 637 2766 a
657 2721 692 2768 sc
718 2698 882 2767 rationem
907 2699 1083 2787 exigebat;
1102 2711 1134 2768 et
1150 2699 1257 2768 otiosa

7 2785 108 2866 oratio,
126 2799 157 2856 et
175 2809 287 2858 mores
309 2807 375 2856 non
397 2789 479 2858 satis
497 2809 629 2876 graves,
655 2800 687 2857 ct
704 2787 795 2856 risus
813 2787 916 2856 nimis
936 2787 1109 2875 profusus,
1128 2801 1160 2856 et
1175 2788 1256 2854 sini·

7 2885 63 2940 stra
81 2876 237 2966 cogitatio
257 2877 398 2945 omnino
413 2877 666 2965 castigandum
689 2889 721 2945 et
738 2899 804 2946 non
825 2877 959 2946 sinebat
973 2877 1115 2946 ornnino
1132 2876 1255 2946 malam

8 2959 139 3050 aliquam
161 2969 287 3036 nubem
315 2965 486 3038 aetherem
504 2965 640 3036 animae
656 2966 924 3036 subtercurrere.

43 3053 57 3134 l
78 3057 149 3126 19.
176 3059 282 3142 tique
309 3053 366 3124 illa
383 3055 521 3142 quidem
542 3068 607 3124 tam
633 3069 732 3125 caute
750 3069 783 3126 et
810 3067 877 3124 tam
903 3054 1035 3126 duriter
1055 3054 1156 3126 vitam
1182 3077 1259 3144 age·

10 3137 65 3220 bat,
88 3155 117 3210 et
132 3143 209 3213 aliis
227 3157 300 3214 erat
318 3147 445 3234 regula,
465 3158 503 3216 ut
522 3167 596 3216 cam
619 3145 707 3215 viam
735 3143 1006 3234 ingrederentur.
1034 3144 1177 3214 Perinde
1197 3167 1259 3214 au-

10 3239 75 3306 tem,
95 3255 133 3300 ac
153 3235 181 3304 si
198 3235 230 3304 ei
247 3233 290 3302 ad
304 3234 476 3322 jejunium
501 3257 568 3304 non
587 3234 758 3304 sullrceret
783 3234 932 3324 spatium
956 3247 1084 3324 septem
1110 3234 1257 3313 dierum,

11 3315 175 3414 atljiciebat
192 3323 295 3394 etiam
322 3324 551 3406 Dominicum,
578 3337 617 3394 ut
640 3324 809 3413 jejunaret
832 3335 907 3394 octo
931 3323 1004 3393 dies
1029 3323 1094 3394 sibi
1114 3324 1182 3392 vim
1201 3322 1260 3392 ad·

12 3406 128 3486 lereos,
155 3411 289 3482 'etiamsi
314 3435 333 3482 a
358 3412 528 3484 Praefecta
554 3413 653 3484 vetita
684 3413 728 3483 sit
752 3415 816 3484 lroc
847 3413 980 3486 lacere:
1007 3435 1096 3500 qnae
1126 3413 1259 3482 dicebat

12 3517 71 3564 csse
93 3499 294 3582 absurdum,
317 3501 406 3572 diem
425 3503 696 3583 resurrectionis,
717 3503 875 3574 similiter
889 3516 990 3593 atque
1007 3503 1103 3584 alios,
1120 3502 1262 3574 attribui

14 3583 180 3660 alllictioni.
213 3589 308 3660 Unde
335 3593 436 3662 etiam
465 3591 584 3664 dicens
614 3594 783 3682 persuasit
806 3605 838 3664 et
861 3593 993 3676 elleeit,
1016 3605 1054 3662 ut
1082 3604 1170 3662 essct
1193 3591 1261 3662 cibi

15 3677 164 3768 particeps
189 3693 222 3750 et
247 3679 373 3752 modici
397 3680 485 3762 olei,
513 3681 639 3756 docens
662 3705 736 3752 esse
767 3696 985 3773 praeceptum
1014 3681 1259 3772 Apostolicurn

18 3763 173 3857 lfrrrrrscctt's
197 3769 327 3840 obedire
344 3781 375 3840 et
399 3773 446 3840 eir
462 3771 587 3840 cedere.
614 3775 696 3857 ojus
720 3787 833 3844 autem
859 3773 893 3840 in
915 3772 1092 3842 laboribus
1116 3771 1264 3861 diligen-

17 3859 93 3935 tiam,
118 3871 148 3928 et
168 3881 185 3928 a
208 3859 281 3930 suis
309 3858 486 3933 laboribus
510 3860 666 3931 lectionis
692 3861 924 3932 vehementem
949 3861 1214 3941 contentionem,
1234 3872 1266 3928 et

17 3959 114 4038 torum
134 3969 220 4035 quae
239 3947 327 4018 lecta
349 3949 495 4032 fuerant,
523 3973 634 4022 acrem
663 3952 979 4040 perscrutationem,
1006 3963 1039 4022 et
1067 3949 1174 4020 multa
1198 3949 1266 4018 alia

18 4045 154 4131 trutanam
179 4039 262 4108 satis
279 4039 390 4110 verbis
415 4041 563 4128 potuerit
587 4041 802 4130 exprimere?
826 4045 909 4112 llam
930 4039 1094 4110 manibus
1109 4037 1263 4194 «pidem,

21 4127 50 4213 ut
65 4119 182 4195 dictum
207 4139 269 4208 est,
288 4127 332 4196 ad
349 4129 592 4200 scribendum:
619 4130 710 4217 quod
728 4153 767 4201 er
791 4131 963 4220 scriptura
987 4141 1101 4200 autem
1139 4125 1266 4196 uorila-

21 4207 121 4300 creba,
142 4237 179 4284 eo
196 4215 356 4286 utebatur
371 4217 412 4288 ad
428 4217 570 4291 alendos
590 4241 770 4309 pauperes.
797 4221 992 4302 Quinetiam
1012 4238 1113 4306 saepe
1131 4236 1268 4306 quoque

22 4295 251 4386 indumentum,
274 4305 347 4378 suis
371 4309 531 4378 manibus
548 4309 752 4390 conlectum,
781 4309 930 4399 ponebat
945 4309 980 4378 in
1004 4305 1165 4376 manibus
1182 4324 1266 4395 pau·

24 4402 147 4472 lerum,
168 4415 206 4464 er
236 4417 357 4478 sacro,
387 4408 423 4469 ut
452 4397 563 4486 ajunt,
590 4399 845 4487 qarodammodo
877 4400 910 4468 in
942 4420 1050 4466 sacro.
1086 4401 1267 4466 Sacrorum
