3046 4838
273 303 313 364 36
637 319 676 365 nn
700 319 727 366 s.
751 317 854 366 nmmo
878 320 927 366 nr.
953 317 1085 366 norton.
1357 296 1440 361 buu,
1467 299 1474 358 l

227 411 380 489 Cumque
404 403 674 488 circumquaque
691 425 771 472 rura
795 403 965 482 lustraret,
983 401 1206 472 inenarrabili
1231 399 1414 471 subtilitate
1430 399 1481 468 de·

228 493 319 562 sides
336 490 558 560 barbarorum
578 492 725 572 animos,
747 504 780 561 et
803 492 919 562 minus
943 491 985 560 de
1010 513 1045 562 se
1069 489 1245 572 sollicitos,
1272 488 1385 559 solerti
1410 510 1482 557 sane

227 581 340 652 studio
357 579 468 648 verbis
492 579 630 648 blandis
654 580 827 649 nitebatur
850 580 1039 662 stimulare,
1063 591 1165 666 atquc
1187 578 1229 648 ad
1260 599 1408 647 amorem
1433 600 1482 647 su·

227 691 353 758 pernae
384 670 512 758 patriae
536 668 734 748 accendere,
768 669 970 759 praedicans
994 667 1127 739 infestis
1159 689 1291 758 pacem,
1322 666 1482 736 ferocibus

228 759 427 828 lenitatem:
454 757 581 826 docens
615 779 673 827 eos
710 759 837 848 pariter
860 757 984 829 debere
1014 757 1056 826 ad
1088 756 1267 826 ecclesiam
1295 756 1480 834 convenire,

228 846 433 916 monasteria
457 859 667 926 construere,
687 861 788 934 atque
808 847 842 915 in
862 847 961 917 bonis
981 847 1116 917 actibus
1134 850 1199 915 Deo
1216 843 1334 914 sedule
1354 845 1481 914 servire.

225 936 271 1004 ad
296 957 383 1022 quas
407 935 481 1022 ejus
505 935 760 1006 adhortationes
784 937 829 1005 ite
855 936 1010 1026 plerique
1035 935 1170 1005 barbari
1193 933 1313 1002 mutati
1338 945 1428 1015 sunt,
1451 947 1483 1002 ut

226 1024 339 1095 subito
359 1025 392 1092 in
410 1023 507 1093 arido
522 1035 554 1092 et
571 1024 738 1110 squalenti
756 1046 839 1115 agro
855 1025 1028 1094 videretur
1043 1021 1213 1094 foecunda
1230 1043 1327 1113 seges
1344 1035 1376 1092 et
1392 1025 1483 1092 uber·

226 1114 313 1182 rima
336 1114 457 1181 messis
479 1113 632 1181 existere.
651 1113 788 1183 Videres
808 1114 1004 1204 complures
1020 1113 1062 1182 ad
1081 1112 1323 1203 poenitentiam
1340 1133 1480 1189 currere,

225 1223 307 1303 opes
333 1202 544 1291 pauperibus
559 1201 709 1292 elargiri,
733 1202 887 1272 libertate
903 1201 1069 1272 familiam
1096 1201 1235 1280 donare,
1254 1199 1391 1286 aliaque
1417 1200 1483 1290 plu-

227 1313 312 1360 rima
338 1290 505 1359 bonorum
531 1313 673 1380 operum
701 1291 813 1361 studia
839 1292 1018 1360 sectari.0
1044 1312 1146 1378 quam
1176 1289 1287 1370 multi,
1315 1289 1415 1380 Eligii
1439 1289 1484 1356 in-

225 1379 358 1452 dustria
382 1379 558 1448 aberrare
582 1380 782 1469 gentilitatis
803 1381 950 1460 retracti,
968 1380 1092 1450 Christi
1114 1377 1300 1448 venerabili
1317 1377 1482 1467 conjuncti

226 1479 307 1538 sunt
331 1469 449 1558 gregi!
476 1473 583 1550 Onam
611 1469 734 1550 multi,
761 1470 836 1558 ejus
864 1469 1020 1559 exempla
1048 1468 1180 1548 secuti,
1214 1489 1334 1537 omnes
1375 1466 1483 1534 mundi

226 1556 404 1626 illecebras
430 1569 647 1646 respuenteS‚
678 1557 811 1627 beatam
843 1559 1090 1627 monachorum
1117 1557 1218 1626 vitam
1245 1555 1360 1645 adepti
1388 1559 1482 1624 sunt!

226 1651 333 1728 Quam
360 1645 488 1736 multae
514 1645 658 1735 puellae,
677 1669 716 1717 eo
734 1646 909 1727 suadente,
936 1646 1092 1716 carnales
1118 1645 1256 1734 nuptias
1277 1655 1483 1732 spreverunt,

226 1747 263 1802 ut
286 1734 321 1801 in
349 1735 467 1817 matris
492 1733 660 1803 Ecclesiae
680 1737 849 1826 gremium
876 1749 1041 1824 receptae,
1064 1735 1186 1804 Christi
1204 1733 1329 1823 dignae
1347 1753 1485 1824 sponsae

228 1823 456 1892 hahe'renturl
483 1828 591 1905 Quam
612 1825 790 1912 copiosum
816 1824 916 1892 etiam
935 1845 1058 1914 agmen
1076 1825 1256 1909 utriusque
1272 1844 1388 1903 sexus,
1404 1821 1483 1910 quud

226 1925 293 1980 toto
310 1933 401 1980 anno
418 1913 594 1999 acquirere
612 1925 752 2002 poterat,
773 1913 874 1982 annis
891 1912 1039 2003 singulis
1056 1913 1090 1980 in
1109 1911 1263 1981 Paschali
1278 1910 1484 1980 solemnitate

228 2001 388 2071 manibus
407 2001 554 2090 propriis
570 2001 759 2090 baptizans,
777 2023 874 2071 sacro
889 2001 980 2071 sonte
996 2000 1168 2071 abluebat!
1185 1999 1391 2070 Extrahebat
1403 2001 1485 2070 enim

228 2112 293 2159 non
320 2091 438 2158 minus
466 2091 626 2172 suaviter,
653 2113 755 2177 quam
790 2089 943 2170 utiliter,
973 2112 990 2158 e
1014 2089 1174 2159 faucibus
1193 2089 1325 2157 inimici
1354 2089 1444 2158 viros
1461 2100 1486 2156 et

227 2179 401 2258 mulieres
421 2201 518 2248 senes
535 2201 613 2249 cum
635 2179 847 2268 junioribus,
871 2179 1092 2264 salubriaque
1119 2179 1245 2248 monita
1269 2177 1412 2248 assidue
1428 2191 1487 2246 tra-

224 2267 320 2343 dens.
345 2269 545 2336 innumeros
570 2266 612 2336 ad
640 2267 728 2337 viam
750 2267 872 2337 salutis
901 2267 1111 2337 traducebat.
1133 2266 1270 2335 Videres
1292 2265 1486 2355 plerumque
1510 2319 1511 2334 2

226 2357 314 2425 inter
335 2355 461 2424 multas
487 2355 669 2425 infantium
689 2357 818 2436 turbas,
841 2379 929 2426 anus
945 2357 1116 2445 decrepita
1135 2355 1231 2425 valde
1250 2367 1372 2438 aetate,
1392 2377 1487 2424 mem·
1510 2363 1511 2397 i

225 2445 297 2514 hris
321 2445 484 2514 cuntibus
502 2458 695 2526 trementes,
718 2467 804 2515 cano
817 2445 888 2533 jam
913 2445 1036 2534 capite,
1066 2457 1186 2534 rugata
1210 2443 1335 2524 lronte;
1363 2467 1485 2514 necnon

225 2534 315 2602 viros
340 2555 447 2619 aeque
472 2533 694 2622 grandaevos
714 2534 780 2604 sub
795 2536 869 2625 ejus
891 2535 1053 2604 manibus
1070 2533 1103 2602 in
1121 2553 1218 2602 sacro
1238 2532 1329 2602 sonte
1347 2531 1485 2605 renasci.

224 2635 256 2692 ct
276 2621 390 2690 subito
405 2621 493 2691 albis
511 2622 659 2702 indutos,
679 2623 934 2710 quodammodo
952 2623 1119 2692 renovari.
1139 2621 1274 2691 Videres
1289 2623 1394 2690 etiam
1413 2643 1487 2692 non·
1509 2659 1510 2712 p

226 2710 340 2778 nullos
365 2709 405 2778 ad
441 2710 530 2799 piam
557 2711 804 2782 confessionem
831 2725 1097 2791 concurrenteS,
1124 2723 1157 2780 et
1189 2710 1323 2800 sagittis
1362 2709 1487 2780 inimici
1509 2715 1510 2747 l

224 2799 371 2877 saucios,
399 2797 445 2866 ita
469 2799 512 2866 ab
537 2797 657 2888 Eligio‚
681 2800 784 2870 veluti
804 2801 983 2890 aptissimo
1006 2799 1149 2880 medico,
1179 2799 1290 2868 redire
1314 2821 1432 2882 sanoS,
1458 2811 1488 2868 nt

225 2884 322 2954 nulla
345 2887 415 2973 jam
436 2887 469 2954 in
487 2887 536 2956 eis
561 2888 701 2956 vulnera
726 2904 952 2971 remanerent,
974 2888 1138 2976 nullaque
1158 2887 1282 2976 prioris
1298 2888 1424 2977 cnlpae
1439 2909 1489 2956 eos

223 2974 402 3044 delectatio
416 2975 647 3045 comitaretur.
669 2977 730 3046 Sed
749 2978 831 3063 quid
854 2978 985 3047 diutius
1002 2977 1189 3046 immoror?
1207 2975 1385 3046 Manifesta
1409 2978 1438 3046 ei
1462 2987 1488 3044 et
1508 3021 1509 3066 3

224 3062 398 3133 evidenter
414 3065 531 3133 aderat
546 3063 661 3134 divina
678 3067 799 3156 gratia,
822 3089 890 3154 qua
906 3068 1107 3135 innumeros
1131 3065 1171 3134 ad
1191 3065 1418 3136 imitationem
1441 3064 1488 3134 sui
1508 3075 1509 3095 ²

223 3153 429 3244 provocavit.
458 3158 560 3222 Porro
584 3153 848 3244 resplendebant
872 3157 907 3223 in
932 3177 971 3224 eo
997 3155 1138 3225 virtutes
1157 3153 1313 3235 eximiae,
1328 3155 1488 3224 modestia

222 3263 303 3311 cum
323 3242 538 3322 verecundia,
559 3243 728 3333 sapientia
747 3267 826 3313 cum
846 3244 1078 3334 simplicitate,
1107 3243 1267 3313 severitas
1291 3265 1371 3312 cum
1400 3265 1508 3324 man·¹

223 3330 419 3412 suetudine,
439 3331 593 3401 doctrina
614 3355 695 3402 cum
722 3333 925 3412 humilitate,
953 3332 1133 3402 humilitas
1156 3353 1236 3400 cum
1262 3331 1389 3421 rigore.
1412 3337 1508 3432 Curnq

222 3434 311 3491 essct
334 3435 447 3490 autem
473 3419 550 3488 aliis
576 3421 782 3502 misericors,
810 3422 873 3490 sibi
901 3421 967 3511 ipsi
994 3433 1066 3490 erat
1090 3421 1324 3490 durissimus:
1351 3421 1508 3490 caeteris*

223 3511 411 3588 humanus,
432 3509 498 3578 sibi
522 3509 725 3579 abstinendo
750 3532 900 3580 severus:
919 3511 1083 3580 omnibus
1103 3509 1231 3598 largus,
1251 3509 1315 3578 sibi
1335 3510 1400 3579 soli
1418 3531 1489 3600 par-

222 3621 296 3666 cns.
316 3603 407 3666 lntcr
423 3598 498 3686 ejus
518 3598 700 3685 colloquia,
719 3621 816 3669 sacra
837 3621 972 3689 semper
996 3598 1203 3668 resonabant
1220 3599 1334 3668 verba:
1352 3597 1395 3666 de
1414 3619 1488 3688 pace

224 3686 412 3768 sollicitus,
443 3686 485 3754 de
518 3688 628 3757 salute
656 3689 786 3777 patriae
816 3689 986 3767 curiosus,
1014 3687 1070 3758 die
1100 3699 1270 3773 noctuque
1295 3708 1356 3776 pro
1380 3689 1489 3774 quiete

224 3774 466 3856 Ecclesiarum
494 3797 581 3862 quac
610 3776 738 3864 ubique
762 3789 853 3857 sunt,
876 3799 915 3846 ac
945 3797 1005 3866 pro
1032 3797 1113 3866 pace
1138 3775 1336 3865 principum
1357 3775 1507 3866 suppli·'

223 3865 334 3932 cahat.
359 3865 508 3951 Denique
523 3887 602 3933 cum
620 3864 785 3935 vocabulo
803 3864 910 3944 illius,
928 3879 960 3934 et
978 3865 1085 3936 virtus
1102 3865 1222 3946 animi,
1241 3877 1274 3946 ct
1292 3864 1487 3936 coelestium

224 3952 415 4040 gratiarum
441 3953 694 4044 magnificentia
720 3955 960 4024 concordabat.

267 4043 285 4126 ἓ
310 4044 357 4110 9.
384 4042 467 4122 Quis
493 4065 568 4111 vcro
588 4041 837 4112 abundantiam
862 4058 895 4128 et
918 4043 1052 4132 copiam
1073 4042 1216 4134 rigantis
1240 4043 1383 4132 ingenii.
1408 4041 1489 4110 alia·

222 4151 288 4215 que
312 4130 386 4219 ejus
409 4130 499 4198 bona
518 4130 687 4221 explicare
702 4135 826 4218 queatl
850 4138 956 4214 Quam
976 4131 1127 4200 fueritin
1150 4130 1270 4200 timore
1296 4133 1351 4200 Dei
1369 4129 1489 4200 lunda-

224 4231 291 4296 tus,
319 4219 352 4285 in
375 4217 575 4288 disserendo
600 4220 776 4310 providus,
796 4220 941 4290 consilio
966 4219 1171 4310 profundus,
1197 4221 1232 4287 in
1257 4219 1360 4290 rebus
1383 4217 1486 4290 seculi

223 4306 292 4374 sire
326 4305 473 4395 politicis
506 4307 691 4393 eloquens,
726 4310 760 4377 in
793 4309 916 4378 virtute
945 4308 1151 4378 humilitatis
1183 4308 1368 4386 mirabilis,
1398 4321 1488 4377 astu-

224 4406 279 4464 tus
298 4395 397 4483 j'uxta
422 4395 636 4485 prophetam,
669 4409 702 4466 et
722 4397 891 4486 prudens,
926 4396 1106 4467 columbae
1135 4397 1387 4487 simplicitatem
1423 4416 1487 4464 non
