2932 4812
14 285 71 350 tart.
97 287 139 350 29
305 305 343 348 ne
368 303 395 348 s.
423 299 528 348 raoni
553 301 699 349 incatur.
726 299 937 348 cinruinratt.
1150 284 1212 348 577

34 393 48 474 ς’
72 391 142 457 22.
162 387 318 473 Denique
335 390 403 455 Rex
429 385 513 474 ipse,
532 407 611 455 curn
638 407 698 475 per
722 386 885 456 visionem
905 385 1137 476 significatum
1154 399 1253 467 esset,

13 477 80 546 ulla
103 475 172 544 alia
202 475 260 544 via
284 473 490 565 sperandam
517 495 590 544 esse
616 495 746 563 paoem,
781 475 844 543 nisi
881 475 1062 544 conciliato
1093 487 1253 564 martyre,

15 566 86 634 orde
105 566 254 634 contrito
279 577 311 633 et
335 563 516 632 humiliato
536 563 577 631 ad
598 576 860 633 monumentum
888 565 976 634 beati
1007 565 1178 654 martyris,
1200 585 1256 632 ve-

13 654 77 722 iam
103 655 289 744 petiturus,
309 653 519 743 properavit:
538 673 686 738 cumque
701 653 916 722 Cantuariam
936 654 1093 732 venisset,
1113 653 1156 722 ab
1175 651 1258 722 aede

13 751 28 806 t.
46 742 236 812 dunstanni
262 761 372 828 usque
404 740 446 810 ad
479 761 655 810 summum
689 740 868 831 templum,
895 741 930 810 in
962 764 1031 829 quo
1056 747 1089 810 S.
1112 741 1258 811 Thomas

13 830 144 900 anelitus
168 844 246 913 est,
278 829 382 899 nudis
407 828 554 918 pedibus
578 842 610 898 et
641 831 820 900 communi
851 843 941 900 veste
965 829 1257 918 lacrymabundus

14 919 259 1008 egrediebatur,
287 939 355 988 non
382 919 515 987 viarum
547 919 751 1008 asperitate,
784 939 851 988 non
880 918 1005 1007 pedum
1032 917 1259 989 teneritudine

13 1008 188 1078 etardatus.
210 1008 279 1078 Ubi
294 1007 336 1077 ad
354 1005 518 1076 eeclesiae
537 1005 626 1077 foras
643 1009 744 1087 venit,
764 1006 910 1098 procidit
926 1022 958 1077 et
974 1007 1139 1093 adoravit;
1159 1029 1258 1096 porro

15 1117 175 1182 ngressus,
194 1096 314 1166 locum
343 1094 456 1175 illum,
477 1096 512 1164 in
541 1118 610 1183 quo
637 1096 826 1168 virbeatus
850 1096 984 1165 occisus
1007 1108 1069 1177 est,
1097 1095 1258 1185 lacrymis

18 1185 134 1264 nt'udit;
162 1185 304 1266 deinde,
326 1183 415 1254 dicta
442 1183 656 1255 confessione
688 1206 802 1254 coram
834 1185 1021 1276 Episcopis‚
1040 1207 1118 1254 cum
1152 1185 1259 1255 multo

13 1293 132 1343 remora
159 1297 199 1344 ae
229 1274 421 1343 reverentia
446 1274 591 1343 accessit
610 1273 650 1342 ad
679 1273 830 1344 loculum
858 1275 1029 1364 martyris,
1058 1287 1160 1361 atque
1188 1272 1259 1344 illic

13 1373 63 1428 oto
78 1376 267 1450 prostratus
283 1383 437 1451 corpore,
454 1383 541 1448 quos
558 1362 717 1450 gemitus,
735 1383 823 1450 quae
839 1362 990 1451 suspiria
1002 1361 1157 1444 ediderit,
1173 1383 1260 1450 quos

13 1471 221 1538 wacrymarum
249 1449 441 1542 proluderit
464 1451 604 1531 imbres,
628 1449 697 1520 diei
722 1452 804 1520 satis
821 1473 888 1521 non
906 1463 1026 1542 potest.
1045 1457 1162 1522 Postea
1178 1473 1259 1521 eum

13 1537 103 1606 salam
128 1562 225 1611 reum
254 1561 291 1610 se
322 1537 583 1631 proclamasset,
614 1539 817 1627 veniamque
842 1554 1000 1629 precatus
1029 1553 1139 1621 esset,
1166 1539 1258 1628 quod

13 1640 144 1696 sanctum
170 1631 286 1699 virum
312 1641 380 1698 tam
398 1628 618 1729 pertinaciter
633 1641 720 1698 esset
745 1641 957 1785 persecutus,
977 1651 1045 1699 non
1067 1642 1179 1699 tamen
1206 1651 1260 1700 oc-

13 1713 64 1782 cidi
80 1715 251 1799 voluisset3
273 1717 421 1788 restituit
437 1717 472 1784 in
489 1717 661 1807 integrum
678 1721 742 1786 Ecc
759 1718 848 1786 asiae
864 1717 1118 1789 cantuariensis
1131 1719 1212 1807 jura
1228 1731 1260 1786 et

13 1801 183 1890 dignitates,
205 1829 298 1894 quae
322 1817 422 1876 antea
447 1804 635 1886 habuisset,
653 1805 887 1893 addiditquee
911 1827 974 1878 suo
999 1805 1138 1896 triginta
1158 1805 1259 1875 libra·

12 1911 74 1959 rom
99 1894 265 1976 redditus,
295 1906 334 1964 ut
362 1906 519 1965 sanctum
546 1907 730 1983 martyrem
757 1907 871 2052 posset
902 1893 1028 1964 babere
1057 1894 1257 1984 propitium.

13 1979 119 2051 ltcinde
134 1983 294 2055 exteriori
311 1996 402 2053 veste
422 2005 458 2052 se
484 1981 631 2064 nudans
652 2004 759 2072 scapu
775 2005 813 2053 as
835 1997 867 2053 et
887 1996 991 2072 caput
1007 1984 1041 2053 in
1063 1982 1190 2052 tumuli
1213 1980 1229 2049 l
1247 2021 1258 2031 -

13 2081 140 2140 nestram
167 2094 296 2164 magna
320 2071 515 2142 humilitate
539 2071 711 2148 submisit,
730 2074 776 2142 ita
801 2082 838 2142 ut
860 2093 981 2142 omnes
1006 2094 1045 2142 eo
1067 2070 1261 2161 spectaculo

14 2153 49 2222 ad
69 2157 232 2250 lacrymas
257 2171 560 2250 permoverentur:
595 2161 775 2251 primoque
799 2161 842 2231 ab
866 2161 1043 2251 Episcopis
1078 2159 1261 2248 quinquies

16 2265 117 2341 caesus
132 2263 200 2328 est;
220 2249 347 2319 deinde
370 2271 390 2318 a
410 2249 591 2320 monacbis
611 2249 762 2340 amplius
787 2251 970 2340 octoginta,
995 2264 1107 2320 ternos
1131 2247 1262 2338 accepit

18 2345 100 2432 ictus,
115 2350 214 2426 atqua
239 2340 289 2408 ita
312 2336 510 2408 solemniter
534 2337 714 2408 absolutus
737 2351 797 2407 est.
824 2343 900 2408 Post
932 2339 1015 2408 baec
1035 2337 1129 2408 nuda
1154 2338 1262 2407 humo

18 2423 160 2509 residens,
179 2427 288 2498 nudis
300 2426 459 2516 pedibus
473 2439 510 2496 ut
524 2439 672 2506 venerat,
686 2439 787 2515 atque
797 2427 940 2517 jejunus
954 2438 1057 2498 totam
1076 2439 1208 2497 noctem
1227 2427 1260 2494 in

17 2514 154 2595 precibus
176 2517 301 2606 eregit.
322 2516 473 2603 Denique
497 2516 542 2584 ita
567 2537 603 2584 se
628 2527 710 2585 tune
734 2515 849 2605 gessit,
869 2529 906 2585 ut
931 2537 997 2585 non
1024 2515 1123 2585 facile
1149 2517 1183 2584 in
1208 2514 1262 2583 lii·

16 2603 111 2696 storiis
133 2607 285 2696 reperire
301 2603 412 2685 liceat,
431 2625 640 2693 quemquam
659 2627 677 2673 e
698 2603 899 2675 Christianis
914 2605 1132 2706 principibus
1150 2603 1263 2673 humi·

17 2683 71 2759 lus
85 2704 181 2780 atque
204 2693 362 2764 devotius
387 2693 451 2763 boc
482 2697 571 2783 Rege
596 2693 706 2783 egisse
738 2692 994 2782 poenitentiam.
1016 2698 1055 2762 Ut
1081 2715 1158 2762 vero
1182 2692 1264 2762 satis

16 2792 148 2866 constet,
177 2783 290 2853 sancti
318 2782 466 2852 Thomas
495 2783 654 2870 martyris
691 2782 821 2851 meritis
845 2782 888 2852 ab
912 2781 972 2852 illo
998 2803 1102 2872 regno
1129 2781 1265 2850 divinae

17 2870 185 2942 severitatis
206 2870 540 2942 animadversionem
571 2881 733 2949 amotam,
753 2869 871 2940 eodem
896 2869 963 2951 die,
990 2893 1057 2960 quo
1082 2875 1150 2940 Rex
1176 2870 1266 2939 venit

18 2957 228 3044 tantnariam,
249 2981 311 3050 pro
335 2961 408 3031 suis
432 2959 466 3029 in
493 2973 677 3049 martyrem
706 2959 853 3047 peccatis
878 2957 1128 3041 satisfacturus,
1148 2963 1265 3029 Comes

20 3041 188 3130 llandriae,
214 3049 378 3136 quicum
405 3049 574 3118 immenso
598 3049 748 3118 exercitu
772 3049 807 3117 in
832 3046 987 3138 angliam
1020 3049 1173 3137 trajicere
1198 3063 1265 3116 sta-

19 3139 121 3217 tuerat,
148 3149 277 3208 mutata
301 3136 394 3206 illico
418 3139 609 3218 sententia,
636 3136 785 3208 recessit.
812 3135 922 3206 Altero
946 3134 1002 3204 die
1036 3140 1105 3205 Rex
1138 3136 1266 3205 scotiae

20 3221 154 3310 lngliam
178 3238 386 3308 vastaturus,
409 3226 445 3294 in
469 3227 541 3295 acie
565 3226 835 3315 comprehensus
861 3235 931 3294 est:
965 3238 997 3295 et
1026 3223 1119 3294 brevi
1147 3243 1267 3293 omnes

20 3311 193 3384 conticuere
216 3314 342 3394 hostes
370 3326 403 3383 et
431 3335 549 3404 pacem
576 3315 670 3404 regni
696 3314 946 3404 perturbantes,
976 3313 1148 3382 humiliati
1172 3324 1264 3390 sunt,

23 3396 167 3489 rediitque
191 3401 440 3491 tranquillitas:
472 3414 664 3493 praestante
695 3403 838 3473 Domino
868 3415 983 3473 nostro
1009 3407 1093 3473 lesu
1121 3399 1263 3481 Christo,

23 3501 68 3566 lut
90 3510 162 3560 cum
178 3496 275 3562 Patre
298 3505 330 3561 et
350 3491 479 3580 Spiritu
504 3495 625 3561 Sancto
646 3491 726 3560 vivit
745 3503 776 3560 et
797 3502 917 3581 regnat
934 3493 967 3559 in
991 3489 1120 3561 secula.
1147 3493 1263 3560 Arnen.

287 3687 437 3778 Epistola
469 3685 629 3754 ludovici
655 3687 745 3775 repis
776 3689 981 3753 Francorum

372 3793 417 3861 ad
435 3792 671 3862 dispondeum
692 3792 893 3878 Pontificem.

64 3932 170 4005 ΜΟ.
197 3935 338 4004 Domino
363 3955 426 4005 suo
448 3947 480 4004 et
501 3933 588 4023 patri
614 3933 833 4002 sanctissimo
859 3929 1059 4012 Alexandro,
1080 3932 1137 4001 Dei
1162 3930 1272 4022 gratia

35 4029 145 4089 summo
154 4023 318 4105 Pontifici,
333 4021 523 4092 Ludovicus
534 4027 744 4113 Francorum
760 4024 830 4090 nex
847 4019 991 4089 salutem
1007 4032 1040 4089 et
1052 4019 1201 4091 debitam
1219 4042 1271 4091 re-

38 4109 204 4180 terentiani.
216 4112 262 4181 lb
276 4111 450 4182 humanae
492 4109 601 4180 letatis
615 4108 689 4200 lege
705 4107 831 4178 recedit
856 4107 962 4189 filius,
975 4108 1036 4197 qui
1053 4121 1195 4180 matrem
1213 4109 1272 4182 de·

40 4193 143 4276 turpat:
162 4219 269 4288 neque
284 4201 446 4270 creatoris
466 4133 625 4270 beneficii
641 4197 887 4277 reminiscitur,
903 4197 964 4286 qui
983 4198 1025 4266 de
1040 4211 1178 4268 sanetae
1195 4200 1271 4269 Sedi

40 4274 215 4360 spostolicae
239 4288 332 4360 illata
356 4287 570 4379 turpitudine
595 4307 661 4356 non
683 4284 915 4355 contristatur.
938 4290 1060 4356 Verum
1088 4287 1273 4378 specialius

41 4375 80 4428 est
99 4375 345 4460 condolendum,
372 4392 404 4448 et
430 4377 610 4447 novitatem
637 4373 765 4444 doloris
789 4375 911 4444 excitat
937 4375 1110 4446 inauditae
1142 4377 1272 4447 novitas

102 4488 232 4553 auius·
253 4493 334 4556 Vitae
348 4493 401 4560 SS.
416 4525 427 4542 ·
442 4492 510 4556 Vol.
528 4490 590 4554 llll.
1157 4492 1193 4554 37
