2946 4798
271 312 337 376 498
538 329 577 375 na
600 329 647 376 ss.
674 326 840 377 aaronem
865 329 902 375 nr
926 328 1114 378 runormnn
1136 331 1193 378 rm.
1332 313 1402 378 llllll.
1423 314 1449 374 l?

228 413 418 495 rebellavit;
445 413 642 503 complures
665 424 778 483 autem
798 423 937 504 propter
959 426 1105 504 spernet
1125 415 1249 486 Christi
1271 414 1448 485 desiderium.

251 523 394 575 oneroso
406 513 438 572 et
450 501 529 572 lorti
543 501 661 571 animo
680 513 973 592 contempserunt.
985 506 1068 574 Cum
1085 503 1213 591 quibus
1227 504 1282 573 hic
1295 525 1404 594 quoque
1418 525 1450 570 ur

226 529 379 672 divinus,
397 612 476 661 cum
495 591 569 672 hoe,
587 589 680 678 quod
697 589 785 659 nihil
809 591 912 660 cessit
935 590 979 661 iis
1007 613 1097 680 quae
1121 593 1394 684 promittebantur.
1410 591 1450 660 br-

227 683 372 762 neliciis,
390 680 473 750 loris
489 691 663 771 praeterea
678 700 813 760 caesus,
840 679 908 749 dici
930 701 999 750 non
1029 693 1138 770 potest
1161 696 1322 769 quantam
1345 681 1451 752 ostenda

225 770 486 848 fortitudinem,
508 769 611 840 sociis
639 769 839 838 certaminis
863 769 1005 838 effectus
1031 769 1208 860 exemplar
1239 793 1306 841 non
1327 769 1402 840 lacile
1420 769 1450 836 ad

225 858 447 931 imitandum.
467 863 545 949 lpse
564 868 655 927 certe
677 879 758 928 cum
779 857 852 945 jam
877 857 999 928 luisset
1021 859 1053 928 ei
1076 881 1205 950 corpus
1229 858 1388 930 laceratum
1408 859 1451 926 la-

224 949 336 1040 gellis,
355 961 388 1018 et
412 946 522 1018 solum
549 945 720 1037 sanguine
739 945 978 1035 adspersisset,
1001 960 1038 1017 ut
1063 949 1124 1035 qui
1153 971 1269 1020 rerum
1288 951 1409 1042 gratian
1428 959 1451 1012 et

224 1061 262 1108 as
289 1058 426 1107 ararum
452 1034 588 1105 nullum
621 1057 760 1106 sensum
786 1036 1029 1117 sustinuisset,
1060 1037 1178 1108 nudus
1205 1039 1297 1108 stetit
1326 1040 1354 1108 in
1372 1035 1451 1104 nodio

225 1061 406 1205 tribunati,
432 1124 475 1194 de
499 1124 611 1215 plagis
636 1136 812 1212 tamquam
837 1123 880 1193 de
904 1124 1019 1212 aliquo
1043 1139 1246 1196 ornamento
1271 1129 1412 1218 glorians,
1430 1137 1451 1190 et

225 1217 287 1297 sic,
306 1227 345 1285 ut
360 1213 408 1284 ait
424 1212 564 1283 divinus
584 1213 724 1296 Paulus,
744 1216 877 1304 effectus
901 1215 1070 1284 theutrum
1086 1218 1226 1306 dapalis
1245 1228 1279 1286 et
1300 1216 1449 1287 hominihus.

225 1309 308 1374 Cum
327 1315 440 1374 autem
461 1301 652 1392 praelectus
668 1323 770 1392 aegre
787 1302 922 1373 tulisset
945 1303 1035 1372 hanc
1054 1303 1257 1374 diuturnam
1284 1305 1464 1386 nuditaten·;

226 1415 244 1459 a
270 1397 364 1484 Ego,
392 1391 504 1479 inquit
527 1391 677 1473 athleta,
704 1392 778 1460 ideo
802 1402 853 1460 sto
877 1392 1016 1473 nudus,
1042 1406 1105 1474 ut,
1132 1393 1162 1463 si
1186 1393 1334 1482 aliquem
1352 1393 1464 1462 videon

223 1480 385 1551 athletam
404 1479 578 1551 defessum
603 1479 793 1560 doloribus,
820 1479 916 1550 illius
940 1479 1109 1551 delectum
1133 1503 1211 1552 meo
1229 1506 1290 1553 cor
1335 1506 1365 1554 re
1383 1481 1464 1560 ala-n

223 1571 339 1640 animo
368 1569 562 1660 suppleam.
593 1592 610 1636 n
644 1572 670 1638 0
693 1571 757 1638 viri
788 1568 1047 1639 fortitudinem!
1074 1569 1264 1641 udicandi
1303 1571 1464 1656 ibertaten‘}

224 1661 264 1730 0·
280 1659 438 1729 ardorem
465 1660 499 1727 in
525 1658 708 1728 Dominum
730 1662 736 1726 l
763 1662 900 1728 Rursus
927 1678 1008 1749 ergo
1035 1659 1233 1750 relegantur
1258 1661 1294 1730 in
1322 1659 1448 1731 insulan.

222 1770 326 1836 quam
346 1748 456 1818 solent
474 1746 649 1837 appellare
671 1747 873 1836 lphusiam.
896 1747 960 1816 Sed
977 1749 1059 1835 quid
1078 1749 1164 1818 mihi
1183 1771 1272 1840 opus
1288 1763 1338 1822 est
1353 1769 1449 1819 enunt-

222 1859 298 1907 rare
318 1858 358 1906 ea
374 1859 463 1924 quae
475 1837 636 1925 deinceps
660 1847 742 1904 sunt
757 1847 952 1918 consecuta,
968 1859 1135 1919 carceres,
1150 1838 1341 1930 naufragia,
1356 1839 1447 1908 laneo..

223 1925 307 1996 solis
330 1925 501 2006 ardorem,
524 1924 635 2014 frigus
652 1936 873 2006 nocturnum,
900 1925 1057 2008 insidias,
1081 1927 1360 2008 insurrectiones,
1381 1942 1448 2013 quot·

223 2014 346 2086 dianas
371 2028 508 2094 mortes,
539 2013 658 2104 plagas
682 2035 816 2094 rursus,
844 2011 984 2084 verbera
1007 2027 1039 2084 et
1061 2015 1247 2106 colaphos?
1272 2019 1357 2088 Satis
1374 2013 1448 2086 sill.-

222 2125 310 2186 cem,
338 2102 429 2190 quod
449 2125 529 2172 cum
548 2103 642 2172 iniis
666 2100 816 2172 serendis
833 2102 1005 2192 voluptate
1020 2105 1131 2174 allecti
1156 2119 1271 2176 essent
1288 2106 1384 2176 simul
1402 2121 1438 2194 cu

222 2192 389 2264 diuturno
401 2191 532 2274 exsilio,
548 2190 685 2260 duobus
699 2203 775 2281 post
790 2193 903 2273 annis,
923 2192 987 2262 soli
1003 2215 1043 2264 ex
1062 2192 1142 2264 aliis
1154 2196 1259 2284 jussu
1279 2195 1447 2285 imperatore

221 2282 364 2352 veniunt
381 2279 722 2370 Constantinopolim.
742 2279 862 2368 llajori
881 2281 985 2363 enim,
1001 2282 1065 2353 etsi
1082 2282 1184 2372 plane
1201 2284 1311 2365 inani,
1330 2283 1449 2354 desidat·

221 2371 401 2441 tenebatur
425 2374 614 2459 Imperator
629 2368 779 2438 habendi
800 2369 1014 2439 Theodorum
1039 2384 1072 2442 et
1095 2372 1337 2462 Theophanem
1360 2371 1442 2441 eaden

221 2459 394 2550 quacille,
422 2459 617 2540 sentientes,
644 2480 749 2545 quam
775 2457 971 2548 imperandi
995 2460 1169 2543 omnibus,
1195 2463 1256 2549 qui
1283 2463 1373 2535 nulla
1390 2461 1414 2527 io
1434 2473 1463 2550 re

220 2549 263 2618 ab
283 2571 323 2618 eo
342 2547 602 2619 dissentiebant.
1462 2565 1463 2642 i

264 2641 282 2724 ξ
306 2641 378 2710 12.
406 2637 707 2706 verumenimvero
726 2637 1014 2739 operaepretium
1033 2650 1085 2708 est
1103 2659 1142 2708 ea
1158 2660 1248 2726 quae
1261 2640 1410 2728 deinceps
1420 2653 1451 2700 s·-

216 2740 385 2884 3uuntun
404 2725 579 2795 declarare
601 2747 659 2814 per
677 2724 735 2794 illa
752 2748 828 2814 ipsa
844 2727 947 2796 verba
961 2727 1137 2816 epistolae,
1155 2749 1245 2814 quae
1262 2729 1319 2800 bic
1336 2735 1369 2798 b.
1382 2725 1452 2794 lho-

241 2837 334 2894 0rus,
350 2835 570 2884 communem
588 2812 693 2884 simul
710 2837 789 2884 cum
807 2814 911 2884 fratre
923 2837 1135 2905 componens
1151 2816 1345 2905 epistolam,
1362 2807 1452 2884 mittit'

216 2902 259 2973 ad
285 2909 477 2985 loannem,
507 2903 566 2991 qui
587 2915 668 2973 tunc
692 2916 764 2973 erat
794 2903 941 2973 Antiates
965 2905 1147 2994 Cyzicenae
1175 2907 1367 2986 Ecclesiae,
1388 2916 1413 2972 et
1430 2916 1452 2966 ti

216 2991 385 3080 reliquam
416 2992 685 3062 Orthodororum
716 2991 994 3073 multitudinem,
1021 3015 1230 3065 enumerans
1255 3011 1450 3084 quaecunqe:

216 3101 273 3150 eos
298 3081 368 3170 pati
395 3081 521 3150 accidit
544 3081 588 3151 ab
613 3079 671 3150 illo
697 3082 754 3150 Dei
779 3081 919 3152 inimico
939 3083 1140 3174 Theophilo,
1167 3083 1253 3154 dum
1283 3085 1453 3172 decertant&

216 3190 277 3261 pro
292 3169 420 3238 divinis
438 3170 662 3260 imaginibus,
680 3183 712 3240 et
726 3169 1021 3258 quemadmodum
1037 3185 1113 3263 poat
1130 3172 1239 3242 multa
1256 3185 1411 3244 tormenta
1424 3187 1452 3232 t.-

215 3258 402 3330 crudeliter
413 3261 612 3350 compuncti
632 3258 771 3330 luerunt
782 3259 886 3329 oculi.
900 3259 933 3329 Si
950 3273 1065 3332 autem
1082 3261 1117 3331 in
1134 3261 1280 3352 epistola
1296 3274 1454 3346 suntqua-

215 3346 295 3418 dam
322 3349 385 3417 sim
415 3348 495 3418 licia
511 3361 543 3418 et
560 3347 671 3431 rudia,
691 3369 757 3418 non
784 3347 860 3418 ideo
884 3349 975 3438 apud
993 3371 1062 3432 eos,
1088 3351 1149 3438 qui
1173 3364 1264 3422 recte
1275 3351 1419 3440 judicant
1434 3363 1452 3408 r-

216 3450 297 3508 sunt
320 3370 458 3516 eraclia,
485 3436 617 3507 dabunt
631 3459 671 3507 ea
688 3437 935 3517 testimonium,
955 3438 1046 3527 quod
1071 3439 1131 3526 qui
1152 3440 1303 3530 scripsit,
1327 3449 1405 3508 esset
1421 3434 1462 3522 itt-j

217 3525 392 3598 eruditus:
420 3525 479 3595 sed
500 3527 652 3616 primum
678 3526 831 3613 quidem,
863 3527 954 3614 quod
981 3530 1054 3618 ipse
1081 3541 1234 3600 uteretur
1259 3529 1454 3599 indifferenter

215 3613 365 3684 dictione
381 3629 414 3684 et
431 3615 642 3694 nominibus,
656 3629 688 3684 et
705 3638 772 3686 non
788 3615 853 3686 hoc
870 3638 1033 3708 magnum
1051 3629 1196 3706 putaret,
1217 3640 1326 3709 neque
1341 3617 1451 3703 dignun

217 3703 252 3772 in
277 3725 346 3790 quo
366 3703 566 3774 elaboraret.
600 3703 729 3774 Deinde
752 3717 890 3786 autem,
912 3705 1005 3793 quod
1033 3706 1135 3776 ctiam
1164 3707 1264 3777 vellet
1290 3709 1361 3797 ipsa
1383 3700 1449 3792 plan:

215 3791 330 3874 verba,
357 3792 447 3864 siout
470 3793 684 3874 dictasunt,
711 3795 746 3862 in
777 3794 1105 3884 interrogationibus
1131 3808 1163 3865 et
1191 3790 1450 3888 responsionibus.

213 3881 418 3973 simpliciter
441 3897 473 3954 ct
497 3884 653 3952 inornate
676 3882 814 3952 adduci.
843 3884 897 3952 Sic
914 3895 1028 3954 autem
1055 3883 1157 3955 habet
1181 3885 1223 3954 ad
1251 3887 1383 3956 verbum
1403 3893 1452 3962 etl·

213 3971 321 4043 stola:
349 3994 367 4037 «
387 3973 567 4042 Maximam
586 3970 731 4041 lacerem
755 3972 929 4062 injuriam,
953 3973 981 4042 si
1002 3971 1138 4042 silentio
1156 3973 1319 4044 traderem
1335 3993 1371 4040 ea
1391 3983 1451 4052 out¹

214 4062 249 4129 in
275 4082 338 4132 nos
358 4059 446 4130 lacta
470 4074 562 4140 sunt,
583 4082 661 4130 cum
681 4061 778 4130 multi
797 4061 991 4131 desiderent
1011 4061 1133 4132 audire
1149 4076 1182 4133 et
1196 4062 1334 4143 discere,
1354 4071 1382 4128 et
1402 4071 1451 4146 na·

210 4151 302 4220 xime
319 4161 464 4240 possunt
479 4169 553 4220 esse
568 4148 610 4218 ad
632 4149 690 4218 Dei
714 4150 872 4239 gloriam,
899 4163 931 4220 et
957 4151 1145 4222 multorum
1166 4153 1354 4222 utilitatem.
1372 4139 1450 4240 sidt-

211 4249 335 4307 cantur
350 4252 382 4309 et
402 4237 606 4308 audiantur:
626 4259 737 4326 neque
757 4261 879 4330 parum
898 4239 1079 4311 conlerunt
1103 4241 1146 4310 ad
1170 4237 1385 4310 confutandos
1405 4247 1448 4297 m·

214 4323 299 4409 pios‚
318 4327 407 4396 etad
432 4326 650 4396 relellendam
677 4349 795 4398 eorum
812 4328 1013 4420 dogmatum
1040 4328 1315 4408 imbecillitatem,
1336 4337 1366 4394 et
1389 4319 1448 4388 tela·

240 4447 252 4470 ⁸
268 4449 332 4490 anuo
342 4453 437 4497 probat).
449 4457 494 4496 8³5.
