2946 4798
238 247 301 312 502
504 263 542 310 nr
566 263 612 310 ss.
639 259 805 310 rauoooac
829 262 866 308 ar
889 261 1077 310 rnsoeuans
1100 263 1156 309 mr.
1295 242 1363 308 Dat.
1381 243 1413 304 tt

192 353 299 436 Atque
323 369 386 419 nos
409 347 547 436 quidem
573 348 678 428 haec,
704 369 785 417 cum
811 347 920 416 multa
944 348 1013 417 sint
1037 346 1125 428 alia,
1147 345 1277 417 brevius
1297 344 1415 414 declara·

192 438 329 516 vimus,
355 457 474 507 eorum
498 458 587 524 quae
611 449 705 525 gesta
739 448 844 517 sunt,
881 437 1045 508 habentes
1074 435 1201 506 multos
1226 447 1332 512 testes,
1351 455 1416 520 quos

193 525 264 596 scio
289 526 390 616 plura
415 525 469 594 his
492 538 524 594 et
547 526 701 683 apertius
727 538 926 596 narraturos
945 547 1091 612 eaquae
1114 538 1196 594 tunc
1219 522 1416 594 lacuetdicta

192 627 285 696 sunt,
312 627 350 684 ut
373 615 435 702 qui
452 636 492 683 ea
517 637 571 684 me
588 617 642 685 ius
666 635 772 702 quam
797 637 859 685 nos
882 614 1149 685 observaverint.
1168 620 1214 685 lle
1238 635 1276 683 ue
1296 613 1367 681 euim
1386 611 1412 677 in

192 703 332 794 angulo,
360 725 470 794 neque
495 702 689 774 inocculto
714 704 798 774 haec
823 702 1038 774 factasunt:
1066 702 1126 772 sed
1151 705 1186 772 in
1212 635 1371 782 bestiast
1388 701 1414 766 io

192 792 305 863 medic
329 793 423 862 orbis
447 805 628 862 terrarum.
656 815 675 858 »
700 797 739 861 Et
755 793 805 861 sic
821 792 961 880 quidem
979 791 1135 882 epistola.
1394 877 1398 885 Ι

236 885 344 968 ξίῒ.
371 886 449 951 Post
481 893 551 950 tam
582 881 816 951 inhumanum
849 894 963 950 autern
999 895 1033 952 et
1066 893 1135 950 tam
1167 901 1286 950 notum
1318 875 1414 974 snppltf

192 971 309 1052 cium,
339 970 430 1057 quod
464 982 601 1060 propter
635 970 832 1040 divinarum
870 971 1063 1060 imaginum
1097 969 1322 1039 adorationem
1350 967 1414 1034 bean

192 1059 249 1129 isti
269 1059 458 1140 subierant,
482 1080 602 1128 eorum
629 1058 726 1128 vultu
752 1059 867 1128 adhuc
892 1059 1043 1129 stillante
1067 1059 1248 1148 sanguine,
1276 1057 1415 1126 traduntur

190 1149 226 1216 in
245 1147 451 1218 custodiam.
479 1147 606 1216 Deinde
628 1153 761 1218 tannae
785 1147 954 1237 improbis
978 1147 1269 1238 suggestionibus,
1293 1145 1417 1232 quicum

192 1249 275 1306 tunc
298 1251 387 1308 esset
409 1236 564 1326 eiusdem
587 1237 784 1317 sententiae,
812 1236 916 1324 cujus
936 1237 1080 1324 iniquus
1103 1241 1300 1325 Imperator,
1320 1231 1421 1302 tenebat

193 1326 393 1406 Ecclesiam,
412 1326 624 1395 damnantur
637 1325 769 1396 exsilio.
789 1330 852 1394 llos
867 1338 981 1395 autem
999 1324 1146 1414 suscipit
1158 1321 1421 1417 Apamea*Bithpj-

193 1413 293 1494 niae,
318 1435 399 1482 curn
420 1415 560 1502 jussum
585 1414 740 1484 essetab
764 1419 985 1503 Imperatore,
1015 1425 1054 1485 ut
1079 1435 1122 1484 ne
1146 1413 1347 1504 sepulturam
1366 1429 1421 1495 qut·

191 1499 268 1570 dem
293 1523 412 1572 eorum
430 1525 575 1592 corpora
591 1515 894 1590 consequerentur,
915 1502 1039 1592 partim
1059 1501 1201 1590 quidam
1222 1523 1278 1573 eos
1293 1499 1422 1570 alliciente

192 1590 419 1674 contumelia,
448 1593 571 1682 partim
597 1614 675 1662 vero
699 1592 930 1662 communiter
959 1591 1134 1662 invidente
1161 1590 1346 1661 orthodoxis
1370 1607 1423 1677 pos·

192 1679 379 1748 sessionem
405 1696 474 1750 tam
494 1681 635 1756 bonam,
653 1692 686 1751 et
703 1693 771 1750 tam
789 1680 1066 1750 desiderabilem.
1084 1679 1161 1752 lllic
1176 1703 1258 1771 ergo
1273 1677 1423 1770 degitbaar

157 1837 160 1844 ,
192 1789 359 1857 generosa
383 1769 464 1860 biga
486 1769 720 1851 fraternitatis,
753 1781 786 1840 et
808 1769 911 1838 fidem
937 1769 1065 1840 docens
1083 1769 1318 1848 orthodoxam,
1343 1781 1369 1836 et
1386 1763 1424 1832 ad·

191 1855 333 1926 hortnns
357 1858 399 1926 ad
425 1859 656 1948 operationem
683 1858 831 1928 virtutis.
861 1858 965 1928 Valde
988 1871 1103 1928 autem
1133 1857 1381 1948 persuadebant,
1401 1866 1423 1920 u:

191 1947 339 2032 quinon
365 1969 404 2016 er
429 1948 552 2027 verbis,
580 1947 639 2018 sed
663 1968 702 2016 ex
726 1947 825 2016 sactis
850 1949 974 2036 potius,
1002 1947 1153 2017 lacerent
1176 1946 1422 2018 adhortationem.

191 2035 284 2104 Fidei
308 2039 400 2105 enim
425 2036 633 2106 orthodoxae
648 2050 746 2106 erant
761 2037 810 2104 eis
830 2050 1034 2127 argumenta
1058 2035 1265 2116 immobilia,
1290 2034 1371 2124 quod
1386 2049 1424 2120 pra

191 2145 230 2194 aa
246 2126 446 2212 compuncti
462 2137 588 2207 essent,
614 2138 647 2195 et
663 2125 781 2216 flagris
798 2128 947 2214 graviter
962 2125 1052 2195 caesi
1068 2138 1194 2195 essent.
1214 2125 1349 2194 Virtutis
1362 2141 1423 2189 aero.

192 2214 260 2282 vita
283 2225 316 2282 et
339 2215 566 2296 continentia,
595 2236 683 2301 quae
709 2214 957 2304 propemodum
986 2213 1214 2284 contendebat
1237 2235 1316 2284 cum
1339 2223 1424 2281 natura

191 2301 487 2372 immaterialium.

237 2392 255 2477 ξ
275 2393 343 2464 ts.
371 2397 553 2479 Postquam
576 2405 689 2462 autem
707 2391 849 2460 vocabat
865 2404 1002 2480 tempus
1020 2391 1252 2474 resolutionis,
1275 2403 1308 2462 et
1322 2389 1358 2460 ad
1373 2405 1427 2455 eon

190 2500 293 2565 quam
318 2481 493 2568 optabant,
520 2479 707 2562 discessus,
730 2479 927 2550 Theodorus
969 2479 1085 2550 uidem
1102 2481 1256 2562 etseoio,
1280 2494 1312 2551 et
1329 2475 1426 2548 morbo,

190 2581 223 2637 et
246 2580 421 2668 praeterea
445 2567 640 2650 afflictione,
667 2591 771 2656 quam
791 2569 825 2638 in
842 2502 999 2638 custodia
1015 2591 1140 2658 passus
1154 2582 1238 2650 erat,
1262 2584 1427 2659 oppressus·

191 2657 226 2724 in
244 2679 319 2747 ipsa
335 2657 491 2728 custodia
507 2659 541 2726 in
561 2679 686 2727 manus
704 2659 759 2728 Dei
778 2659 956 2738 Creatoris
970 2679 1069 2727 suam
1086 2657 1229 2747 deponit
1245 2661 1385 2728 animam
1398 2651 1421 2682 *¹

190 2767 270 2814 cum
292 2746 378 2814 nulli
405 2747 544 2834 quidem
571 2747 830 2836 reprehensioni
855 2745 992 2815 allinem
1020 2747 1053 2816 in
1079 2749 1214 2818 actione
1235 2749 1347 2826 vitam,
1366 2755 1391 2812 et
1408 2759 1430 2806 tt

190 2833 314 2923 pietate
339 2835 504 2905 rationem
531 2849 765 2906 conservasset
784 2837 952 2926 integram
976 2847 1010 2904 et
1033 2835 1251 2918 inoffensam,
1272 2836 1433 2922 reliquisset

189 2943 268 2992 vero
294 2923 348 2991 sui
367 2925 522 3014 martyrii
547 2925 761 3004 memoriam,
789 2945 877 3012 quac
897 2946 964 2992 oon
992 2935 1100 3013 potest
1122 2924 1197 2994 dari
1223 2923 1388 3000 oblivioni,
1409 2929 1433 2984 ut

189 3011 250 3097 qui
267 3011 342 3099 ipso
358 3011 413 3082 die
429 3015 516 3084 vitae
539 3012 642 3082 finem
669 3013 849 3102 acceperit,
876 3033 945 3100 quo
969 3014 1165 3101 Stephanus
1186 3015 1322 3104 primus
1338 3019 1434 3094 marty·

189 3120 268 3170 rum
286 3101 357 3189 pari
376 3101 447 3172 zelo
464 3103 617 3192 suscepit
639 3101 987 3172 consummationem.
1011 3102 1237 3192 Theophanes
1253 3116 1361 3173 autem
1376 3115 1434 3196 cun

190 3189 425 3260 venerandum
444 3190 530 3261 illud
548 3205 580 3262 et
595 3191 784 3261 fraternum
801 3190 1064 3262 tabernaculum
1083 3214 1165 3262 cum
1181 3191 1261 3263 aliis
1281 3193 1359 3261 viris
1376 3205 1434 3344 fta-

190 3299 278 3367 quos
296 3279 481 3350 verisimile
496 3293 568 3350 erat
585 3280 643 3350 illo
669 3294 821 3369 tempore
836 3281 1119 3352 concurrissent
1135 3282 1179 3350 ab
1195 3303 1247 3363 ea,
1289 3301 1351 3352 uae
1364 3279 1373 3344 i
1387 3275 1435 3342 linc

190 3367 407 3456 procedebat,
428 3370 700 3439 sanctificatione
716 3383 749 3438 et
772 3369 883 3458 gratia
908 3389 974 3438 non
992 3369 1198 3450 exciderent,
1220 3303 1338 3440 mbltis
1353 3367 1436 3436 bono·

190 3470 298 3527 resset
323 3459 489 3528 encomiis
509 3471 542 3527 et
564 3459 733 3538 canticis,
760 3457 901 3546 deponit
925 3458 959 3526 in
984 3479 1065 3528 arca
1089 3456 1227 3547 lignea,
1254 3473 1288 3529 et
1311 3453 1435 3549 apudlst

190 3559 386 3617 conservat:
409 3547 534 3646 partim
552 3546 693 3636 quidem
720 3567 923 3636 procurans,
954 3569 995 3614 nc
1018 3559 1318 3635 corrumperetur;
1340 3553 1435 3634 partim

189 3646 303 3703 autem
331 3635 484 3724 glorians
509 3637 675 3706 memoria
691 3637 934 3716 certaminum,
948 3635 1086 3724 jussum
1106 3635 1259 3706 irridens
1277 3639 1323 3705 im
1349 3635 1379 3714 ii,
1392 3646 1434 3722 qut

191 3741 252 3792 nec
276 3723 410 3794 volebat
429 3723 569 3814 quidem
595 3746 635 3795 ea
659 3725 797 3811 assequi
822 3724 1049 3815 sepulturam,
1069 3745 1157 3812 quae
1181 3657 1380 3795 coelestibus
1399 3714 1435 3783 dt·

189 3833 259 3902 gna
282 3828 365 3882 sunt
384 3812 627 3884 tabernaculis.
653 3813 780 3882 Deinde
803 3813 906 3882 etiam
933 3813 967 3882 in
992 3835 1141 3884 canones
1164 3814 1242 3904 eius
1266 3813 1361 3884 refert
1381 3823 1435 3906 cet·

190 3901 332 3982 tamine,
354 3903 477 3992 partim
503 3902 646 3990 quidem
665 3923 726 3992 pro
743 3901 999 3984 lamentatione,
1019 3913 1162 3990 atquae
1180 3923 1248 3972 non
1270 3914 1339 3974 erat
1355 3900 1433 3969 licno

189 3989 367 4061 adducens
390 3991 639 4080 hymnodiam;
673 3993 800 4091 partim
836 4013 913 4061 vero
944 4012 1088 4072 eorum,
1124 3992 1184 4079 qui
1214 3993 1433 4082 conveneraat

190 4080 374 4150 consolans
398 4079 624 4150 desiderium.
643 4079 773 4150 Dicitur
788 4081 898 4162 enim,
925 4078 1111 4167 quemdam
1137 4101 1275 4163 senem
1301 4099 1374 4152 curo
1393 4069 1435 4140 111⁰

191 4176 342 4257 tempore
361 4167 507 4239 serretur
533 4168 642 4240 multo
665 4170 737 4239 zelo
766 4170 914 4258 pietatis,
937 4169 1160 4258 Imperatoris
1186 4169 1325 4258 quidem
1349 4163 1434 4235 minas

190 4259 450 4347 contempsisse,
476 4271 509 4328 et
539 4279 602 4328 nec
629 4258 697 4349 ipsi
724 4257 865 4346 quidem
899 4258 986 4326 vitae
1018 4277 1101 4327 suae
1133 4259 1293 4347 parsisse,
1327 4267 1361 4326 ut
1386 4244 1434 4318 fill

216 4391 229 4417 ²⁸
243 4393 309 4434 Nunc
320 4397 438 4438 Memento
447 4401 553 4440 vocatur.
860 4399 886 4425 ⁸*
902 4397 968 4438 ctrcs
979 4406 1068 4438 annum
1078 4397 1125 4440 8³6.
