2932 4812
204 314 267 377 558
477 331 516 376 os
540 329 567 376 s.
594 327 701 377 rnotm
724 327 870 377 cucuma.
897 327 1109 376 carrucarum
1274 311 1349 376 ont.
1370 311 1402 374 tt

160 414 311 496 evehere,
336 413 554 484 commendat
577 434 655 482 curn
675 415 758 504 Regi
772 413 800 494 ⁴,
822 426 1068 484 commemorat
1092 414 1167 504 ejus
1196 413 1399 504 prudentiam.

160 503 262 574 fidem
285 517 318 572 et
337 503 522 573 veritatem.
542 502 723 572 Confestim
746 506 813 571 Rex
838 501 918 572 lacit
938 525 1016 572 eum
1042 523 1145 572 suurn
1169 501 1400 580 cancellarium,

159 593 220 680 qui
241 593 274 660 in
294 590 354 661 illo
369 613 474 681 regno
497 604 548 661 est
571 589 781 661 secundusa
802 595 903 681 Rege.
925 596 1099 680 lugentur
1118 592 1257 660 interim
1271 591 1401 670 honores,

160 681 311 770 praedia,
335 680 587 770 possessiones:
617 701 676 769 pro
701 701 795 748 more
820 692 1012 766 sequuntur
1035 701 1112 749 eum
1139 680 1314 749 innumeri
1331 699 1403 748 nan·

160 772 329 859 cipiorum
344 790 476 858 greges,
490 768 618 856 stipant
633 767 730 837 electi
745 766 882 850 milites,
903 791 964 838 nec
983 768 1095 838 minor
1104 767 1314 838 cancellario
1323 789 1400 856 quam

160 859 242 948 Regi
256 857 350 928 adest
366 859 559 936 comitatus,
587 857 632 926 ita
653 870 690 927 ut
714 855 886 926 interdum
911 861 980 927 Rex
998 858 1029 926 ei
1052 856 1228 944 objecerit,
1250 880 1342 928 suun
1356 856 1400 924 bo

159 949 300 1036 spitium
320 945 418 1013 illum
443 967 637 1015 evacuasse.
660 949 698 1014 tt
718 957 830 1015 tamen
849 946 932 1037 Regi
953 945 1042 1016 lidus
1058 947 1251 1036 permansit
1271 947 1400 1015 animet

84 1115 89 1124 ‚
159 1037 304 1116 actione,
331 1033 373 1103 ad
399 1033 474 1121 ejus
498 1033 642 1135 gloriam
660 1035 777 1104 omnia
804 1033 864 1103 illa
883 1033 1043 1104 relexens.
1071 1039 1138 1105 Rex
1156 1047 1271 1104 autem
1298 1049 1401 1103 tantm

158 1125 190 1194 ei
209 1123 373 1203 honoris,
400 1143 527 1192 amoris
550 1135 582 1192 et
613 1121 778 1192 libertatis
798 1123 991 1213 impendit,
1024 1136 1192 1212 quantum
1221 1123 1308 1192 nulli
1330 1121 1405 1191 alteri

158 1233 312 1298 unquam
339 1212 556 1301 impenderit,
583 1211 751 1298 Quicquid
778 1213 976 1294 statuisset,
1008 1212 1201 1293 sanxisset,
1238 1225 1406 1288 mutasset,

158 1301 250 1388 quod
268 1299 309 1370 ad
337 1301 438 1390 Regis
457 1300 649 1370 dominium
677 1301 870 1390 pertineret,
897 1301 1051 1391 prolege
1076 1299 1282 1370 habebatur.
1304 1300 1361 1370 Sed
1382 1300 1408 1366 in

158 1390 213 1460 his
229 1388 404 1470 omnibus,
431 1388 509 1459 licet
532 1387 674 1476 quidam
698 1388 871 1459 diversum
891 1391 1070 1470 senserint,
1089 1389 1147 1458 sed
1169 1388 1270 1470 salso,
1290 1409 1408 1478 corpore

158 1491 275 1548 castus
288 1477 364 1557 luit,
384 1477 500 1547 animo
515 1477 671 1559 humilis,
691 1476 748 1547 sed
771 1478 859 1547 inter
879 1477 1050 1549 humiles:
1071 1499 1149 1547 nam
1172 1478 1262 1547 inter
1278 1489 1408 1568 potentes

159 1566 328 1656 potentior
347 1567 421 1656 ipse
440 1579 473 1635 et
492 1566 675 1637 sublimior
698 1569 895 1655 apparebat.
915 1566 1037 1638 Nullus
1056 1587 1095 1636 eo
1118 1565 1291 1643 disertior,
1311 1565 1407 1634 nullus

157 1655 434 1734 munificentior,
462 1677 562 1724 nemo
587 1653 788 1744 prudentior
811 1655 1012 1726 habebatur.
1045 1655 1260 1744 Pauperibus
1283 1653 1407 1724 incredi-

157 1744 218 1814 bili
239 1744 449 1834 benignitate
469 1743 651 1834 praebebat
668 1765 722 1813 res
739 1745 973 1814 necessarias:
1000 1744 1058 1813 sed
1076 1743 1165 1813 dona
1190 1745 1319 1834 gratiae
1336 1757 1406 1812 exte·

157 1833 238 1904 riori
265 1854 389 1923 pompa
416 1833 459 1903 ita
486 1833 699 1924 tegebantur,
726 1848 763 1902 ut
787 1833 888 1902 etiam
916 1845 1012 1914 tum,
1039 1847 1229 1902 comesset
1255 1831 1406 1920 Archiepi-

158 1943 304 2012 scopus,
327 1943 428 1992 nemo
457 1921 490 1991 id
510 1943 613 2002 eum,
636 1921 703 1990 nisi
729 1943 790 2011 pro
818 1921 940 1991 mundi
963 1921 1055 1992 fastu
1078 1934 1110 1991 et
1132 1921 1353 1992 ostentatione
1372 1919 1385 1986 l
1397 1957 1406 1966 -

157 2033 233 2080 cere
256 2011 477 2081 existimaret.
500 2014 639 2079 Tantam
660 2009 726 2080 sibi
750 2023 782 2079 ct
806 2011 907 2100 Regis
930 2023 963 2079 et
987 2011 1090 2080 totius
1114 2011 1212 2100 regni
1230 2011 1406 2080 conciliarat

156 2100 314 2191 gratiam,
340 2112 379 2170 ut
402 2100 426 2168 ii
450 2097 514 2169 soli
539 2098 627 2169 beati
654 2111 867 2188 putarentur,
894 2099 954 2185 qui
979 2097 1029 2168 illi
1056 2099 1190 2188 placere
1216 2100 1403 2187 potuissem:

156 2201 194 2258 ut
219 2200 312 2260 tanto
345 2188 455 2278 magis
488 2185 720 2287 praedicanda
753 2188 796 2257 sit
831 2186 1065 2257 misericordia
1100 2187 1406 2276 redemptorisque

157 2276 287 2347 mundo
319 2275 419 2345 illum
449 2276 587 2365 eripuit,
612 2276 671 2364 qui
700 2288 746 2346 tot
777 2274 897 2344 mundi
928 2275 1073 2347 nexibus
1103 2275 1284 2347 videbatur
1314 2274 1406 2365 impli-

156 2379 263 2436 catus.

200 2457 283 2542 Μ.
311 2453 414 2524 Desiit
438 2453 574 2522 interim
605 2473 680 2522 esse
704 2453 738 2521 in
766 2453 929 2522 humanis
951 2453 984 2487 *⁴*
1010 2453 1228 2524 Theobaldus
1255 2449 1405 2540 archiepi-

156 2565 307 2632 scopus,
335 2547 472 2632 chque
496 2541 562 2610 sibi
588 2542 824 2631 persuadens,
851 2542 1036 2610 adomnia
1063 2542 1129 2611 sibi
1158 2543 1191 2610 in
1223 2543 1403 2631 Episcopatu

155 2631 398 2702 obsecuturum
429 2631 619 2710 Thomam,
649 2627 747 2699 illum
775 2630 907 2700 curavit
930 2629 1124 2700 Theobaldo
1148 2631 1401 2720 subrogandum.

155 2725 314 2790 Coactum
344 2730 394 2788 est
418 2719 563 2789 Londini
590 2719 801 2798 concilium,
828 2719 956 2789 electus
981 2732 1030 2788 est
1058 2719 1091 2787 in
1122 2719 1405 2810 Archiepiseopun

154 2809 301 2879 Thomas
325 2807 572 2888 cancellarius,
598 2808 800 2877 confirmata
824 2807 943 2877 electio
974 2819 1048 2888 est,
1082 2829 1143 2876 nec
1174 2821 1247 2878 erat
1271 2809 1330 2896 qui
1353 2826 1405 2874 non

158 2897 298 2968 haberet
331 2909 461 2986 gratam
498 2908 531 2966 et
565 2909 700 2978 ratam,
739 2909 871 2987 praeter
905 2896 1154 2966 Londinensem
1189 2897 1405 2986 Episcopum,

153 2986 214 3073 qui
238 2997 350 3054 tamen
372 2985 438 3055 cito
459 3005 635 3074 repressus
658 2997 719 3054 est.
747 2984 831 3054 lnde
854 2984 1001 3054 Thomas
1026 2983 1259 3056 introducitur
1283 2989 1407 3056 Cantua-

154 3074 254 3154 riam,
282 3073 428 3144 solemni
456 3073 633 3144 devotione
656 3095 675 3142 a
705 3073 798 3143 Clero
847 3073 1021 3162 opuloque
1044 3073 1236 3161 excipitur,
1266 3089 1407 3158 moreque

154 3161 384 3233 ecclesiastico
404 3176 634 3244 consecratur,
661 3174 693 3231 et
716 3162 750 3231 in
777 3095 856 3231 sede
879 3160 1079 3231 collocatur.
1107 3167 1289 3249 Postquam
1311 3175 1406 3231 autem

154 3265 373 3323 consecratus
389 3265 451 3333 est,
468 3263 500 3320 et
516 3273 636 3321 omnes
652 3249 694 3320 ad
712 3272 776 3320 sua
795 3251 955 3332 redirent,
984 3272 1060 3320 mox
1080 3251 1114 3318 in
1137 3251 1291 3340 seipsum
1317 3270 1407 3320 rever·

155 3363 225 3425 sus,
248 3355 280 3412 et
295 3340 336 3410 ad
354 3345 460 3410 Deum
477 3353 546 3409 toto
562 3339 664 3410 corde
680 3360 866 3410 conversus
881 3351 952 3408 est:
978 3352 1021 3420 et,
1039 3337 1128 3426 quod
1151 3338 1246 3408 dictu
1268 3335 1406 3409 mirabile

153 3443 226 3512 est,
256 3452 323 3500 non
344 3430 447 3500 citius
467 3451 564 3499 sacra
584 3426 644 3498 illa
672 3426 847 3498 delibutus
874 3439 924 3496 est
943 3427 1127 3508 unctione,
1156 3449 1261 3515 quarn
1288 3429 1407 3497 animus

153 3519 229 3609 ejus
255 3517 439 3610 multiplici
460 3517 607 3607 Spiritus
635 3518 750 3588 Sancti
774 3516 884 3608 gratia
907 3526 957 3586 est
982 3515 1141 3606 perfusus
1164 3531 1196 3586 et
1220 3517 1405 3586 inebriatus.

73 3671 75 3677 ,
153 3608 223 3678 Etsi
250 3619 364 3678 autem
397 3628 464 3676 non
495 3605 608 3675 statim
638 3605 823 3687 habitum,
854 3617 888 3674 at
911 3604 1066 3676 animum
1093 3625 1132 3673 ex
1157 3617 1226 3675 toto
1257 3603 1403 3676 mutavit:

153 3696 261 3766 immo
285 3718 352 3766 non
381 3695 476 3765 illius
500 3695 606 3776 haec,
633 3694 691 3765 sed
717 3695 860 3764 mutatio
884 3694 1040 3764 dexterae
1063 3692 1188 3763 excelsi
1220 3693 1294 3763 luit.
1321 3700 1404 3762 Porro

153 3807 196 3856 ne
219 3807 259 3855 ex
276 3785 402 3855 honore
426 3785 615 3865 inflaretur,
643 3795 760 3873 postea
782 3805 920 3853 carnem
940 3804 1038 3853 suam
1057 3781 1165 3852 lertur
1184 3781 1327 3853 diversis
1343 3799 1403 3870 poe·

153 3874 315 3945 nitentiae
339 3874 516 3944 laboribus
536 3873 706 3943 afflixisse.
734 3871 917 3962 Amplexus
940 3893 1078 3958 quoque
1101 3884 1152 3940 est
1166 3885 1199 3942 et
1215 3871 1362 3941 habitum
1377 3875 1400 3932 al

153 3964 349 4033 institutum
373 3984 505 4043 corum,
532 3983 618 4050 quos
644 3972 763 4030 vocant
778 3961 965 4030 Canonicos
990 3959 1176 4050 regulares
1199 3973 1231 4029 et
1251 3973 1320 4030 tum
1343 3975 1401 4025 mu·

153 4053 228 4120 neri
244 4050 510 4141 archiepiscopi,
539 4063 609 4120 tum
627 4049 678 4119 illi
695 4049 850 4120 instituto
868 4048 1013 4139 perfecte
1030 4048 1203 4129 satisfecit,
1223 4070 1301 4118 cum
1318 4059 1399 4132 aegre

153 4140 231 4226 quis
258 4161 337 4209 uam
356 4140 464 4239 possit
482 4138 685 4209 alterutrum
711 4139 767 4222 ita,
794 4151 833 4208 ut
857 4160 919 4228 par
941 4149 1003 4218 est,
1031 4137 1163 4225 exequi.
1192 4137 1262 4206 atta
1284 4148 1397 4222 quoque

152 4225 208 4295 his
232 4161 425 4296 difficiliora
449 4226 618 4315 adjunxit.
646 4231 686 4298 Ut
710 4241 822 4298 autem
848 4227 1062 4298 sanctitatem
1092 4248 1191 4296 suam
1211 4223 1393 4296 occultaret,

180 4384 192 4411 *
207 4384 320 4425 Hourlcue
329 4388 402 4437 hujus
411 4387 513 4430 nominis
523 4389 552 4436 11,
562 4389 602 4438 qul
612 4391 720 4439 regnavit
730 4391 759 4431 ab
769 4401 829 4432 anuo
840 4391 892 4432 tlte
902 4399 978 4441 usque
988 4391 1017 4431 ad
1028 4399 1116 4432 anuum
1127 4391 1187 4430 118⁹.

179 4435 204 4462 w
219 4436 282 4474 onut
292 4447 352 4479 anuo
362 4443 423 4488 llum
433 4445 533 4484 ‘rhomae
543 4452 600 4484 voro
610 4444 803 4494 archiepiscopus
813 4445 988 4487 cantuariensis
999 4454 1060 4486 enno
1071 4445 1182 4494 sequenti
1192 4442 1279 4484 erectus
1293 4437 1330 4480 etl.
