2972 4826
58 253 115 316 ott.
135 256 152 318 6
348 276 386 321 na
408 275 640 323 rnansmrrous
665 277 693 323 s.
720 273 846 323 mcomu
870 275 920 322 nr.
1046 315 1051 326 ,
1160 260 1223 324 485

57 357 111 454 laec
127 358 291 454 secretiora
319 359 486 446 quaedam
512 359 651 430 illorum
669 372 809 450 peccata
834 358 996 450 proferet,
1023 381 1080 431 eos
1099 359 1193 448 justa
1209 360 1269 430 ad·

55 456 190 515 nrmtione
201 459 231 516 et
246 449 449 536 poenitentia
468 449 613 538 repletos
629 448 773 518 dimisit.

81 535 169 618 titt.
194 537 250 606 Hic
272 536 388 624 itaque
412 538 513 607 tantis
537 537 715 628 praeditus
739 538 966 619 ornamentis,
993 537 1042 607 sic
1067 537 1155 606 inter
1179 557 1268 606 mor-

56 621 110 690 tales
128 637 266 694 versatus
289 637 352 708 est,
371 638 409 695 ut
424 626 517 696 coelo
534 647 670 716 semper
686 639 718 696 et
733 624 989 696 immortalitate
1012 627 1168 696 omnium
1185 647 1268 696 con-

52 730 123 780 sensu
141 711 358 803 dignissimus
373 715 555 784 videretur.
575 716 640 797 Qui
660 737 739 784 cum
756 715 900 797 diutius,
926 715 1026 803 quasi
1050 715 1162 785 lilium
1178 715 1269 784 intra

52 802 178 885 iprenses
199 802 311 873 hortos
329 804 586 894 jucundissime
612 803 840 886 redolevisset,
864 815 897 874 et
920 804 1024 874 vcluti
1048 814 1267 893 unguentum

52 883 187 976 lapsos,
210 891 403 962 divinarum
435 894 598 963 virtutum
632 892 770 962 odorem
800 905 901 980 atque
929 894 1131 963 suavitatem
1161 913 1202 961 en
1232 911 1269 961 se

49 977 192 1062 spirasset,
218 981 352 1052 taudem
379 982 511 1052 dierum
537 993 735 1052 sanctorum
761 981 909 1072 plenus,
935 983 969 1050 in
999 981 1144 1050 viridem
1170 1001 1268 1051 sene-

45 1075 136 1135 ctutem
157 1067 336 1140 inducitur.
354 1077 500 1158 Jamque
514 1092 594 1140 cum
611 1071 788 1141 communi
807 1071 986 1141 hominum
1004 1070 1078 1160 lege
1093 1068 1264 1140 litandum

45 1167 108 1221 esset
126 1170 262 1237 naturae,
289 1159 324 1226 in
353 1159 513 1239 brevem,
539 1181 684 1247 eamque
715 1159 834 1241 levem,
861 1159 1112 1251 aegritudinem
1130 1158 1263 1227 incidit.

46 1243 151 1312 ltacum
177 1246 280 1316 intelli
307 1259 388 1330 eret,
415 1247 495 1317 binc
520 1248 585 1318 sibi
612 1248 943 1338 migrandumesse,
971 1250 1090 1318 beatus
1118 1247 1181 1317 isto
1209 1269 1266 1316 su-

44 1331 150 1426 perioris
169 1271 354 1406 terasciam
380 1337 482 1406 veteri
506 1337 676 1406 desiderio
700 1339 872 1426 llagrans,
898 1338 934 1404 in
961 1336 1110 1426 hymnos
1134 1350 1167 1404 et
1189 1357 1267 1426 gra·

43 1429 134 1488 tarum
155 1425 296 1496 actiones
321 1437 411 1496 totus
426 1425 644 1506 diffunditur,
665 1429 827 1512 omnique
848 1425 994 1496 laetitiae
1013 1425 1266 1516 significatione

41 1507 192 1590 valedicto,
211 1513 245 1582 in
270 1513 418 1594 coelum,
445 1514 536 1601 quod
562 1515 627 1585 sibi
652 1527 808 1603 apertum
835 1514 1018 1594 cernebat,
1045 1515 1165 1595 evolat,
1193 1513 1264 1582 lon·

41 1616 146 1692 gustam
168 1600 232 1670 illic
254 1617 289 1672 et
306 1603 548 1692 sempiternam
574 1615 715 1672 acturus
735 1604 851 1684 vitam,
879 1603 1079 1692 angelorum
1105 1602 1266 1692 splendo-

41 1683 111 1754 nbus
121 1709 255 1772 consors,
268 1691 474 1778 divinaeque
490 1691 735 1782 pulcritudinis
753 1705 936 1782 perpetuus
949 1691 1209 1778 contemplator.
1225 1693 1264 1759 it

43 1776 1266 1870 venerabilecorpus‚singulareorbisterrarumornamentum‚Episcopo·
1349 1793 1350 1797 ’

43 1879 107 1942 tun,
122 1867 328 1955 universique
352 1868 433 1938 cleri
452 1881 484 1938 et
501 1869 618 1958 populi
643 1867 805 1940 laudibus
821 1882 853 1938 et
872 1868 1035 1959 lacrymis
1051 1869 1263 1948 decoratum,

43 1946 210 2024 bunaturin
235 1957 380 2045 templo,
406 1957 494 2047 quod
522 1959 625 2046 Myris
645 1960 834 2028 maximum
860 1979 899 2028 ac
926 1958 1200 2048 pulcherrimum
1225 1977 1264 2025 ea

47 2044 194 2127 tenpestate
215 2047 295 2116 luit.

81 2127 170 2210 §tlt
191 2139 237 2204 lix
266 2134 463 2222 purissimis
486 2149 598 2204 autem
626 2134 694 2204 illis
718 2147 750 2204 et
775 2133 1006 2205 redolentibus
1025 2133 1189 2203 membris
1207 2153 1267 2222 per

49 2225 160 2318 animata
177 2223 293 2292 secula
317 2223 352 2290 in
378 2223 470 2293 buno
495 2245 604 2310 usque
628 2223 719 2292 diem
745 2235 923 2292 nectareus
957 2221 1100 2293 distillat
1124 2221 1262 2309 liquor,

47 2317 186 2404 certissima
206 2309 446 2401 spiritualium
470 2334 509 2382 ac
533 2311 763 2401 corporalium
796 2311 1053 2401 aegritudinum
1080 2311 1264 2380 medicina.

47 2391 107 2476 Eyus
122 2408 209 2484 itaque
238 2400 333 2469 fama
357 2421 434 2468 cum
455 2399 497 2469 ad
516 2401 763 2469 remotissimas
779 2421 916 2487 quoque
934 2400 1127 2488 provincias
1151 2400 1265 2471 subito

43 2495 214 2571 penetrasset,
244 2489 289 2558 ad
310 2487 387 2575 ejus
405 2488 632 2557 venerabilem
661 2486 835 2558 tumulum
860 2488 1074 2559 incredibilis
1102 2490 1267 2559 continuo

39 2564 119 2640 lactus
135 2589 179 2646 est
200 2577 387 2648 hominum
412 2578 568 2646 exomni
594 2577 648 2666 pla
675 2600 694 2645 a
717 2599 919 2646 concursus.
949 2582 1063 2664 lleque
1087 2577 1156 2646 illis
1175 2577 1265 2646 mul-

36 2665 118 2731 lorum
139 2663 210 2736 licet
237 2666 376 2736 dierum
398 2666 518 2735 itinera
542 2667 634 2734 visen
663 2667 673 2734 i
698 2667 791 2735 busti
819 2665 1026 2734 desiderium
1052 2664 1262 2747 adimebant,

34 2759 59 2812 ut
77 2763 103 2818 et
121 2775 210 2828 sacro
227 2767 441 2846 ungerentur
464 2754 607 2841 liquore,
627 2765 658 2823 et
675 2753 801 2824 tumuli
822 2755 932 2844 ipsius
953 2754 1134 2844 complexu
1157 2767 1189 2824 et
1214 2767 1267 2824 ve·

32 2841 173 2912 roratione
188 2857 473 2916 consecrarentur
488 2843 515 2908 ⁴.

529 3095 733 3162 ninnium
893 3091 941 3168 sti
964 3039 1044 3120 W

87 3231 460 3314 antemittit).
494 3233 755 3314 MYRENSIS
787 3232 1189 3315 TRANSLATIONIS

26 3460 70 3555 ξ
92 3463 125 3530 i.
152 3466 330 3553 Postquam
364 3463 451 3534 beati
483 3463 611 3534 Nicolai
636 3463 828 3533 substantia
862 3464 1061 3553 incorporea
1090 3473 1124 3531 et
1147 3459 1266 3530 invisi-

26 3543 86 3643 bilis
107 3571 126 3618 a
148 3571 308 3641 corporea
331 3551 526 3640 visibilique
549 3550 659 3622 iuerat
679 3551 870 3623 substantia
895 3563 1062 3643 separata,
1084 3564 1117 3620 et
1136 3549 1179 3618 ab
1196 3549 1266 3638 spi·
1319 3561 1321 3567 ⁴

24 3634 128 3708 ritibus
150 3642 300 3712 uranicis
324 3641 359 3709 in
384 3653 584 3732 praeparata
609 3640 726 3730 requio
750 3639 924 3722 collocata,
951 3639 1052 3709 multi
1080 3643 1267 3726 Imperato-

25 3739 85 3802 ris,
109 3728 270 3818 multique
295 3741 447 3819 potentes
471 3730 656 3811 mortales,
690 3743 785 3800 artus
819 3730 914 3800 illius
947 3725 1199 3798 sacratissimos
1225 3723 1268 3796 dc

27 3827 118 3894 urna,
143 3837 206 3903 qua
237 3819 423 3889 manebant
454 3818 645 3900 reconditi,
672 3840 809 3889 summo
842 3817 1024 3888 conamine
1050 3827 1269 3886 tentaverunt

44 3955 94 3994 'De
106 3958 192 4007 uqacra
204 3961 255 4007 hoc.
270 3964 313 4012 qni
327 3963 370 4004 eit.
382 3962 473 4003 Nicolai
483 3971 587 4012 corpore.
596 3963 624 4002 nt
633 3973 646 4003 s
655 3961 753 4010 perenni
763 3963 931 4002 charismatum
941 3961 1014 4005 toute.
1022 3959 1140 4004 manabat.
1150 3961 1219 4008 plura
1230 3970 1270 4000 an·

26 4009 222 4056 &lesmorrensem
230 4016 355 4056 habentur.
368 4017 451 4056 unicae
463 4019 542 4056 numm
552 4016 574 4056 8.
585 4013 705 4056 antistitis
715 4017 801 4056 mirum
810 4017 835 4056 tn
847 4016 950 4060 modum.
960 4016 1011 4054 turn
1019 4013 1044 4052 iu
1052 4013 1180 4054 Ecclesiam
1190 4013 1270 4054 Orissa·

25 4062 85 4107 sum,
101 4068 150 4105 turn
164 4065 185 4108 iu
200 4069 373 4110 occidentatem
389 4070 501 4109 dilatatus
519 4069 561 4113 est,
576 4070 661 4110 erectta
675 4069 761 4120 ubique
772 4072 796 4110 tn
805 4071 913 4118 ejusdcm
924 4069 1037 4108 honorem
1046 4075 1100 4111 arta.
1110 4067 1213 4114 templis,
1223 4069 1269 4107 sta·

27 4113 110 4175 uisque,-
126 4118 156 4158 Ut
169 4121 195 4162 ic
211 4121 312 4163 caeteris
327 4123 418 4167 sileam,
434 4121 583 4162 iustinianus
598 4123 728 4170 imperator
747 4123 895 4172 splendidum
905 4121 1020 4170 temptum
1030 4120 1235 4169 constantinopoli
1246 4120 1269 4161 si

29 4170 131 4209 sacrans
138 4173 351 4216 Poetaeetoratorss
361 4174 480 4215 innumeri
489 4175 511 4216 S.
520 4175 641 4217 Nicolaum
649 4176 758 4216 laudibus
768 4184 918 4216 exornavere.
928 4175 1011 4216 Sacrae
1018 4173 1098 4213 autsua
1105 4174 1157 4221 etus
1165 4175 1270 4219 exuviae.

30 4221 72 4258 Ψ)
87 4224 141 4268 tuat,
154 4236 166 4265 s
180 4227 280 4276 tirrensi
294 4230 352 4268 urbe
365 4225 508 4272 Beniamin
522 4229 596 4274 Italia,
609 4230 700 4270 delatas
714 4231 780 4269 sunt:
795 4239 842 4278 quo
855 4230 923 4269 modo
939 4225 1032 4276 egregie
1050 4226 1269 4268 namavictoannec

28 4265 108 4314 Etim
117 4277 224 4320 &ctesias
234 4278 412 4323 archidiaconus
420 4281 492 4330 jussu
500 4281 596 4321 Urscuts
606 4283 716 4323 Berensis
726 4285 750 4322 ct
759 4283 889 4323 Canusinae
899 4277 1018 4321 Ecclesiae
1028 4277 1210 4328 archiepiscopi,
1223 4281 1268 4321 sub

29 4329 63 4393 ξύ
73 4328 174 4373 Praescia
186 4331 308 4375 translatio
323 4337 420 4382 peracta
429 4335 474 4374 cst.
484 4335 623 4384 Huiusmodi
633 4333 790 4377 narrationem
800 4335 997 4384 operaepretium
1008 4331 1116 4372 cadmus
1125 4329 1164 4372 tric
1173 4335 1269 4375 reterre.

33 4383 152 4422 *miv
160 4387 217 4426 cuins
226 4397 254 4428 sa
262 4397 275 4427 a
284 4385 354 4427 Surio
363 4387 389 4426 tn
398 4387 471 4426 bomo
481 4395 531 4431 vrri,
539 4385 576 4426 dis
586 4389 598 4428 ⁹
608 4386 671 4436 mati.
