2946 4798
13 307 89 368 [nit.
118 307 159 368 29
428 321 466 368 nr
490 322 517 367 s.
545 319 707 368 usurario
730 320 851 368 aaaaro
1168 304 1231 369 537

10 407 151 498 capillis,
177 419 208 476 et
233 405 434 498 prudentia:
461 405 518 475 cui
541 405 643 474 eliam
664 404 857 475 celebratus
882 403 939 473 ille
961 404 1112 476 lacobus
1137 421 1276 497 propter

9 509 144 566 aetatem
163 496 285 565 lubens
300 496 414 564 cessit.
442 498 524 564 Cum
541 494 625 564 baec
645 507 758 564 autem
785 495 833 564 sic
851 494 1108 583 processissent,
1132 497 1275 566 Marcel-

10 587 74 655 lum
101 606 315 672 nequaquam
343 583 445 654 latere
465 594 617 674 potuere.
636 583 700 652 Sed
720 594 900 684 postquam
922 583 1026 654 linem
1051 598 1272 684 aeceperunt,

10 689 36 742 et
57 676 128 762 ipse
150 687 199 744 est
219 693 388 754 reversus,
413 673 585 742 ettcanni
611 670 676 743 luit
691 685 909 761 conpunctus,
932 672 1073 743 effectus
1090 695 1121 742 er
1147 695 1273 744 manus
1366 735 1369 742 .

10 763 151 843 dextera,
169 776 200 833 et
223 763 352 852 optime
372 761 477 831 simul
501 760 613 831 lerens
637 783 726 831 onus
750 759 1080 832 administrationis:
1110 784 1187 831 cum
1216 763 1276 833 ille

10 852 142 938 quidem
169 849 579 942 proplerPraeleeturam
601 849 688 920 nibil
716 862 805 920 esset
828 849 940 920 lactus
965 849 1188 921 insolentior:
1217 852 1274 921 bie

12 961 84 1008 vero
106 953 190 1010 esset
215 962 324 1031 purus
348 939 392 1008 ab
416 941 510 1010 omni
535 938 687 1021 invidia,
713 951 746 1008 et
772 939 803 1008 ei
828 959 906 1009 vero
929 961 1046 1010 amore
1076 940 1272 1030 colligatus.

13 1032 155 1119 sicergo
171 1030 290 1100 ambos
306 1028 454 1100 babebat
473 1027 654 1098 Alexandri
672 1028 933 1098 monasterium.

55 1121 72 1203 ,ξ
93 1121 130 1188 1.
155 1125 228 1188 Post
251 1117 390 1206 aliquod
415 1127 530 1187 antem
555 1127 692 1208 tempus
716 1139 736 1186 a
759 1116 936 1188 Philotheo
961 1139 1149 1207 persuasus
1172 1117 1275 1188 loan-

16 1227 86 1285 nes,
105 1207 371 1294 receditquidem
393 1205 436 1276 ab
453 1205 518 1276 boc
532 1205 615 1275 loco.
635 1206 732 1276 Venit
747 1217 862 1276 aulem
878 1206 920 1274 ad
939 1206 1124 1293 quemdam
1144 1205 1271 1288 locum,

16 1315 54 1360 er
82 1317 180 1383 aequo
206 1296 354 1366 liberum
375 1317 394 1364 a
419 1295 521 1366 turba
547 1295 702 1376 civium,
728 1307 761 1364 et
784 1317 805 1364 a
827 1293 1029 1366 difficultate
1061 1294 1272 1367 solitudinis.

20 1387 119 1452 Locus
141 1407 214 1456 vero
233 1396 284 1456 est
308 1384 535 1475 Bythinorum
558 1384 698 1471 quidem
725 1384 897 1474 regionis:
923 1383 1010 1454 situs
1029 1397 1080 1454 est
1100 1396 1213 1454 autem
1240 1385 1275 1452 in

17 1470 164 1546 lancibus
187 1474 303 1556 maris,
323 1475 380 1544 cui
399 1495 439 1544 er
463 1473 606 1544 adverso
630 1473 735 1544 sitnm
760 1473 923 1554 cernitur,
951 1473 1041 1561 quod
1059 1485 1200 1544 vocatur
1216 1477 1277 1544 So-

15 1561 191 1633 sthenium.
219 1569 289 1633 Hoc
305 1563 375 1633 sive
400 1573 590 1653 propterea,
616 1561 708 1650 quod
724 1562 768 1632 sit
792 1575 960 1632 remotum
985 1584 1006 1632 a
1030 1563 1186 1652 strepitu,
1204 1563 1277 1632 sive

16 1663 146 1740 propter
174 1651 305 1740 aliquid
335 1651 453 1733 aliud,
482 1664 564 1722 tune
593 1650 733 1740 quidem
765 1651 1010 1721 nominabatur
1041 1655 1219 1721 irenaeum
1245 1651 1273 1716 *.

15 1745 92 1807 Cum
109 1745 255 1810 loannes
275 1751 388 1810 autem
406 1761 476 1811 rem
496 1739 607 1830 ipsam
629 1760 752 1810 nomen
771 1739 845 1810 loco
861 1739 1022 1820 dedisset,
1044 1752 1182 1896 progrter
1196 1761 1275 1831 per·

18 1841 110 1915 patna
126 1851 210 1916 quae
227 1829 270 1900 ad
293 1835 398 1898 Deum
416 1829 506 1900 fiunt
522 1829 667 1910 cantica,
687 1829 721 1898 in
748 1829 954 1899 hodiernum
972 1849 1083 1914 nsque
1125 1829 1191 1897 iem
1218 1849 1278 1898 no-

20 1918 159 1987 minatur
184 1918 431 1988 monasterium
456 1935 622 2009 aelapsam,
649 1917 713 1987 boc
732 1929 800 2001 est,
824 1924 895 1988 Noa
918 1918 1165 1986 demittentium.
1193 1921 1276 1986 Nam

19 2027 90 2072 cum
108 2007 260 2078 eamdem
280 2006 440 2088 formam,
466 2029 572 2094 quam
596 2006 796 2089 Alexander,
825 2008 978 2078 imitatus
998 2019 1086 2076 esset
1109 2011 1272 2086 loannes,

19 2115 124 2164 eorum
142 2096 201 2183 qui
222 2119 283 2187 per
306 2096 396 2166 vices
420 2096 600 2176 canebant,
630 2095 725 2165 nullo
742 2117 863 2165 somno
888 2097 1114 2185 interruptam
1133 2093 1278 2164 faciebat

20 2183 303 2271 glorificationem.
324 2189 408 2254 Cum
434 2183 503 2255 buc
526 2197 640 2255 aulem
666 2183 725 2254 ille
749 2182 1139 2254 sacrum-transtulisset
1158 2204 1278 2253 mona-

23 2273 146 2343 sterium
162 2274 294 2362 (locum
318 2273 411 2343 enim
424 2273 495 2360 jam
516 2273 608 2344 dono
625 2285 802 2363 acceperat
818 2273 862 2342 ab
878 2271 948 2353 illo,
968 2272 1029 2359 qui
1046 2274 1143 2362 prius
1163 2271 1277 2341 dictos

24 2373 68 2428 cst
88 2362 303 2452 Philotbeus)‚
322 2362 392 2432 dici
410 2384 477 2432 non
504 2374 624 2452 potest,
642 2363 783 2450 quantis
806 2361 929 2432 officiis
945 2373 977 2431 et
994 2361 1185 2431 honoribus
1210 2361 1277 2430 sibi

24 2453 265 2536 pmmerebatur
288 2463 321 2521 et
337 2453 371 2520 in
397 2471 495 2522 suam
517 2451 693 2542 redigebat
714 2462 912 2608 potestatem
929 2449 1141 2529 Marcellum,
1164 2449 1277 2521 sciens

22 2559 51 2606 sc
72 2542 204 2626 quidem
222 2561 297 2610 esse
317 2551 424 2610 aetate
444 2552 665 2631 proveetum:
692 2539 791 2611 ilum
818 2561 895 2609 vero
918 2549 951 2609 et
974 2539 1225 2620 exercitatione,
1245 2550 1277 2608 et

21 2627 172 2712 doctrina,
190 2642 223 2700 et
247 2629 378 2719 ingenii
395 2628 567 2710 acumine,
585 2641 618 2700 et
641 2628 719 2698 aliis
742 2629 905 2700 omnibus
926 2628 1026 2699 bonis
1043 2627 1143 2785 longe
1167 2627 1278 2697 excel-

22 2715 90 2786 lere.
115 2718 341 2801 Quamobrem
366 2719 606 2789 communium
631 2717 788 2787 omnium
813 2740 897 2787 cura
925 2714 1076 2787 Marcelli
1112 2717 1181 2786 idei
1206 2728 1278 2786 erat

21 2805 145 2876 credita.
171 2813 254 2879 Nam
280 2807 376 2877 hunc
398 2829 534 2895 quoque
557 2807 701 2878 loannis
720 2806 876 2877 loturum
901 2827 1135 2876 successorem
1160 2805 1278 2875 divina

22 2908 144 2966 noverat
162 2895 388 2986 providentia,
401 2906 434 2966 et
449 2896 582 2966 volebat
597 2917 678 2966 eum
719 2894 815 2967 ulcre
830 2895 968 2966 erudire
985 2897 1019 2963 in
1038 2894 1080 2965 iis
1095 2915 1183 2986 quae
1223 2915 1278 2964 er-

22 2984 116 3055 tinent
138 2985 179 3055 ad
205 2984 409 3076 regendum.
435 2989 505 3055 Hoc
529 3005 608 3054 vero
627 2997 659 3054 et
676 2917 754 3054 abis
777 2983 916 3072 quidem
938 2983 1077 3054 indiciis
1101 2916 1279 3073 signibba·

23 3073 123 3144 batur:
150 3075 213 3144 bac
239 3096 274 3144 re
298 3086 410 3143 autem
437 3073 487 3144 vel
515 3073 661 3143 maxime
677 3073 784 3143 evasit
809 3072 1041 3152 manifestum,
1067 3073 1159 3163 quod
1176 3073 1278 3144 ambo

22 3163 123 3252 eodem
139 3163 206 3244 die,
225 3168 376 3233 loannes
416 3162 530 3232 uidem
552 3161 707 3233 ascendit
723 3162 766 3232 ad
788 3163 934 3252 gradum
955 3161 1171 3252 presbyterii,
1192 3165 1278 3232 llar-

22 3251 115 3322 cellos
131 3265 244 3322 autem
263 3251 304 3320 ad
326 3183 474 3342 gradum
494 3251 710 3323 Diaconatus.
830 3339 836 3350 ι
1251 3338 1257 3350 1

58 3345 73 3426 l
93 3343 130 3413 8.
157 3347 228 3413 Non
246 3340 330 3410 baec
347 3361 425 3410 vero
445 3338 557 3411 solum
575 3338 731 3410 futurum
748 3337 1010 3430 significabant:
1028 3339 1087 3408 sed
1107 3339 1210 3410 etiam
1228 3359 1279 3407 aar

23 3430 157 3513 quidam,
183 3430 244 3518 qui
272 3430 346 3520 ipse
369 3449 507 3517 quoque
531 3441 685 3518 praeerat
709 3431 805 3520 gregi
839 3428 998 3518 participi
1029 3427 1191 3508 rationis,
1242 3427 1279 3496 ui

25 3537 78 3586 non
97 3519 195 3620 longe
210 3518 328 3589 aberat
355 3539 375 3588 a
401 3517 608 3587 monasterio
623 3517 776 3599 loannis,
803 3517 861 3588 cui
883 3537 1007 3588 nomen
1033 3530 1106 3588 erat
1127 3449 1280 3585 Macedo·

27 3606 105 3690 nius,
132 3623 199 3678 vrta
226 3619 342 3678 autem
368 3605 580 3696 purissima,
612 3618 645 3677 et
668 3606 786 3676 divina
816 3605 985 3694 quaedam
1017 3617 1049 3676 et
1079 3605 1280 3696 prophetica

26 3695 132 3766 anima.
158 3702 193 3767 Is
215 3697 381 3785 quoniam
408 3713 475 3765 non
507 3694 631 3765 latebat
660 3694 881 3777 Marcellum,
909 3693 967 3766 sed
998 3705 1031 3765 et
1058 3694 1117 3764 ille
1144 3692 1281 3764 videbat

28 3783 196 3868 sidentem,
225 3796 259 3856 et
284 3807 364 3856 cum
392 3797 481 3855 esset
506 3783 693 3874 propbeta,
721 3805 789 3855 non
815 3783 996 3874 ignorabat
1019 3804 1099 3854 eum
1123 3783 1183 3872 qui
1208 3793 1281 3852 erat

29 3871 141 3957 similis,
162 3886 195 3945 et
209 3873 349 3944 assidue
369 3872 412 3943 ad
428 3893 509 3944 eum
525 3873 693 3944 veniebat.
713 3877 745 3943 Is
762 3872 932 3962 praedixit
956 3871 1125 3955 loturum,
1147 3884 1186 3942 ut
1210 3891 1280 3940 non

31 3959 119 4032 solnm
147 3963 242 4055 gregi
270 3973 452 4054 praeesset,
480 3961 537 4031 sed
565 3961 670 4033 simul
700 3962 836 4032 omnia:
862 3959 956 4049 quod
987 3960 1119 4032 seilicet
1141 3959 1281 4030 iuturus

33 4064 100 4119 assat
120 4053 233 4123 clarus
258 4064 397 4142 propter
413 4053 587 4131 virtutem,
610 4062 643 4120 et
665 4051 758 4138 qnod
784 4050 980 4122 universum
1006 4050 1075 4121 lere
1099 4061 1223 4120 terram
1249 4057 1281 4116 et

36 4157 106 4208 cacare
127 4141 308 4230 impletura
331 4151 420 4210 esset
444 4139 519 4230 ejus
544 4139 671 4230 gloria:
704 4139 795 4227 quod
821 4139 922 4210 multi
943 4139 1061 4210 Graeci
1085 4149 1118 4208 et
1141 4135 1281 4208 barbari

39 4223 69 4290 ab
91 4228 173 4300 illius
197 4229 318 4321 lingua
350 4227 558 4320 pendentes,
593 4228 740 4318 patriam
772 4228 911 4316 quidem
943 4227 1135 4318 abjuraturi
1168 4236 1282 4297 essent

60 4431 182 4484 'lumbeca
194 4439 258 4488 posia
274 4439 333 4478 lotas
350 4439 381 4477 rel
397 4435 537 4483 domicilium,
549 4445 562 4476 ι
572 4442 656 4486 mm
666 4433 781 4476 vocabulo
796 4427 879 4494 εἰρήνη
894 4435 961 4487 (με).
