2946 4798
243 303 307 369 530
567 321 606 368 or
629 316 675 368 ss
701 319 787 379 ruas,
818 318 924 368 odrina
947 317 1016 366 src.
1043 318 1100 366 xx.
1311 299 1383 365 unt.
1402 300 1433 362 tt

199 420 231 478 et
254 405 430 486 salutaria,
456 405 507 474 ira
526 416 706 486 aestuans,
730 404 836 493 jussit
864 427 922 475 eos
954 404 1219 495 quamprimum
1244 402 1370 473 abduci.
1395 402 1433 470 llli

199 517 236 567 er
261 517 280 565 o
305 494 419 564 statim
445 505 525 563 sunt
549 493 702 564 abducti.

237 518 261 672 l
284 587 358 656 81.
392 587 580 672 Imperator
608 594 743 652 autem:
771 586 965 662 «Vanane,
1001 580 1132 668 inquit,
1158 579 1228 651 luit
1260 601 1333 650 mea
1354 583 1435 666 maje

199 687 307 764 ctura,
334 691 414 740 cum
444 670 690 760 praedicerem,
724 691 782 740 vos
806 693 826 740 a
858 692 912 740 me
936 669 1121 740 defecisse?
1151 673 1268 740 Immo
1297 689 1434 739 veroexe·

199 761 332 842 orandi,
354 761 427 850 jam
458 760 561 829 etiam
586 759 751 828 adversus
769 781 823 829 me
852 759 1110 830 insurrexistis:
1141 757 1186 828 ad
1212 757 1321 830 alium
1341 771 1431 834 autea.

199 873 278 922 cum
303 870 371 937 quo
397 869 459 920 nos
482 869 561 918 acre
585 847 714 917 bellum
733 849 898 938 gerimus,
922 846 1167 938 transfugistis.
1191 853 1268 916 »Et
1284 847 1376 918 simul
1394 845 1431 914 dat

198 941 247 1012 eis
263 935 443 1028 legendam
469 936 670 1027 Epistulam.
692 936 800 1007 lussit
830 958 907 1006 vero
935 958 1014 1006 eum
1035 957 1186 1024 quoque,
1217 937 1281 1024 qui
1304 936 1429 1006 adductus

199 1040 282 1109 erat,
311 1025 494 1096 introduci.
515 1029 622 1108 Quem
647 1047 726 1095 cum
745 1025 912 1097 vidissent
936 1037 1115 1116 martyres,
1143 1024 1247 1095 valde
1267 1024 1430 1096 laetatisunt

198 1117 326 1198 aninto,
352 1135 512 1201 eumque,
539 1115 615 1185 etsi
640 1113 758 1205 procul
783 1127 931 1197 starent,
955 1113 1052 1183 vultu
1082 1126 1115 1184 et
1143 1127 1237 1184 nutu
1267 1113 1429 1185 salutarunt.

199 1205 428 1276 Maximianus
445 1215 559 1273 autem
576 1202 703 1274 fastum
716 1202 902 1290 quemdam
927 1215 959 1273 et
977 1202 1137 1293 spiritum
1163 1205 1357 1294 suscipiens
1371 1201 1433 1291 pria·

198 1293 297 1383 cipis,
316 1305 349 1362 et
369 1292 565 1362 immaniter
581 1313 659 1362 eum
687 1291 837 1362 intuens:
860 1293 955 1362 «Dic
970 1292 1067 1373 mibi,
1091 1291 1219 1379 inquit,
1249 1292 1369 1372 infelix,
1383 1289 1433 1377 quis

199 1396 261 1464 est,
284 1382 345 1469 qui
363 1381 447 1451 baec
471 1381 532 1452 tibi
553 1380 703 1462 tradidit,
722 1392 755 1450 et
774 1379 919 1450 ubinam
944 1380 1025 1451 latet
1048 1385 1282 1451 terrarumtr
1306 1380 1434 1450 Diaconu

199 1491 288 1554 vero,
308 1492 388 1540 curn
414 1491 538 1559 magna
557 1491 636 1538 voce
661 1468 760 1538 tacite
784 1469 827 1538 ad
842 1475 947 1540 Deum
967 1471 1063 1570 prius
1081 1468 1284 1553 clamasset,
1304 1483 1335 1539 et
1356 1467 1434 1558 petiis·

199 1571 260 1642 set,
288 1572 326 1629 ut
354 1559 595 1628 convenienter
632 1558 829 1628 verissimae
866 1557 1112 1646 promissioni,
1145 1555 1294 1629 daretur
1317 1558 1375 1630 sibi
1392 1555 1434 1624 oris

199 1673 217 1720 a
244 1649 351 1718 ertio:
379 1647 481 1729 «Qui
507 1646 646 1727 litteras,
675 1646 797 1734 inquit,
823 1645 928 1726 dedit,
958 1669 1038 1716 curn
1063 1647 1107 1715 sit
1130 1650 1270 1730 Pastor,
1296 1660 1328 1718 et
1353 1641 1434 1737 procul

198 1671 297 1820 alsit,
320 1757 457 1828 gregem
482 1735 679 1806 cohortatur
703 1748 735 1804 et
755 1735 873 1806 incitat
898 1733 942 1805 ad
964 1735 1143 1825 pietatem:
1162 1749 1198 1806 et
1223 1738 1433 1806 maximenon

198 1826 342 1898 senserit
359 1825 591 1894 incursionem
613 1823 774 1912 luporum
803 1836 836 1894 et
863 1823 1064 1894 serarum.»
1088 1829 1185 1894 Tunc
1218 1826 1315 1895 enim
1342 1824 1398 1894 alta
1417 1831 1434 1886 et

198 1915 291 1987 clara
308 1935 389 1984 voce
418 1936 480 1983 suo
504 1912 600 2003 gregi
629 1913 787 2002 imperat,
813 1924 845 1982 et
871 1934 961 2000 quae
992 1915 1061 1984 sint
1084 1911 1260 1994 facienda,
1288 1911 1432 2004 significat.

198 2011 291 2088 Quae
314 2002 540 2083 autemdicit,
567 2023 634 2071 non
659 2014 740 2072 sunt
754 2023 829 2084 sua,
848 2000 908 2072 sed
932 2023 972 2072 ea
995 2001 1166 2092 accepita
1193 2003 1311 2094 primo
1326 2013 1432 2093 pastor.

197 2093 258 2181 qut
276 2091 377 2162 dicit:
403 2093 513 2162 Nolite
537 2092 653 2160 timere
678 2113 731 2160 eos
759 2094 820 2182 qui
844 2092 998 2160 occidunt
1024 2113 1155 2182 corpus,
1175 2095 1331 2162 animam
1356 2099 1432 2160 cntra

196 2205 262 2252 noa
272 2190 409 2272 possunt
431 2180 578 2250 occidere
592 2180 724 2268 (Mattlv.
752 2179 798 2268 x).
824 2184 931 2270 Atque
954 2178 1024 2248 dixi
1052 2179 1208 2267 quidem,
1230 2181 1383 2270 quisnam
1398 2175 1433 2242 de

198 2270 287 2340 derit
312 2269 460 2340 litteras:
480 2268 659 2340 «Ubinam
678 2281 791 2339 autem
807 2269 863 2350 sit,
883 2289 952 2338 non
967 2267 1093 2338 dicam.
1114 2272 1241 2355 Aperta
1256 2270 1346 2340 enim
1367 2263 1435 2336 luerit

197 2358 344 2439 insania,
366 2357 513 2428 Pastoris
537 2379 611 2429 esse
633 2357 851 2445 proditorem,
870 2379 949 2427 eum
973 2357 1098 2445 quiex
1122 2356 1183 2428 illo
1210 2359 1387 2428 maximam
1400 2373 1433 2421 ac·

197 2449 287 2538 cepit
303 2446 501 2517 utilitatem:
523 2447 583 2536 qui
600 2447 702 2516 etiam
720 2446 850 2534 absque
867 2445 966 2515 nobis
986 2467 1064 2516 mox
1084 2445 1141 2518 liet
1162 2448 1375 2518 manifestus.
1387 2447 1434 2511 lou

197 2559 297 2626 posse
319 2537 409 2605 enim
428 2534 593 2604 abscondi
611 2535 780 2606 civitatem
799 2556 905 2625 supra
929 2545 1079 2606 montem
1098 2536 1262 2626 positam,
1280 2559 1340 2606 vox
1353 2531 1434 2603 divina

196 2626 292 2707 dixit,
315 2637 347 2695 et
363 2623 433 2693 veri
457 2623 648 2692 amatrix.»

239 2718 361 2804 §82
388 2717 478 2783 llaec
501 2734 580 2782 cum
602 2711 786 2784 fortissime
809 2712 951 2783 dixisset
965 2711 1087 2802 lingua
1110 2723 1244 2794 sancta,
1266 2735 1333 2785 non
1356 2712 1436 2780 ierem

195 2803 423 2872 Maximianus
440 2799 577 2871 dicendi
594 2800 798 2894 libertatern,
824 2814 861 2871 ut
885 2801 960 2891 ipsa
976 2813 1186 2891 amputetur,
1206 2823 1290 2872 eum
1311 2799 1437 2872 conden-

194 2904 264 2961 nat.
288 2889 415 2960 Deinde
441 2889 490 2960 sic
510 2890 609 3049 pubet
631 2911 712 2958 eum
737 2891 838 2961 obrui
862 2889 1050 2980 lapidibus.
1078 2895 1116 2960 Et
1144 2890 1204 2961 ille
1231 2892 1437 2979 quidenna

194 2999 311 3050 sacrae
329 2977 466 3068 linguae
489 3000 510 3048 o
537 2977 697 3048 lationem
722 2979 771 3049 sic
795 2979 942 3050 obrutus
962 2978 1150 3069 lapidibus,
1170 2979 1238 3050 tela
1255 2980 1386 3068 quidem
1404 2993 1438 3070 ut·

194 3066 243 3137 bil
260 3066 416 3138 curabat:
443 3066 502 3137 sed
529 3089 587 3137 cor
613 3087 671 3136 ore
719 3067 833 3137 uidem
859 3068 932 3158 jam
982 3069 1083 3138 artim
1110 3068 1227 3138 attrito
1247 3065 1437 3158 jaculatioar·

194 3155 271 3238 bue,
290 3156 414 3246 partim
434 3168 549 3226 autem
566 3087 901 3246 olrutoffiapidibus,
923 3089 1038 3227 erlbac
1064 3157 1175 3248 magis
1198 3159 1396 3250 erigebatur,
1417 3159 1438 3216 st

193 3245 228 3314 in
246 3245 357 3316 coelos
374 3244 599 3322 extollebatur
613 3247 741 3328 anima,
758 3245 890 3316 Christo
905 3245 1066 3336 angulari
1083 3245 1191 3336 lapidi
1207 3239 1436 3336 conjungenda·

192 3333 310 3406 Adbuc
334 3333 551 3404 vehementer
575 3334 785 3404 irascebatur
804 3333 1043 3404 Maximianus.
1068 3335 1237 3417 Quocirca
1258 3334 1435 3406 Dorotheum

193 3445 273 3494 curn
298 3422 371 3493 suis
389 3421 594 3512 multiplicia
618 3444 778 3514 excepere
802 3421 986 3513 supplicia.
1021 3422 1095 3493 lllis
1119 3445 1197 3494 vero
1216 3425 1358 3494 minime
1383 3435 1436 3507 ptr·

192 3525 294 3670 petua
320 3509 429 3582 deluit
461 3511 664 3594 constantia,
692 3511 863 3581 Christum
898 3512 1152 3594 invocantibus,
1183 3525 1217 3583 et
1241 3513 1436 3584 tormentaret

205 3600 281 3670 evia
299 3612 332 3669 et
356 3600 528 3670 imbecilla
547 3599 689 3670 minime
705 3600 920 3682 curantibus,
941 3600 991 3670 vel
1011 3601 1125 3691 potius
1149 3602 1383 3692 reputantibus
1393 3589 1435 3662 illa

194 3711 254 3781 pro
269 3687 414 3770 deliciis,
434 3702 466 3759 et
482 3695 640 3786 Tyranno
658 3689 867 3780 impietatem
885 3690 1045 3761 acerbius
1061 3689 1357 3780 exprobrantibus.
1371 3689 1436 3765 Qua·

193 3779 346 3850 mobrem
375 3777 432 3847 ille
463 3779 535 3879 jam
565 3776 737 3864 defessus,
769 3779 1001 3850 communiter
1024 3778 1163 3866 quidem
1200 3801 1320 3850 omnes
1355 3779 1435 3864 morte

191 3867 420 3940 condemnat:
440 3866 592 3938 diversas
609 3879 722 3936 autem
741 3867 948 3956 pronunciat
972 3868 1170 3939 sententias.
1198 3867 1360 3939 Dorotboo
1379 3877 1434 3946 qut·

191 3957 268 4028 dern
293 3977 375 4027 ense
398 3968 503 4046 caput
526 3957 711 4046 amputari,
739 3956 954 4027 Mardonium
979 3967 1094 4028 autem
1121 3957 1237 4027 vivum
1258 3951 1432 4026 cremari.el

190 4046 412 4138 Mygdonium
435 4045 469 4114 in
496 4045 620 4116 lossam
643 4045 835 4135 projectum
859 4045 980 4115 obrui:
1012 4047 1224 4138 Gorgonium
1254 4067 1328 4115 vero
1349 4053 1377 4110 et
1392 4039 1433 4131 ln·

190 4133 267 4204 dem
298 4147 331 4205 et
355 4139 517 4215 Petrum,
544 4135 735 4205 molaribus
767 4133 942 4225 lapidibus
965 4157 1084 4206 eorum
1111 4135 1210 4207 collis
1238 4130 1430 4224 alligatistll

190 4243 284 4292 mare
310 4225 393 4313 jaci.
426 4227 465 4292 Et
483 4224 530 4293 ita
561 4236 664 4306 sunt,
692 4223 942 4296 consummatis
970 4225 1121 4296 victoriis
1145 4225 1296 4316 insignes
1331 4218 1429 4288 eluso

192 4321 358 4396 martyres
378 4312 470 4381 vario
490 4333 613 4400 genere
631 4315 761 4394 mortis,
778 4335 848 4383 utra
863 4313 918 4383 via
935 4313 1082 4404 ingressi
1098 4313 1141 4384 ad
1160 4315 1345 4385 Dominum.
1359 4308 1429 4402 llttss

189 4414 270 4462 curn
299 4408 391 4466 casta
421 4399 611 4471 rescivisset
632 4405 779 4483 Domna,
807 4403 932 4491 partim
957 4403 1097 4490 quidem
1124 4402 1425 4475 laetabaturanmo
