2920 4810
160 322 260 392 tutto*
507 343 772 392 utnrrnuuocrurr
801 345 1015 393 ruuusrnnruu
1278 327 1361 394 tut.
1380 332 1397 394 0

115 425 201 488 uubis
215 432 273 498 est,¹
287 425 365 504 0000
388 424 490 488 lauced
506 423 583 486 latus
600 423 680 487 illius
696 440 750 504 pu·
780 426 836 488 hoc
851 443 1055 504 perungamus
1069 444 1139 502 00ος
1153 433 1196 501 et,
1210 429 1235 487 si
1252 443 1318 488 vera
1328 437 1398 498 suut,

115 512 281 582 pugerunt:
300 504 499 567 nihilauobis
512 507 683 567 omittatur:
699 505 747 568 ad·
777 521 853 582 0000
878 506 915 566 00
940 503 1062 569 Christo
1082 507 1249 582 dicuntur,
1269 509 1398 568 continuo

113 586 217 648 dumus
230 592 261 646 et
277 585 333 645 hoc
347 586 457 662 ipsum;
470 608 482 640 ι
497 585 598 663 itaque
612 584 748 647 lanceam
777 586 982 648 sanabuntur:
1011 590 1060 648 siu
1080 586 1175 660 alias,
1200 586 1333 648 ostentui
1356 587 1398 648 ha·

112 665 234 727 cuidam
246 665 620 742 porrigentesjusseruut,
634 665 750 728 utlatus
777 664 908 727 beantur
929 665 1047 728 anobis
1071 673 1293 745 cuncta„quae
1314 683 1329 728 a
1351 666 1399 728 suis

113 743 749 820 imaginisbomintcaetransfigeretitxeo
776 744 955 823 sequacibus
975 745 1148 808 afferuntur
1170 747 1208 806 de
1229 761 1277 808 00.
1300 768 1313 802 ι
1336 746 1397 808 llaec

111 833 215 886 autem
240 824 395 886 confestim
418 824 578 900 sanguinis
599 831 631 885 et
654 839 749 902 00000
776 823 935 898 dicentes,
967 823 1105 905 hydriam
1129 823 1276 887 deterunt
1304 827 1395 904 0001

113 904 204 966 rivuli
229 917 373 964 emanare
397 909 572 980 coeperunt.
603 901 747 976 Christe,
778 919 954 980 nagogam;
990 911 1190 967 aestimantes
1222 920 1255 966 se
1296 901 1395 968 Chrisu

112 985 208 1060 gloria
238 982 304 1044 tihi.
335 981 655 1061 incomprehensibilis
686 983 748 1044 llo·
776 983 986 1046 lesuilomino
1002 990 1107 1045 nostro
1127 986 1246 1046 aeterni
1264 983 1355 1062 Regis
1373 984 1398 1044 h·

113 1060 313 1140 mine,gloria
326 1061 391 1124 tibi.
407 1061 479 1135 Quis
495 1061 679 1134 tibisimilis,
693 1063 747 1124 Do·
776 1062 816 1124 lio
833 1065 996 1126 maximam
1021 1063 1136 1126 iulerre
1158 1079 1244 1142 posse
1255 1066 1397 1138 injuriam.

113 1144 214 1204 mine?
233 1142 306 1215 Quis
320 1141 396 1203 alius
411 1149 529 1218 praeter
546 1149 586 1211 te,
603 1140 690 1214 0000,
708 1144 749 1205 la·
774 1140 1049 1221 Congregaverunt
1079 1145 1175 1220 igitur
1202 1159 1399 1223 quoscumque

112 1223 195 1284 ciens
211 1221 361 1283 horrenda
380 1223 468 1298 signu
483 1230 513 1284 et
535 1220 693 1295 terribilia,
716 1229 747 1283 et
776 1231 959 1299 repererunt
974 1223 1141 1302 languidos,
1157 1232 1189 1284 et
1203 1223 1236 1283 in
1252 1232 1399 1302 conspectu

111 1301 346 1380 obstupescenda
363 1300 395 1362 iu
409 1303 492 1363 coelo
507 1307 537 1364 et
552 1301 584 1362 in
608 1308 685 1364 terra
697 1299 747 1363 ?0
775 1299 985 1365 Hebraeorum
1008 1303 1173 1365 introducti
1187 1311 1264 1364 sunt
1279 1303 1313 1364 iu
1326 1319 1400 1382 spua-

111 1379 298 1442 admirabilis
311 1379 457 1442 mediator
470 1380 560 1442 belet
573 1380 745 1456 hominum,
775 1397 903 1458 gugam:
920 1383 1000 1444 inter
1014 1399 1086 1460 nuos
1100 1383 1224 1460 quidam
1256 1389 1399 1460 provectae

111 1467 141 1522 ct
167 1459 357 1535 homousion,
380 1461 488 1522 mundi
509 1459 693 1536 Redemptor
712 1477 746 1522 ac
774 1463 880 1524 aetatis
895 1471 960 1524 erut
991 1463 1093 1536 homo,
1109 1476 1199 1538 00000
1215 1479 1233 1524 0
1249 1463 1399 1524 nativrtru

110 1539 258 1613 Salvator,
290 1541 381 1600 totius
405 1539 547 1602 bonitatis
573 1547 604 1602 et
627 1540 746 1618 pietatis
773 1542 1399 1620 suagrevissimapossederatcorporismo

111 1619 223 1681 lenset
238 1615 333 1697 origo!
357 1617 527 1697 Oquantus
552 1636 595 1691 es,
616 1619 745 1682 Domine
773 1619 1398 1700 1000000000000010000000004000.

110 1698 193 1772 iesu,
211 1699 241 1760 iu
257 1698 442 1762 humilitate!
465 1697 595 1777 000000
614 1714 745 1776 magnus
773 1699 880 1761 Latine
910 1717 984 1762 vero
1010 1701 1166 1762 dissolutio
1196 1701 1398 1763 membrorum

110 1793 152 1854 00,
183 1784 286 1840 noster
310 1777 460 1853 Salvator,
487 1781 517 1840 iu
534 1775 698 1856 patientta!
720 1777 744 1839 0
773 1779 897 1841 dicitur.
914 1780 969 1842 iiic
983 1779 1058 1842 dum
1075 1785 1207 1858 primum
1223 1780 1261 1856 ab
1275 1783 1322 1844 eis
1335 1781 1397 1842 lurs-

109 1869 241 1934 uuantus
259 1875 291 1920 es
306 1859 337 1920 in
359 1857 578 1932 misericordia,
603 1853 741 1919 Christel
771 1867 816 1920 set
833 1866 1008 1935 perunctus,
1028 1866 1154 1938 repente
1169 1861 1206 1922 00
1220 1877 1278 1922 suo
1290 1861 1399 1938 grabato

111 1937 198 2000 Tunc
212 1938 334 2016 quidem
349 1951 402 2014 pro
424 1945 523 2000 nostra
539 1937 634 2000 salute
648 1939 743 1998 iucar-
771 1939 1276 2013 enitens,incolumisreduttus‚ed
1292 1943 1399 2019 propris

111 2025 209 2090 natus,
227 2019 258 2080 in
272 2018 378 2080 eadem
396 2033 497 2088 cerne,
514 2033 606 2095 quam
622 2034 659 2082 en
676 2017 743 2080 Vir·
773 2019 931 2082 remeavit.
960 2019 1075 2081 Deinde
1102 2019 1288 2082 adducentes
1308 2035 1398 2082 caecos

109 2098 182 2174 gine
196 2105 297 2160 structa
319 2105 348 2159 et
364 2096 553 2160 immaculato
575 2111 742 2175 000000000-
772 2098 946 2172 00000000,
962 2096 1023 2161 loca
1038 2114 1148 2161 eorum
1175 2099 1330 2162 luminum
1345 2114 1400 2176 per·

111 2193 168 2248 ras,
193 2185 323 2240 mortem
346 2176 494 2254 pertulisti
517 2175 684 2238 crudelem.
708 2175 742 2236 Et
773 2193 890 2254 ungere
920 2179 1116 2240 studuerunt.
1140 2178 1202 2252 Qui
1227 2179 1285 2256 ipsi
1309 2181 1398 2240 statim

109 2257 160 2335 uui
177 2273 243 2319 eras
257 2258 286 2318 in
302 2257 470 2318 substantia
486 2271 556 2318 curn
569 2255 655 2318 Putre
669 2254 742 2316 Sen-
773 2257 804 2318 in
822 2257 931 2320 Christi
945 2257 1015 2320 iesu
1031 2259 1154 2322 nomine
1168 2257 1301 2321 discussa
1316 2259 1398 2319 caeci·

108 2341 216 2416 00000
240 2335 364 2416 Spiritu,
391 2345 513 2397 uuusct
536 2336 577 2396 im
599 2334 741 2407 assihitis,
774 2342 842 2410 tate,
862 2343 928 2416 post
950 2337 1062 2400 multos
1080 2353 1175 2399 annos
1190 2338 1299 2400 lumen
1319 2339 1397 2400 amis·

108 2419 245 2480 existens
266 2423 297 2477 et
312 2414 473 2477 inuisibilis
487 2351 666 2476 0000οῗοἰ00
683 2415 742 2476 hu·
770 2432 837 2478 sum
864 2419 998 2496 recipere
1026 2424 1220 2479 meruerunt.
1245 2417 1395 2479 Tumultus

108 2512 232 2560 menam
246 2495 346 2574 perire
357 2501 507 2556 naturam.
525 2493 582 2556 Sed
598 2493 695 2570 gloria
708 2495 742 2556 ti·
771 2501 872 2557 autem
888 2504 1014 2560 exortus
1028 2503 1073 2558 est
1089 2513 1221 2574 magnus
1242 2513 1296 2576 per
1316 2503 1395 2557 totam
1458 2495 1459 2506 ’

110 2575 151 2650 bi,
162 2576 304 2646 Domine,
318 2575 371 2652 qui
383 2574 570 2636 solusomnie
587 2582 671 2652 potes
682 2588 741 2636 una
754 2561 760 2608 ¹
773 2575 893 2638 tandem
908 2575 1297 2650 uv·bem‚concurrentthus
1310 2577 1395 2638 omui·

107 2671 178 2718 cum
203 2655 364 2718 benedicto
378 2653 441 2716 000
464 2661 567 2714 nostro
588 2659 619 2714 et
644 2653 741 2726 Patre,
771 2655 826 2716 bus
843 2663 964 2734 propter
981 2655 1232 2728 innumerabilia,
1261 2655 1393 2734 000000

107 2741 197 2814 atque
211 2749 282 2797 cum
292 2733 409 2812 Spiritu
432 2731 553 2796 Sancto.
569 2731 680 2794 tmen.
772 2735 1395 2814 bantmiracula.Etquicumquevariisbu·

146 2814 268 2887 Audite,
293 2829 398 2875 omnes
419 2811 566 2874 Ecclesiae
588 2811 655 2883 dlii,
677 2827 741 2873 cae·
771 2813 917 2890 guoribus
941 2815 1078 2878 inllrmos
1093 2830 1242 2894 possessos
1256 2815 1393 2878 habebant

108 2903 184 2966 tera,
206 2910 284 2971 0000
310 2893 500 2969 postmodum
524 2891 600 2954 lacta
622 2891 741 2968 dispen·
769 2893 850 2972 apud
865 2909 908 2968 se,
926 2893 999 2957 illuc
1020 2911 1069 2956 eos
1090 2895 1278 2957 deducentes
1300 2909 1393 2972 perun·

107 2979 260 3036 satesunt
284 2972 452 3034 abeodem
477 2971 626 3043 Domin03
650 2971 742 3049 ipsius
770 2973 893 3048 gebant,
922 2979 952 3034 et
978 2975 1078 3037 stetim
1105 2977 1288 3048 sanitatem,
1336 2987 1392 3034 uam

107 3051 191 3114 enim
206 3058 273 3114 erat
285 3053 455 3130 permissio.
472 3050 632 3128 Postquam
643 3051 740 3124 euim,
769 3053 993 3126 desiderabant,
1013 3053 1289 3131 consequebantur.
1312 2993 1392 3116 amne

107 3137 140 3194 ut
152 3133 292 3212 superius
314 3132 502 3204 dictumest,
525 3129 601 3192 latus
621 3136 741 3192 sauctae
769 3140 884 3206 autem,
899 3133 935 3196 ad
950 3148 1157 3212 quoscumque
1173 3133 1336 3212 peruenire
1348 3145 1389 3210 po·

107 3212 251 3289 imaginis
278 3209 360 3272 iliius
387 3219 526 3288 apertum
553 3216 622 3280 est,
645 3209 741 3272 conti·
771 3213 828 3274 tuit
843 3213 958 3289 opinio,
975 3211 1135 3276 efferentes
1160 3213 1314 3288 infirmos,
1333 3225 1391 3288 oue

107 3306 169 3354 nuo
193 3289 290 3355 exirit
303 3293 471 3367 sanguis-et
484 3305 573 3367 0000.
591 3287 741 3352 illiserunt
771 3291 882 3354 bebere
899 3298 1039 3370 poterant
1055 3293 1085 3354 in
1100 3292 1253 3367 domibus,
1269 3291 1391 3371 paralyti-

105 3377 206 3435 autem
223 3371 374 3450 principes
387 3369 594 3434 sacerdotum:
614 3368 740 3432 vallera-
769 3371 1239 3446 000,0000000100000000000,
1257 3377 1392 3441 000000,οῑ

108 3459 159 3513 tur
173 3467 225 3514 ras
239 3451 275 3513 ad
297 3449 397 3512 locum
422 3449 571 3520 vulneris,
586 3457 618 3509 et
638 3449 741 3511 videa·
770 3450 902 3528 leprosos
916 3453 981 3514 sive
1006 3451 1116 3524 aridos,
1141 3452 1333 3516 deducebant
1353 3463 1392 3512 ecs

107 3545 176 3593 mus
186 3527 456 3603 exitumrei.qui
469 3528 549 3590 illico
561 3527 741 3591 detulerunt
768 3530 804 3592 00
819 3546 1005 3609 synagogam
1025 3531 1224 3606 Iudaeorum,
1255 3533 1307 3594 uhi
1333 3531 1392 3592 baec

106 3610 255 3686 hydriam,
271 3619 301 3672 et
315 3610 352 3672 ad
367 3609 469 3672 locum
495 3608 643 3682 vulneris,
661 3608 740 3670 unde
768 3611 855 3686 signu
885 3611 998 3672 liebaut
1012 3610 1172 3674 divinitus.
1190 3609 1251 3674 Sed
1266 3611 1392 3690 quamvis

1 3739 2 3742 ,
105 3688 230 3770 sanguis
250 3697 281 3750 et
294 3707 372 3768 0000
393 3687 606 3761 decurrebant,
631 3693 741 3749 statue
770 3691 1391 3769 maximaessethasceademsynagogame-
1457 3741 1458 3760 ,

105 3779 189 3834 runt.
220 3768 302 3843 0000
320 3768 430 3848 absque
451 3767 509 3832 ulla
530 3783 612 3830 mura
638 3767 740 3829 subito
769 3785 918 3848 quaquam
936 3775 1038 3832 tumen
1061 3769 1198 3849 recipere
1220 3780 1337 3847 poterat
1354 3783 1394 3828 su·
1457 3797 1458 3806 ,

106 3851 218 3930 replete
233 3855 290 3911 est.
314 3849 465 3911 binerunt
488 3855 591 3910 autem
608 3847 643 3910 ad
661 3847 740 3908 invi·
771 3849 1018 3926 pervenientium
1035 3849 1284 3912 multitudinem:
1302 3847 1392 3912 inlini·

105 3946 187 3992 cern:
205 3954 218 3986 v
239 3930 389 4004 Quoniam
402 3936 562 3990 susurrant
583 3925 739 3989 Christum
770 3937 815 3992 00
831 3929 914 3992 enim
929 3935 1017 3991 eraut
1035 3930 1217 4006 populorum
1241 3938 1391 3992 catervae.

104 4009 238 4072 colentes
251 4008 332 4087 0000
347 4009 433 4086 signa
454 4015 484 4070 et
500 4007 636 4070 inaudita
648 4006 740 4069 multa
770 4024 847 4087 0000
864 4008 934 4070 illuc
960 4008 1096 4086 undique
1110 4009 1307 4072 confluebant
1333 4021 1392 4086 pro·

105 4087 209 4150 iecerit
234 4092 265 4151 iu
295 4087 422 4160 mundo,
449 4103 526 4164 0000
551 4101 642 4148 nemo
665 4085 741 4149 elius
770 4095 836 4165 pter
851 4087 1087 4151 innumerabilia
1103 4087 1249 4152 miracula
1265 4096 1295 4152 et
1306 4085 1392 4166 prodi·

104 4181 196 4242 egere
212 4169 319 4243 potuit,
331 4167 513 4244 accipiemus
526 4165 740 4243 huucsengui·
769 4167 831 4244 gie,
845 4183 921 4246 0000
938 4183 991 4246 pro
1005 4183 1057 4231 sua
1083 4169 1178 4231 nimia
1208 4169 1389 4248 prolixitate.

106 4258 178 4304 nem
199 4254 230 4304 et
244 4263 351 4323 000000
368 4249 455 4322 hane,
471 4252 502 4308 et
523 4245 694 4307 deteramus
704 4245 740 4308 ad
770 4247 1140 4325 uelastidiumgenerent,
1152 4243 1389 4326 transgrediendo

106 4327 239 4408 nostram
260 4339 457 4402 synagogam,
474 4332 505 4386 et
518 4340 741 4402 congregemus
771 4329 1068 4403 praetermittuntur.
1085 4324 1387 4408 Omnesautempriu-
1456 4379 1457 4384 ,

129 4411 270 4470 niver-sos,
287 4405 338 4476 qui
354 4420 385 4464 se
407 4404 486 4467 mate
508 4404 631 4478 habeut,
658 4411 688 4467 et
703 4421 738 4466 eu
769 4409 847 4484 cipes
857 4409 1046 4472 sacerdotum
1058 4415 1089 4470 et
1099 4410 1245 4484 seniores,
1259 4414 1386 4470 etomms
1456 4465 1457 4500 ἦ
