3046 4838
86 269 148 332 ott.
170 269 180 331 l
436 289 475 334 ue
495 285 522 335 s.
544 287 647 336 nmero
671 290 721 335 ne.
745 286 880 336 norton.
1207 270 1249 334 ll

82 383 104 438 et
121 383 269 458 praecepta
290 369 362 454 ejus
384 372 610 442 custodieritis
636 373 694 450 ita,
721 387 760 443 ut
783 370 872 440 nihil
900 369 1020 462 gentili
1044 372 1295 443 consuetudine

80 459 238 540 observetis,
264 458 347 528 nihil
380 461 474 530 vobis
492 462 563 548 jaro
590 462 754 532 inimicus
779 481 902 529 nocere
928 461 1061 550 poterit,
1088 460 1147 530 sed
1178 462 1293 530 omnia

79 547 148 616 roltis
163 569 305 636 prospere
329 548 459 617 cedent.
481 551 586 620 Probe
614 551 706 618 enim
735 549 930 619 Christiano
955 571 1017 618 uec
1043 550 1204 638 auguria,
1232 573 1294 620 nec

75 635 122 703 alia
140 635 293 722 quaelibet
315 637 476 727 figmenta
499 653 644 729 possunt
666 638 822 720 oliicerc;
843 637 925 724 quia
940 638 1001 709 ubi
1025 639 1164 738 siguum
1178 640 1295 710 Crucis

73 745 131 790 cum
151 724 209 794 lide
229 739 259 795 et
281 725 401 795 timore
426 729 478 795 [lei
504 730 747 817 praecesserit,
776 727 863 796 nihil
900 727 948 795 ibi
972 726 1138 796 inimicus
1174 730 1296 796 nocere

71 814 174 900 poterit.
198 813 324 904 lepidis
350 837 426 884 vero
447 830 479 885 et
504 816 759 906 negligentibus
783 817 860 886 ideo
885 837 1006 885 nocere
1030 828 1186 905 possunt,
1202 817 1294 907 quod

69 901 262 991 relinquentes
292 905 348 972 uei
378 921 576 996 praecepta,
606 925 666 996 per
689 909 776 976 vitae
801 927 884 974 suae
909 903 1155 995 negligentiam
1190 928 1294 994 prava

66 991 218 1089 ererccndu
239 1014 350 1082 opere.
371 995 437 1082 ipsi
457 1017 491 1065 se
507 994 717 1065 daemonum
737 995 895 1085 potestati
912 1007 1033 1082 sponte
1053 993 1214 1063 tradunt:
1235 996 1294 1152 qui

65 1099 86 1146 sr
98 1081 126 1146 in
141 1080 249 1150 Christi
265 1083 401 1152 servitio
417 1097 681 1171 perseverarent,
702 1098 735 1152 et
749 1085 826 1174 ejus
841 1085 1033 1152 niterentur
1048 1082 1190 1164 auxilio,
1208 1083 1243 1152 ni
1257 1083 1294 1152 ril

65 1187 177 1254 prorsus
195 1169 270 1238 meli
296 1183 502 1260 paterentur.

96 1259 110 1342 ἓ
130 1261 200 1329 ²⁰.
227 1283 239 1322 r
259 1264 348 1329 Heec
364 1282 401 1330 er
426 1261 622 1342 escientes,
643 1261 721 1330 totis
741 1259 873 1330 viribus
889 1259 1027 1330 divinae
1041 1261 1217 1332 inhaerete
1234 1263 1296 1330 mi-

63 1346 250 1430 sericordiae,
278 1371 382 1438 opera
403 1283 497 1418 ltona
521 1371 657 1439 semper
680 1352 792 1439 agite,
819 1362 851 1418 et
883 1349 926 1418 de
961 1349 1155 1420 substantia
1182 1362 1294 1421 vestra

62 1436 236 1520 pauperibus
258 1453 405 1530 erogate.
432 1440 497 1520 Qui
522 1438 601 1528 plus
627 1438 739 1516 habet,
762 1438 840 1527 plus
866 1438 1013 1518 tribuat;
1040 1440 1099 1527 qui
1127 1459 1203 1508 vero
1231 1441 1296 1508 mi·

62 1541 131 1594 nus.
156 1545 190 1594 ex
213 1526 283 1615 ipso
309 1528 478 1617 largiatur
503 1527 623 1596 beatus
646 1541 678 1596 et
704 1528 835 1598 hilaris.
865 1529 1108 1628 Unusquisque
1141 1528 1199 1598 det
1234 1549 1296 1616 pro

62 1611 177 1709 viribus
194 1629 238 1684 est
259 1618 366 1698 enim,
387 1616 479 1685 unde
503 1615 663 1706 gaudeat,
686 1618 799 1684 sciens
819 1637 856 1685 se
873 1637 934 1705 pro
959 1637 1093 1705 paucis,
1119 1639 1207 1705 quac
1226 1615 1295 1685 lar-

63 1711 154 1784 gitur,
179 1701 318 1790 plurima
342 1720 577 1794 recepturum.
603 1709 664 1774 liat
692 1707 785 1774 enim
813 1725 1021 1782 nummum,
1052 1716 1085 1774 et
1119 1717 1297 1794 comparat

63 1787 174 1858 coeleste
191 1813 343 1882 regnum:
370 1794 430 1863 dat
445 1816 584 1883 parvam
611 1795 808 1883 pecuniam,
828 1805 861 1862 et
884 1794 968 1862 emit
984 1793 1086 1862 vitam
1105 1809 1292 1864 aeternam.

64 1877 125 1946 Sitis
143 1900 210 1970 ergo
230 1883 379 1954 studiosi
398 1882 622 1970 praestandae
638 1883 897 1971 eleemosynae:
923 1885 985 1962 Eu,
1011 1882 1117 1963 enim,
1145 1897 1183 1953 ut
1212 1885 1296 1954 scri-

66 1975 141 2048 ptum
159 1983 207 2050 est,
227 1982 371 2041 amortc
396 1973 528 2053 liberat,
547 1983 579 2041 et
602 1995 667 2042 non
686 1974 840 2063 patietur
854 1971 1005 2041 animum
1019 1972 1070 2038 t're
1089 1973 1124 2040 in
1144 1975 1296 2042 taetras

68 2051 137 2137 (rot.
150 2057 193 2144 nl.
214 2063 275 2143 Qui
298 2061 403 2130 habet
421 2083 558 2142 aurum,
577 2059 634 2130 det
657 2082 802 2138 eurum;
829 2061 889 2150 qui
907 2059 1009 2129 habet
1025 2073 1220 2216 argentum,
1238 2061 1296 2130 det

70 2157 216 2228 argenton.
244 2151 314 2232 Qui
352 2171 430 2218 vero
469 2151 613 2238 pecunia
648 2161 764 2230 caret,
794 2149 884 2218 bono
914 2150 1031 2217 animo
1083 2161 1116 2217 et
1151 2151 1296 2239 pauperi

66 2223 185 2318 fragmen
205 2240 327 2326 panis:
355 2237 502 2326 quodsi
528 2245 589 2307 nec
613 2237 700 2306 illud
728 2240 901 2328 integrum
927 2237 1049 2316 habet,
1076 2237 1235 2328 frangat,
1262 2251 1296 2307 et

65 2333 164 2400 partem
185 2328 309 2397 tribuat
327 2327 487 2415 pauperi:
511 2347 573 2396 nec
589 2327 734 2407 dubitet,
753 2328 912 2416 quamvis
923 2347 1055 2428 ⁸parum
1072 2326 1162 2396 bono
1178 2327 1297 2396 animo

64 2407 196 2492 obtulerit,
219 2427 360 2506 gratum
386 2429 419 2483 et
442 2429 619 2504 acceptum
647 2421 712 2485 Deo
732 2415 814 2484 sore.
835 2419 1002 2484 Dominus
1025 2415 1117 2485 enim
1137 2429 1291 2486 nontam

61 2499 136 2583 copia
155 2525 358 2586 munerum,
384 2525 487 2592 quam
514 2503 692 2595 largientis
723 2503 813 2573 bone
849 2503 1021 2573 voluntate
1055 2517 1088 2572 et
1118 2505 1297 2575 devotione

60 2589 233 2670 pasciturus
259 2591 463 2663 delectatur.
495 2597 534 2662 Ut
559 2606 673 2663 eutem
700 2593 819 2662 nullus
850 2614 981 2681 pauper
1005 2592 1048 2662 ab
1079 2593 1294 2683 eleemosyna

58 2695 83 2740 se
100 2697 244 2752 excusare
269 2683 389 2772 possit,
414 2684 486 2770 ipse
511 2683 677 2752 Dominus
700 2703 759 2771 pro
784 2681 892 2752 calice
911 2702 1020 2771 aquae
1043 2680 1190 2771 lrigidae
1208 2703 1294 2750 mer·

56 2763 145 2836 reden
162 2793 192 2842 se
216 2771 435 2840 redditurum
455 2771 632 2859 promittit.
651 2773 717 2852 Qui
734 2784 849 2840 autem
876 2772 1024 2858 majores
1051 2791 1070 2838 n
1097 2777 1163 2842 Deo
1187 2771 1295 2842 facul-

57 2863 120 2924 tates
139 2863 274 2950 occepit,
306 2857 419 2944 majus
443 2860 562 2948 utique
587 2859 713 2946 judicii
742 2857 934 2947 periculum
964 2857 1157 2930 sustinebit.
1186 2861 1296 2931 Potuit

56 2943 165 3028 quidem
185 2955 273 3019 lleus
297 2969 419 3017 omnes
443 2948 601 3017 homines
625 2947 747 3016 divites
772 2947 905 3016 lacere:
933 2946 991 3016 sed
1016 2945 1204 3018 idcircum
1231 2949 1295 3018 hoc

55 3035 158 3106 mundo
180 3059 349 3128 pauperes
365 3057 439 3107 esse
455 3036 571 3114 voluit.
588 3050 626 3106 ut
642 3035 808 3107 divitibus
831 3047 1027 3124 suppeteret
1050 3037 1186 3108 occasio
1204 3039 1295 3106 redi-

55 3123 143 3193 mendi
166 3141 303 3216 peccata
328 3148 404 3196 sua.
433 3125 601 3196 Redimite
625 3147 706 3216 ergo
727 3147 797 3204 vos,
820 3125 1007 3204 carissimi,
1034 3124 1118 3195 dum
1146 3127 1293 3215 pretium

54 3217 186 3301 suppetit.
213 3221 294 3285 Dete
317 3214 569 3304 eleemosynam
595 3236 636 3284 ex
655 3216 750 3304 justo
774 3225 807 3284 et
826 3215 916 3284 bono
936 3213 1064 3294 labore,
1088 3235 1156 3284 non
1181 3213 1224 3283 de
1239 3234 1295 3282 ra·

55 3299 124 3382 pina.
143 3305 259 3374 ludite
277 3303 351 3392 jem
377 3302 419 3371 ad
445 3301 533 3388 sores
557 3317 685 3373 vestras
714 3313 850 3372 orantes
896 3323 1052 3392 superes,
1076 3313 1112 3371 ut
1140 3303 1208 3391 ipsi
1233 3322 1295 3389 pro

54 3387 125 3460 tobis
147 3394 179 3462 in
200 3393 255 3462 die
275 3391 403 3480 judicii
421 3403 530 3460 orent.
551 3392 743 3480 Sapientem
763 3401 851 3460 atten
882 3391 937 3471 ite,
954 3391 998 3460 ita
1016 3390 1185 3458 dicentem
1199 3391 1299 3474 :Qui

25 3538 26 3546 ,
54 3476 157 3551 oltarot
172 3505 290 3552 eurem
303 3503 403 3550 suam
421 3481 661 3550 adclamarent
675 3481 848 3572 pauperis,
865 3490 896 3549 et
911 3482 982 3570 ipse
997 3479 1169 3559 clamabit,
1185 3490 1216 3548 et
1231 3500 1297 3547 nort

24 3640 26 3648 y
54 3571 227 3640 concilietur
249 3571 363 3660 (Pron¹
382 3568 461 3660 xxi).
485 3573 565 3638 Dete
584 3589 665 3659 ergo
684 3575 761 3649 Deo,
783 3569 874 3656 quod
896 3570 992 3638 vohis
1013 3567 1069 3637 ille
1094 3568 1199 3637 dedit.
1218 3572 1296 3657 lpse

24 3655 28 3767 ‘q
54 3657 120 3725 enin
142 3661 285 3750 accipit,
310 3656 648 3747 quicquidpauperi
674 3657 836 3730 tribuitis.
863 3662 902 3728 Et
933 3657 983 3727 illi
1018 3657 1158 3744 quidem
1192 3657 1293 3757 datie,

26 3779 28 3824 q
55 3745 203 3818 meotis
226 3747 440 3817 infuturum
466 3747 720 3828 transmittitis,
748 3768 814 3816 non
838 3747 931 3818 unde
951 3758 1100 3815 ventrem
1128 3745 1293 3826 sarciatts,

26 3833 27 3840 ’
55 3835 94 3901 sed
116 3837 200 3906 unde
225 3839 385 3906 llammas
408 3835 637 3926 extinguetis:
660 3837 741 3922 quia
759 3835 849 3906 sicut
872 3857 962 3926 aqua
978 3835 1147 3926 extinguit
1163 3835 1294 3926 ignem,
1351 3905 1355 3914 ,

56 3921 88 3988 sic
112 3925 321 4015 eleemosyna
345 3924 513 4014 extinguit
538 3937 688 4014 peccata.
718 3930 796 3994 Date
820 3946 919 4016 ergo,
939 3923 1022 3998 dum
1049 3924 1149 4002 licet,
1173 3927 1208 3993 in
1244 3945 1296 3993 re·

24 4062 25 4095 ,
55 4005 254 4102 demptionem
281 4015 479 4083 animorum
506 4027 717 4082 vestrarum:
745 4013 903 4082 redimite
927 4035 985 4083 vos
1010 4013 1114 4100 ipsos,
1137 4012 1221 4082 dum
1250 4013 1298 4080 vi-

25 4138 27 4195 q
57 4098 124 4168 titist
147 4106 223 4190 quie
249 4116 325 4194 pust
351 4115 494 4172 mortem
521 4123 621 4170 nemo
646 4101 815 4170 redimere
839 4123 897 4170 vos
923 4113 1030 4190 potest
1054 4101 1096 4170 de
1123 4101 1295 4190 gehenna.

23 4262 25 4275 ,
59 4187 268 4284 llnusquisque
291 4191 335 4260 de
351 4205 424 4260 arte
444 4211 517 4268 sua,
547 4189 640 4260 unde
658 4191 749 4271 vivit,
768 4190 921 4260 decimas
945 4189 1001 4258 det
1027 4195 1091 4259 Deo
1109 4191 1297 4289 impaupe-

61 4274 129 4347 nlus
153 4280 199 4350 rel
221 4280 390 4352 ecclesiis.
422 4277 617 4350 consideret
641 4280 759 4349 onmia
782 4301 857 4350 esse
882 4278 950 4356 Dei,
976 4279 1069 4346 trude
1095 4289 1186 4357 vivit,
1216 4289 1297 4365 puta

63 4373 165 4451 terram,
183 4371 327 4450 semion,
356 4368 513 4446 flumina,
533 4379 565 4438 et
581 4368 698 4438 omniu
716 4391 803 4456 quoe
829 4368 893 4436 sub
911 4366 1005 4435 coelo
1029 4380 1109 4434 sunt
1135 4379 1166 4432 et
1192 4387 1297 4452 supra
