2972 4826
72 253 123 315 lli.
144 257 170 320 rt
427 280 466 328 na
490 280 518 328 s.
544 281 678 330 nauium
702 283 828 330 srrnrrr

297 363 368 444 llic,
386 364 445 433 ubi
471 385 643 436 marmore
668 369 851 458 perspicuo

255 452 340 522 itria
360 452 508 524 luminat
527 454 620 524 alma
645 457 736 526 nitor

254 544 290 609 Et
314 543 527 698 peregrinus
545 557 577 613 et
601 542 785 636 indigena:

254 628 450 716 Reliquiae,
472 633 674 719 cineresque
693 655 810 704 sacros

253 721 364 788 Servat
388 719 517 790 humus
543 722 735 791 veneranda
760 723 853 792 sinu.

294 822 391 886 Tecta
413 839 557 888 corusca
580 841 685 909 super
709 819 852 890 rutilant

251 908 294 974 lle
318 904 541 992 laquearibus
565 907 727 990 aureolis,

251 997 403 1083 Saxaque
421 1017 521 1066 caesa
545 995 656 1066 solum
683 997 828 1080 variant,

251 1082 405 1153 Floribus
428 1095 467 1153 ut
489 1085 665 1155 rosulenta
687 1099 785 1175 putes

252 1176 345 1241 Prata
372 1172 552 1242 rubescere
577 1173 803 1246 multimodis.

294 1271 425 1360 Carpite
444 1293 636 1361 purpureas
654 1273 771 1352 violas,

249 1359 531 1450 sanguineosque
555 1381 673 1430 crocos
699 1363 835 1442 metite;

248 1451 318 1517 Non
343 1461 435 1517 caret
452 1447 506 1518 his
530 1449 676 1538 genialis
691 1450 825 1538 hyems,

247 1541 350 1610 Laxat
368 1549 400 1606 et
423 1559 509 1607 aura
527 1550 643 1628 tepens
667 1537 806 1628 glacies,

247 1625 405 1711 Eloribus
431 1637 469 1696 ut
492 1627 646 1696 cumulet
668 1627 832 1700 calathos.

290 1727 359 1792 lsta
382 1724 601 1794 comantibus
625 1746 643 1794 e
663 1725 754 1794 foliis

245 1815 399 1893 llunera,
422 1813 519 1902 virgo
537 1835 689 1902 puerque
706 1814 803 1884 dale:

243 1903 301 1970 Asi
325 1923 388 1990 ego
412 1913 502 1972 serta
526 1901 631 1972 choro
656 1902 691 1970 in
715 1901 827 1972 medio

242 1995 346 2058 Texta
369 1989 473 2059 leram
498 1991 582 2080 pede
598 1991 779 2081 dactylico,
802 2039 805 2046 -

242 2078 343 2158 Vilia,
362 2078 525 2158 marcida,
544 2079 627 2149 lesia
654 2092 779 2148 tamen.

288 2177 344 2246 Sic
368 2178 561 2246 venerarier
584 2199 661 2247 ossa
688 2175 780 2259 libat,

239 2264 387 2336 Ossibus
412 2265 499 2335 altar
518 2278 551 2335 et
567 2266 791 2355 impositum:

241 2353 307 2422 Illa
334 2356 390 2423 liei
414 2355 478 2424 sita
504 2354 569 2424 sub
596 2355 741 2444 pedibus
765 2353 794 2436 ⁴³,

239 2443 411 2532 Prospicit
436 2443 532 2523 haec,
554 2443 767 2534 populosque
789 2465 870 2514 suos

239 2532 401 2600 Carmine
421 2531 602 2622 propitiata
628 2532 715 2602 fovet
733 2531 778 2596 **.

241 2841 361 2941 vui
394 2839 436 2940 S.
473 2840 718 2942 llrlNlELlS
752 2841 996 2942 stimmo

87 3091 118 3138 lil'
138 3093 283 3143 hinnuli
311 3093 345 3142 ΙΝ
370 3095 504 3142 sinonis
528 3095 762 3154 laurentinam,
789 3095 826 3142 ET
850 3095 883 3142 iit
906 3095 999 3144 roais
1023 3097 1158 3146 ttorsii.

218 3289 275 3344 Ad
298 3299 445 3354 superos
466 3285 613 3342 evolavit
634 3299 723 3342 anno
744 3288 808 3342 489
829 3316 867 3326 -
890 3289 1006 3352 Syrus.

18 3557 19 3562 ,
46 3477 102 3560 li.
125 3483 427 3566 Quemadmodum
454 3483 534 3552 viris
551 3483 697 3565 sortibus
712 3485 884 3565 usuvenit,
903 3495 939 3553 ut
957 3483 1098 3571 quando
1116 3487 1196 3572 quis
1211 3486 1253 3556 de

17 3555 123 3662 ldliset
147 3573 403 3646 certaminibus
428 3571 567 3642 disserit
590 3585 622 3642 et
643 3572 836 3662 trophaeis,
863 3573 914 3642 eis
941 3574 1054 3646 statim
1087 3575 1254 3646 excitetur

17 3663 124 3741 limus,
144 3675 175 3732 et
192 3673 345 3750 quaerat
371 3662 555 3731 instructas
579 3661 682 3742 acies
711 3674 744 3730 et
761 3683 886 3732 manus
909 3683 1088 3734 conserere
1109 3664 1253 3752 cupiant

17 3727 67 3810 lun
94 3749 268 3832 hostibus;
297 3763 425 3836 atquo
455 3749 555 3838 plura
578 3750 620 3820 de
655 3751 709 3820 his
735 3753 836 3820 verba
867 3749 942 3820 fieri
977 3750 1184 3832 audiverint,
1212 3774 1252 3822 eo

17 3835 90 3921 uagis
109 3841 153 3909 eis
184 3841 314 3912 crescit
340 3837 573 3918 desiderium,
606 3852 638 3908 et
674 3839 752 3906 talia
784 3839 938 3909 facinora
968 3840 1081 3909 statim
1108 3841 1251 3930 aggredi

17 3925 135 4014 lippiunt:
175 3932 220 3998 ita
264 3929 375 3999 etiam
415 3926 549 3996 virtutis
589 3923 826 4008 amatoribus,
869 3928 899 3998 si
937 3929 1016 4016 quis
1053 3929 1103 3998 eis
1138 3942 1251 3999 narret
1298 4005 1299 4010 χ

21 4017 177 4104 itaquae
201 4020 236 4088 in
266 4014 461 4087 monastica
485 4028 664 4084 versantur
687 4017 937 4099 exercitatione,
956 4029 989 4085 et
1016 4039 1077 4108 per
1110 4039 1248 4086 omnem

39 4185 91 4234 'iim
98 4197 231 4242 §cucurum
242 4197 374 4247 Reliquloe
385 4205 433 4236 non
444 4205 514 4243 anpar
525 4195 616 4239 altaria,
625 4195 667 4234 sed
677 4196 761 4236 subtus
771 4196 927 4244 ponebantur.

40 4237 131 4292 'lurni-
141 4256 265 4294 Aurelium
281 4249 448 4294 prurientium,
462 4246 578 4288 Eulaliam
597 4247 695 4287 summis
711 4249 820 4288 laudibus
837 4247 980 4290 exornavere
996 4251 1018 4290 S.
1038 4251 1165 4300 Gregorius
1188 4251 1250 4298 Tur..

24 4291 128 4356 {sissimus
140 4309 237 4356 illapsi,
252 4305 416 4348 Fortunatus,
433 4300 519 4351 aliique
537 4303 679 4350 scriptorem
696 4301 736 4351 qui
754 4303 997 4362 ejusdcmlmilracuia
1015 4304 1251 4345 describentium

23 4353 169 4414 *sibiliano
182 4359 303 4412 virginem
322 4361 347 4398 ct
362 4359 497 4404 martyrem,
512 4357 642 4396 Barcinonis
656 4355 742 4402 usian,
758 4365 827 4406 quarn
844 4356 918 4406 aliqui
937 4367 991 4398 eum
1004 4357 1095 4398 Eulalia
1110 4357 1250 4400 Emeriteuai

23 4399 218 4465 iitssutfflapani
229 4411 370 4455 celebrant.
