2946 4798
14 269 73 333 tte.
97 270 138 334 29
410 287 449 333 ns
473 287 499 333 s.
527 285 688 334 sancceio
712 287 832 334 anatra
1148 273 1212 340 539

14 371 192 446 nonasterio
217 383 385 463 praeerat,
404 371 564 462 migravit
579 371 621 440 ad
645 371 827 442 Dominum
844 372 882 440 *ι
909 373 1092 462 statimque
1111 380 1148 445 n.
1169 382 1255 447 blar-

15 461 90 530 ellns
106 459 253 532 fratrum
271 460 417 551 suscipit
432 458 696 542 Praefecturam,
718 472 751 531 et
764 460 1012 533 charismatum
1031 463 1118 534 radii
1134 465 1254 554 quales

15 550 149 636 tquanti
165 551 202 619 in
228 571 268 620 eo
291 561 416 630 essent,
435 549 599 619 omnibus
622 571 758 620 evasere
783 549 969 621 manifesti.
997 553 1058 622 Sed
1085 552 1253 642 quidnam

14 640 59 726 jus
73 639 247 728 quispiam
266 639 417 730 primum
439 638 541 708 suerit
556 637 759 721 admiratus,
780 640 998 797 insignemnc
1017 641 1093 730 ejus
1114 643 1148 712 in
1170 665 1256 733 pau·

14 749 81 796 eres
105 727 392 810 misericordiam,
420 748 476 809 an,
498 749 586 816 quae
603 739 742 818 propter
760 750 834 798 cam
866 740 942 800 acta
958 745 1050 812 sunt,
1071 731 1255 802 miracula?

14 816 51 896 tui
74 816 121 886 sic
144 815 286 906 quidem
312 816 512 886 communia
534 815 638 907 (nihil
662 816 755 886 enim
780 817 927 888 babebat
953 820 1150 910 proprium)
1172 843 1255 890 con-

14 904 151 986 umcbat,
170 918 209 976 ut
227 904 401 976 videretur
421 904 523 995 paulo
542 916 664 996 postet
681 906 997 996 ipse,otmonachi,
1018 909 1194 1000 redigendi
1211 909 1255 978 ad

14 1006 175 1080 gestatem.
194 999 276 1063 Tam
293 994 430 1064 abunde
446 1005 559 1064 autem
572 993 979 1085 assidue'suppcditabat
998 1011 1035 1068 ut
1053 1020 1119 1068 non
1139 999 1256 1070 minus

18 1103 88 1150 uam
107 1081 194 1170 quod
221 1082 304 1154 t'ecit
332 1083 518 1166 Dominus,
550 1083 808 1174 conspiceretur
838 1085 939 1154 etiam
973 1087 1007 1154 in
1040 1108 1136 1156 servo
1165 1086 1252 1157 deri.

14 1171 157 1249 taomodo
172 1172 268 1243 enim
294 1185 376 1243 tunc
401 1194 467 1242 non
496 1170 612 1262 plures
636 1194 739 1261 quam
761 1173 916 1264 quinque
933 1195 1038 1263 panes
1063 1189 1096 1246 et
1119 1176 1188 1246 duo
1205 1177 1257 1266 pi-

17 1279 84 1338 ces,
107 1259 266 1331 aluerunt
290 1259 546 1330 multitudinem
574 1261 755 1332 hominum
780 1261 821 1331 ad
848 1263 1057 1344 satietatem;
1085 1265 1131 1334 ita
1163 1285 1256 1335 nunc

14 1365 120 1433 tuoque
139 1350 259 1440 paucis
274 1349 427 1439 qnotidie
443 1349 601 1420 alebatur
618 1350 803 1421 multitudo
820 1353 1014 1441 egentium:
1034 1365 1066 1422 et
1078 1375 1117 1424 ea
1134 1375 1255 1424 rursus

14 1435 42 1502 is
63 1437 197 1528 minime
213 1439 432 1509 deficiebant.
457 1439 519 1509 Sed
539 1439 623 1509 baec
648 1439 788 1530 quidem
814 1439 860 1510 ita
877 1462 912 1510 se
929 1440 1111 1512 habebant.
1130 1449 1252 1526 Quem-

14 1523 169 1596 tdmodum
194 1541 311 1598 autem
335 1550 373 1598 er
397 1528 501 1598 rebus
526 1527 754 1610 difficillimis,
771 1541 804 1598 et
827 1549 974 1616 quarum
1003 1530 1121 1600 nullus
1140 1552 1255 1620 spera-

14 1624 88 1680 tatur
102 1617 219 1698 exitus,
248 1639 268 1686 a
292 1617 428 1706 superis
451 1617 482 1686 ei
506 1616 585 1686 data
610 1617 654 1688 sit
677 1616 813 1700 solutio,
833 1630 970 1709 atquae
993 1619 1024 1688 ei
1048 1619 1137 1690 dicta
1160 1631 1252 1700 sunt,

14 1698 90 1770 inem
114 1706 320 1795 acceperint,
343 1728 405 1797 par
418 1717 469 1776 est
484 1705 602 1796 paucis
622 1705 746 1776 dicere.

38 1790 53 1874 l
73 1797 141 1863 12.
166 1799 295 1866 tuctus
315 1794 454 1881 quidem
480 1807 552 1864 erat
575 1794 606 1863 ei
629 1818 709 1887 grex
733 1795 944 1882 quotidianis
968 1795 1251 1868 accessionibus:

14 1887 33 1974 et
52 1879 262 1953 multitudine
286 1882 439 1971 quotidie
456 1882 631 1966 dilatatus,
652 1883 821 1954 alliciebat
838 1885 1020 1975 pecoribus
1041 1897 1169 1955 arctam
1197 1884 1256 1953 ha-

14 1967 193 2040 ntationam.
213 1977 310 2062 Opus
329 1993 410 2072 ergo
434 1985 506 2040 erat
530 1973 672 2054 Pastori,
701 1973 820 2064 majori
845 1975 983 2062 quidem
1006 1974 1109 2058 atrio;
1134 1972 1254 2063 majori

14 2065 99 2153 tutem
114 2058 214 2130 domo
229 2060 408 2142 orationis,
428 2060 547 2149 majori
572 2073 603 2131 et
627 2061 802 2142 alimento,
825 2073 856 2130 et
883 2063 1012 2151 reliquo
1037 2073 1178 2152 sumptu
1197 2061 1249 2142 iis,

14 2161 55 2223 qur
75 2146 196 2218 collecti
221 2149 370 2221 fuerant.
398 2149 458 2219 Ille
478 2161 591 2220 autem
618 2161 700 2220 tunc
724 2150 863 2237 quidem
890 2151 938 2220 'vel
967 2151 1114 2220 maxime
1138 2151 1255 2219 omnia

14 2229 183 2331 &thauserat
202 2239 237 2308 in
258 2251 407 2330 egentes.
435 2242 513 2310 Erat
537 2259 614 2308 vero
638 2239 669 2307 ei
693 2261 781 2328 opus
802 2239 962 2328 pluribus
987 2239 1196 2327 sumptibus,
1223 2250 1256 2309 et

14 2335 132 2394 maxime
158 2326 199 2396 ad
226 2340 355 2398 tantam
375 2327 525 2397 virorum
553 2326 823 2398 multitudinem.
857 2333 1006 2399 Fuerunt
1031 2341 1143 2398 autem
1171 2328 1255 2398 baec

14 2405 67 2504 Deo
87 2433 198 2484 curae:
225 2430 260 2486 et
284 2437 368 2497 rem,
391 2430 427 2485 ut
445 2415 541 2497 solet,
559 2415 708 2486 traducit
721 2417 761 2486 ad
781 2417 1043 2487 abundantiam.
1066 2422 1144 2486 Erat
1160 2417 1253 2486 enim

14 2495 128 2575 lurdam
150 2505 361 2586 Pharctrius,
387 2505 539 2594 optimus
563 2527 601 2574 ex
625 2505 777 2595 optimis,
805 2517 836 2594 et
860 2505 961 2598 longe
988 2506 1193 2576 ditissimus.
1222 2509 1255 2576 ls

15 2599 73 2680 tum
91 2609 191 2662 acrem
209 2592 409 2681 quemdam·
423 2594 637 2683 concepisset
660 2614 810 2664 amorem
832 2595 918 2685 ejus,
942 2617 1030 2685 quac
1050 2607 1154 2664 estex
1174 2599 1250 2676 Deo,

15 2667 231 2768 philosophiae,
262 2703 378 2754 secum
404 2683 553 2772 acceptis
578 2682 647 2751 illis
663 2683 736 2753 suis
754 2684 953 2774 ingentibus
969 2683 1110 2765 divitiis,
1125 2696 1158 2753 et
1173 2681 1207 2752 fit
1214 2683 1255 2752 iis

15 2757 105 2832 adbuc
130 2774 263 2851 teneris,
292 2771 384 2841 venit
410 2769 451 2840 ad
483 2771 701 2841 Marcellum:
727 2785 760 2842 et
783 2773 900 2842 omnia
924 2771 1046 2854 simul,
1075 2793 1199 2873 nempe
1223 2783 1255 2841 et

15 2853 161 2952 litanias,
186 2871 217 2929 et
240 2858 343 2940 filios,
371 2871 402 2929 et
427 2860 593 2950 seipsum,
622 2861 686 2930 ileo
705 2875 904 2931 consecrat:
932 2861 1084 2951 seipsum
1111 2860 1253 2948 quidem

15 2945 35 2998 tt
56 2937 133 3012 ilios
155 2967 249 3018 sacra
275 2961 363 3042 peste
395 2948 544 3018 induens
569 2951 770 3031 monastica,
804 2972 886 3040 opes
911 2963 1024 3020 autem
1053 2963 1255 3021 convertens

15 3022 45 3118 ll
67 3049 157 3102 usum
173 3037 381 3109 monasterii.
401 3041 438 3106 Et
453 3038 603 3127 primum
623 3035 762 3126 quidem
779 3060 912 3108 sacram
931 3037 1072 3108 domum
1090 3039 1255 3110 orationis

15 3127 51 3206 tts
65 3129 92 3186 et
107 3118 267 3208 latiorem,
293 3138 325 3197 et
348 3126 580 3208 excelsiorem,
607 3140 640 3197 et
658 3127 714 3208 ita,
736 3140 774 3196 ut
788 3149 880 3196 nunc
905 3147 940 3198 se
965 3127 1077 3210 habet,
1097 3140 1255 3199 constru-

16 3213 64 3266 nt:
87 3220 119 3277 ut
140 3225 170 3282 at
193 3215 378 3286 multitudo
398 3214 475 3284 colli
503 3227 628 3296 aretur,
656 3227 687 3284 et
712 3216 745 3286 in
766 3215 880 3286 nullas
901 3216 1034 3287 redacta
1060 3219 1253 3307 angustias,

18 3306 83 3386 titus
105 3301 155 3368 bei
179 3317 364 3396 perageret.
392 3239 519 3374 narnia
539 3304 672 3392 reliqua
696 3305 825 3386 omnia,
852 3304 997 3376 fratrum
1016 3305 1148 3387 domos,
1168 3303 1255 3402 alias

18 3378 225 3476 rudemque
242 3393 444 3464 laborabant
467 3406 499 3464 et
524 3395 659 3464 ruinam
687 3394 922 3472 minabantur,
946 3393 1142 3475 renovavit;
1169 3392 1256 3463 altas

20 3477 106 3558 tutem
130 3483 305 3570 magnifice
321 3483 500 3564 excitavit;
526 3494 559 3552 et
582 3482 729 3553 aliorum
752 3484 922 3563 omnium,
945 3503 1032 3570 quae
1053 3479 1255 3574 hujusmodi

21 3564 85 3624 atae
105 3573 271 3642 communi
292 3594 379 3662 opus
396 3583 504 3654 erant,
532 3572 690 3661 praebuit
707 3570 971 3642 abundantiam.

53 3643 146 3748 illl·
172 3661 258 3730 llaec
281 3659 421 3749 quidem
447 3662 493 3732 ita
518 3681 553 3730 se
577 3660 773 3730 habebant:
802 3681 927 3751 magno
955 3671 1068 3729 autem
1097 3659 1255 3730 Marcello

23 3745 82 3810 tter
107 3759 136 3807 m
159 3744 228 3819 dias
251 3749 444 3831 crescebat,
471 3762 504 3821 et
527 3762 753 3841 augmentum
779 3748 980 3840 accipiebat.
1010 3751 1136 3820 Omnes
1163 3749 1254 3817 enim

25 3821 177 3927 attrahebat
191 3837 283 3910 illius
308 3839 417 3919 Siren,
436 3859 558 3928 nempe
583 3839 700 3909 suavis
724 3839 844 3919 oratic,
871 3837 1057 3926 conjuncta
1083 3858 1161 3907 cum
1189 3835 1257 3904 vita

28 3917 187 3990 purissima.-
207 3929 308 3998 Porro
320 3940 433 3999 autem
450 3949 528 3998 cum
543 3927 645 3997 etiam
664 3925 866 3996 credidisset
880 3926 986 3998 salem
1008 3925 1164 3995 divinum
1181 3943 1256 3994 esse

29 3985 124 4091 lactum
141 4028 226 4095 eum,
247 4016 308 4106 qui
324 4015 355 4084 ei
377 4016 516 4107 parebat
532 4037 682 4107 gregem,
703 4036 760 4086 eos
778 4014 943 4098 mittebat,
962 4028 1001 4086 ut
1018 4014 1188 4100 aliosque
1214 4033 1257 4082 ue

31 4071 115 4156 domo
134 4097 198 4200 sale
220 4102 403 4195 implerent
421 4118 452 4174 et
478 4103 661 4194 voluptate.
690 4110 728 4175 Et
754 4104 927 4192 quomodo
952 4125 991 4173 ex
1016 4126 1141 4195 magna
1164 4033 1256 4172 Eion

31 4179 270 4262 illitordrcunt
297 4213 439 4262 manare
470 4192 614 4262 llurios:
648 4195 694 4264 ita
718 4194 821 4263 etiam
851 4215 890 4264 er
919 4193 1069 4264 Marcelli
1097 4192 1257 4264 taberna·

34 4251 194 4362 culocoapit
209 4302 267 4368 per
289 4281 491 4352 universnm
518 4280 587 4351 scre
610 4283 727 4352 orbem
746 4294 855 4354 terrae
881 4282 1041 4374 profundi
1068 4303 1194 4371 purum
1224 4292 1258 4352 et

55 4375 124 4429 'gerru
134 4405 210 4445 tanam
224 4409 267 4448 ut.
