2972 4826
67 279 127 344 ott.
150 281 167 343 6
444 299 481 346 na
505 299 534 346 s.
558 297 692 347 rucoulo
715 299 791 347 ura.
817 301 866 346 ar.
1180 281 1242 346 t83

65 395 113 452 tum
131 382 210 470 quod
235 383 434 474 intempesta
459 394 555 454 nocte
579 385 614 453 in
640 385 783 485 regiam,
807 383 977 486 Regisque
997 393 1207 472 penetrasset
1223 406 1285 453 cu-

62 470 154 539 ote«
177 477 222 552 Et,
248 473 325 560 quis
351 485 390 542 tu
412 493 459 553 es,
486 473 608 559 inquit,
628 494 690 560 qur
715 473 798 543 lraec
824 473 908 542 mrhi
942 471 1144 553 denuncias,
1164 485 1196 540 et
1221 473 1286 541 mi·
1336 483 1342 496 '

60 560 148 629 naris?
167 582 184 626 o
206 566 243 630 rlt
265 561 338 630 ille:
367 560 563 632 «Nicolaus
588 583 678 643 sum,
705 567 879 652 lllyrarum
905 560 963 630 Dei
988 562 1208 630 miseratione
1224 582 1286 629 an-

59 650 136 716 tistes.
156 671 172 714 r
194 654 265 731 Quo
280 651 384 731 dicto,
403 650 446 719 ab
462 671 501 720 eo
521 650 670 732 evanuit,
692 662 725 719 et
748 650 864 721 flabio
885 650 1031 752 praetori
1049 662 1131 719 tunc
1148 671 1287 736 quoque

57 735 205 806 dormienti
229 760 302 808 sese
328 739 521 827 pervisum
550 739 669 820 offert,
700 738 818 808 eodem
843 761 913 808 orrs
938 738 1069 820 habitu,
1096 738 1288 824 iisdemque

55 824 150 905 rerbis,
169 826 294 912 quibus
312 828 572 897 Constantinum
591 839 769 897 terruerat.
789 832 871 897 Tum
898 829 1157 897 Constantinum
1174 827 1288 897 somni

57 925 153 983 terrore
167 915 360 996 excitatum,
380 937 565 1003 secumque
589 928 661 984 tum
684 917 796 985 minas
812 916 1013 998 horrendas,
1033 928 1105 985 tum
1122 915 1287 984 minantis

53 1003 172 1090 speciem
190 1015 405 1093 reputantem
430 1027 535 1094 pavor
559 1025 626 1074 non
657 1004 838 1076 mediocris
862 1017 1018 1094 occupat,
1047 1004 1151 1092 idque
1174 1005 1285 1075 visum

51 1091 165 1159 minime
183 1093 426 1183 negligendum
447 1092 554 1164 ducit.
573 1092 697 1163 Eodem
723 1115 857 1182 pavore,
884 1093 1071 1183 eademque
1095 1092 1202 1163 animi
1227 1114 1286 1162 co-

52 1181 183 1266 gitatione
204 1204 283 1251 curn
312 1193 482 1252 teneretur
499 1193 644 1271 praetor,
663 1181 706 1250 ab
723 1187 930 1272 Imperatore
947 1181 1135 1251 adveniunt
1151 1181 1283 1262 nuncii,

53 1268 98 1352 qui
120 1269 179 1338 risa
211 1271 255 1339 ab
278 1291 320 1340 eo
397 1271 583 1358 rquietem
620 1283 778 1340 accurate
811 1281 993 1361 exponant.
1021 1276 1106 1341 Tum
1138 1282 1283 1360 praetor,

52 1369 122 1424 metu
142 1358 293 1440 adaucto,
325 1381 344 1429 a
401 1363 645 1449 Imperatorem
673 1359 851 1430 confestim
876 1359 979 1440 venit,
1008 1379 1097 1446 quae
1131 1358 1283 1440 vidisset,

51 1463 176 1602 quaeque
201 1449 368 1529 audisset,
395 1461 562 1535 quantum
588 1459 709 1537 potest,
740 1447 917 1518 verissime
945 1447 1102 1605 explicat.
1132 1452 1181 1517 Ita
1205 1469 1284 1517 curn

50 1553 161 1622 singua
182 1538 363 1624 utriusque
387 1537 499 1606 somni
528 1537 771 1619 convenirent,
798 1549 830 1606 et
854 1536 945 1605 velut
969 1558 987 1604 a
1035 1536 1152 1606 eodem
1179 1537 1287 1625 impe-

51 1635 134 1702 rante,
150 1627 242 1709 quasi
267 1626 371 1716 signo
391 1624 480 1706 dato,
509 1625 543 1693 iu
569 1635 714 1713 utraque
730 1623 891 1695 cubicula
908 1624 1079 1712 irruptum
1095 1636 1194 1706 esset,
1211 1637 1287 1694 tan·

51 1707 108 1778 dem
129 1711 229 1781 risum
254 1727 320 1794 est,
347 1735 423 1784 reos
446 1715 539 1804 ipsos
563 1735 581 1782 e
606 1713 752 1783 vinculis
776 1713 947 1784 accersiri.
975 1714 1040 1794 Qui
1065 1735 1143 1782 cum
1171 1735 1286 1782 coram

51 1799 257 1884 constitissent,
291 1813 472 1892 rogantur,
504 1823 587 1871 nuru
613 1803 832 1894 disciplinam
859 1801 1028 1890 magicam
1060 1800 1288 1872 didicissent?

52 1887 113 1954 lum
131 1901 284 1980 negarent
303 1890 368 1973 illi,
394 1903 427 1960 et
450 1891 562 1960 studia
587 1913 705 1961 eorum
730 1892 893 1962 omnibus
919 1889 1098 1958 manifesta
1115 1911 1189 1959 esse
1205 1912 1288 1961 con-

55 1975 210 2046 tenderent:
230 2003 248 2045 a
272 1985 357 2062 Rex,
378 2001 475 2061 num,
495 1980 619 2067 inquit,
641 1980 683 2049 de
707 1979 984 2070 interpretandis,
1002 1990 1060 2048 aut
1082 1978 1288 2048 inducendis

60 2066 165 2136 somniis
186 2068 404 2158 exploratum
432 2069 563 2138 habetis
587 2068 747 2170 aliquid?
778 2091 796 2136 >r
822 2074 903 2137 Cum
935 2067 985 2136 illi
1011 2079 1185 2223 negarent,
1205 2071 1289 2136 Con-

61 2153 189 2225 stantinus
211 2179 336 2247 seper
359 2157 426 2224 vim
443 2157 737 2247 (quandoquidem
764 2155 955 2226 voluntarie
972 2177 1038 2226 non
1072 2154 1151 2244 icet)
1166 2155 1289 2224 verita-

61 2247 110 2306 tem
129 2241 244 2315 abillis
269 2258 485 2316 extorturum
516 2246 678 2314 minatur.
710 2245 764 2314 Illi
798 2246 899 2336 Regis
932 2245 1067 2331 justitid
1092 2243 1285 2333 implorate,

62 2345 143 2413 teque
165 2334 358 2492 magicam,
385 2355 495 2421 neque
518 2334 625 2403 ullam
655 2334 867 2406 somniorum
893 2333 1113 2423 disciplinam
1140 2353 1287 2419 usquam

60 2415 173 2505 attigisse
193 2445 209 2492 a
235 2424 391 2493 lrmant:
419 2445 454 2492 so
474 2445 492 2491 a
542 2422 718 2494 arentibus
742 2423 785 2492 ab
802 2424 941 2492 ineunte
965 2434 1072 2492 aetate
1092 2423 1138 2490 ita
1161 2421 1288 2492 educu-

56 2511 104 2600 ξος,
117 2508 358 2599 institutusque,
378 2522 415 2581 ut
439 2445 538 2580 nihil

53 2591 127 2692 illum
147 2599 265 2682 colere,
297 2599 399 2669 illum
434 2600 538 2670 rebus
574 2600 740 2670 anteferre
770 2601 951 2682 omnibus,
978 2621 1065 2687 quas
1089 2598 1286 2668 mortalium

48 2701 158 2755 animus
180 2689 265 2759 solet
282 2689 540 2777 concupiscere.
567 2693 638 2758 Hoc
662 2689 855 2760 institutum
875 2690 920 2758 ita
937 2699 1132 2758 constanter
1155 2700 1187 2756 et
1213 2708 1288 2775 per·

47 2783 127 2866 petuo
145 2779 305 2858 tenuisse,
326 2789 363 2846 ut
388 2777 472 2847 nihil
492 2779 559 2847 nisi
579 2800 642 2868 pro
661 2777 818 2868 augenda
839 2778 977 2866 Imperii
999 2777 1174 2865 majestate
1194 2775 1289 2844 dixe-

45 2873 108 2958 npt,
130 2861 332 2936 fecerintve:
358 2867 388 2934 si
412 2887 512 2936 secus
529 2878 741 2956 compertum
771 2865 939 2947 habuerit,
967 2865 1061 2935 nulla
1087 2887 1122 2934 se
1147 2886 1288 2956 prorsus

46 2951 253 3048 misericordia
271 2955 400 3044 dignus
416 2965 522 3044 putet.
538 2955 598 3024 His
612 2955 724 3025 verbis
740 2977 818 3024 cum
834 2955 959 3036 vultus,
971 2967 1100 3044 gestus,
1117 2954 1289 3044 lacrymae

43 3036 132 3130 oculis
159 3041 321 3124 obortae,
348 3043 450 3112 fidem
479 3043 651 3126 facerent,
679 3044 789 3133 coepit
814 3044 1056 3113 Constantinus
1081 3043 1122 3112 de
1148 3042 1288 3112 illorum

43 3133 214 3220 innocentia
239 3133 403 3222 cogitare,
422 3142 454 3202 et
478 3153 559 3202 suae
584 3129 757 3222 poenitere
776 3133 974 3213 sentcntiae,
996 3134 1125 3221 quippe
1149 3131 1207 3217 qui
1233 3129 1290 3198 Ilei

39 3215 185 3298 justitiam
211 3219 425 3300 formidaret,
446 3233 697 3310 verereturque,
717 3242 759 3290 ne
779 3221 805 3289 si
831 3223 906 3310 ipse
930 3221 1128 3288 innocentes
1144 3217 1289 3287 damna-

42 3313 90 3396 ,ttl
106 3327 227 3377 nocens
250 3310 329 3398 ipse
351 3309 467 3379 divino
489 3310 619 3397 judicio
636 3308 869 3378 damnaretur.
888 3315 964 3378 Iam
982 3299 1291 3406 itaque'benignus

41 3387 104 3490 illos
121 3394 270 3485 inspicit,
298 3397 378 3466 beni
408 3419 472 3467 nus
488 3396 685 3485 alloquitur,
711 3410 750 3467 ut
773 3397 888 3468 vultus
916 3396 1087 3482 verbaque
1115 3407 1291 3485 poeniten-

41 3491 106 3550 tiam
122 3486 227 3553 animi
245 3487 302 3556 sui
320 3420 418 3555 facile
436 3485 639 3556 indicarent.
659 3491 803 3556 Demurn
828 3486 912 3555 solvi
939 3497 1006 3554 tres
1026 3484 1157 3553 vinctos
1177 3483 1288 3573 jubet,

41 3578 64 3634 ct
83 3572 240 3658 pristinae
269 3575 428 3664 dignitati
453 3576 598 3645 restitui.
625 3580 731 3662 Atque
761 3574 804 3644 ad
831 3573 907 3644 illos
926 3595 1136 3644 conversus:
1160 3594 1177 3638 «
1198 3571 1293 3641 loire

41 3656 72 3754 ad
93 3681 179 3743 eum,
198 3663 325 3752 inquit,
346 3664 407 3750 qui
432 3685 485 3733 me
510 3662 551 3734 de
568 3663 715 3733 fortunis
731 3676 763 3732 et
779 3664 889 3752 capite
906 3675 1016 3732 vestro
1035 3659 1204 3731 sollicitus
1229 3674 1293 3731 ter·

41 3757 104 3840 rotat
117 3748 356 3833 dormientem,
373 3763 406 3821 et
421 3754 565 3842 gratiam
588 3751 639 3821 illi
664 3751 805 3834 reddite,
825 3752 924 3839 eique
949 3772 1024 3820 meo
1045 3750 1184 3819 nomine
1201 3770 1293 3818 uun·

40 3849 120 3916 uate,
137 3839 219 3925 quid
246 3840 302 3910 sui
327 3840 438 3930 gratie
455 3840 606 3911 fecerim.
627 3863 646 3907 »
668 3845 758 3910 llaec
782 3863 864 3916 cum¹
886 3839 1038 3920 dixisset,
1070 3838 1293 3929 Evangelium

41 3926 136 3995 aureis
153 3927 279 3998 litteris
303 3928 446 4018 proferri
470 3930 581 4020 jubet,
609 3950 823 4017 aureumque
848 3927 1064 3998 thuribulum
1091 3927 1237 4016 gemmis
1262 3937 1296 3996 et

42 4025 97 4103 ¹orte
115 4015 261 4107 insigne,
281 4029 314 4086 et
333 4017 402 4086 duo
419 4030 592 4108 praeterea
613 4039 700 4106 puro
720 4039 759 4088 ex
779 4039 863 4088 auro
884 4015 1102 4086 candelabra:
1122 4037 1162 4084 ea
1178 4014 1296 4084 omnia

43 4115 179 4187 imperat,
204 4118 244 4175 ut
268 4105 406 4176 Nicolao
429 4107 583 4188 offerant,
611 4106 738 4192 quibus
762 4106 850 4175 inter
874 4103 1139 4174 sacrificandum
1161 4114 1293 4184 utatur,

46 4203 110 4282 suae
132 4193 267 4282 pietatis
290 4206 494 4285 perpetuum
521 4195 786 4264 monimentum.
806 4195 866 4264 His
889 4207 990 4282 atque
1011 4191 1088 4260 aliis
1108 4189 1319 4261 admirabl-

48 4269 122 4346 lrlous
149 4282 211 4350 viri
236 4281 336 4353 factis
359 4304 511 4371 eousque
535 4303 658 4352 nomen
684 4283 759 4384 ejus
782 4281 947 4353 diffusum
978 4291 1050 4363 est,
1084 4293 1122 4348 ut
1145 4279 1228 4378 jam·
1244 4277 1296 4346 vel

51 4377 175 4438 remotas
197 4370 291 4441 orbis
315 4384 482 4442 terrarum
509 4370 630 4461 plagas
654 4381 843 4462 attingeret,
864 4382 1020 4456 essetque
1037 4365 1249 4437 calamitosis
1265 4377 1299 4435 et

551 2511 744 2594 didicerint,
763 2512 830 2580 nisi
855 2516 1096 2602 Imperatorem
1119 2510 1285 2590 venerari,
