2954 4816
38 297 107 362 nat.
129 299 164 362 24
447 318 485 364 nn
510 317 537 364 s.
564 317 671 366 rnorra
694 316 853 367 avosrono
1179 303 1237 369 att

68 403 148 486 §2
174 399 319 482 Quando
344 400 433 470 enim
458 402 661 492 [inigenitus
682 403 740 471 Dei
764 403 883 484 Filius,
909 405 970 491 qui
994 403 1095 492 estin
1121 405 1201 474 sinu
1225 411 1285 476 Pa·

34 488 91 568 tris,
122 511 188 558 nnn
219 487 331 559 lerens
362 489 474 560 videre
502 512 604 559 suum
631 491 834 581 figmentum
870 494 904 561 in
929 492 1059 580 peccati
1084 494 1281 565 servitutem

32 576 204 662 redactum,
232 578 305 647 suis
322 578 386 646 bac
410 578 445 646 in
471 601 505 648 re
522 578 670 650 inflexus
691 581 891 664 visceribus,
912 581 1006 652 visus
1022 594 1072 652 est
1095 583 1185 651 sicut
1207 605 1281 666 noa,

30 665 52 733 si
74 677 248 754 peccatum
270 666 471 754 dempseris,
491 681 572 737 tunc
596 667 802 756 hicquoque
828 691 974 760 magnus
997 669 1188 758 Apostolus,
1210 685 1285 760 post

29 753 159 823 aliorum
183 754 437 845 discipulorum
462 755 676 837 electionem,
704 758 897 844 quitesum
919 771 999 828 sunt
1016 759 1134 838 secuti,
1160 760 1283 848 jussus

27 853 68 909 est
88 843 182 930 sequi
208 843 407 913 Dominum.
426 848 509 915 Nam
525 867 603 914 cum
631 846 664 913 in
684 846 852 916 Judaeaa
874 858 981 916 matre
1004 859 1093 918 esset
1117 849 1151 916 iu
1169 847 1283 918 lucem

27 929 136 1012 editus,
156 931 290 1001 babens
314 945 488 1022 parantes,
515 933 575 1020 qui
599 933 701 1003 vitam
724 935 870 1005 tenuiter
895 936 1053 1026 agebant,
1080 935 1192 1006 abeis
1216 935 1284 1007 ale·

27 1018 114 1088 batur
127 1032 159 1090 et
182 1020 417 1100 educabatur,
444 1033 476 1092 et
499 1021 542 1091 ad
572 1021 674 1090 vitam
703 1021 915 1093 formabatur
938 1025 1109 1104 similem,
1135 1024 1240 1094 veluti
1265 1047 1285 1096 a

27 1107 158 1192 quodam
183 1108 318 1198 optimo
341 1109 550 1201 paedagogo,
580 1123 779 1200 paupertate
805 1112 983 1192 eruditus,
1014 1125 1046 1182 et
1073 1112 1115 1182 ad
1148 1115 1283 1183 Domini

29 1196 274 1296 suscipiendum
301 1212 521 1288 praeceptum
547 1210 648 1288 aptus
676 1199 841 1269 redditus.
877 1201 995 1270 Libros
1027 1201 1142 1288 itaque
1166 1201 1283 1292 legens

31 1287 172 1357 llosavcos
181 1287 222 1372 (ii
239 1287 331 1355 enim
343 1286 526 1378 diligenter
540 1288 821 1377 proponebantur
835 1288 918 1358 filiis
929 1289 1169 1379 ludaeorum),
1186 1311 1282 1360 com-

29 1375 158 1458 ponebat
180 1375 324 1462 quidem
350 1397 432 1445 suos
456 1397 568 1446 mores
584 1375 626 1446 ad
653 1375 886 1447 honestatem:
914 1376 1069 1447 doctriua
1085 1390 1198 1448 antem
1212 1376 1282 1447 ior-

28 1461 170 1533 mabatur
193 1463 240 1532 ad
265 1485 320 1533 res
344 1464 541 1546 diviniores,
561 1476 631 1535 eta
657 1465 848 1554 puerilibus
873 1465 991 1554 procul
1018 1479 1169 1538 remotus
1193 1466 1282 1536 ludi·

28 1549 108 1632 briis,
134 1551 383 1623 instituebatur
400 1565 433 1622 et
448 1553 634 1633 crescebat,
657 1553 765 1624 donec
790 1555 998 1644 pervenisset
1024 1554 1066 1623 ad
1098 1553 1281 1644 perlectam

27 1643 209 1736 mensuram
236 1641 356 1710 aetatis
373 1641 507 1711 Christi.
535 1641 656 1711 Vivens
686 1643 791 1727 enim,
819 1643 909 1712 sicut
933 1642 1030 1732 prins
1055 1642 1227 1725 diximus,
1247 1643 1280 1712 in

28 1741 81 1796 uta
100 1751 264 1818 paupere,
290 1742 323 1799 et
345 1741 451 1798 artem
476 1751 637 1800 exercens
667 1731 897 1820 piscatoriam,
928 1733 962 1799 in
993 1743 1136 1820 utroque
1162 1745 1280 1822 potens

28 1827 67 1884 est
87 1819 264 1908 cognitus:
291 1839 330 1887 ex
344 1840 414 1889 uno
438 1818 577 1906 quidem
599 1819 766 1890 formatus
789 1820 832 1889 ad
858 1821 1070 1902 tenuitatem,
1093 1841 1180 1907 quae
1200 1832 1282 1891 sunt
1381 1895 1387 1908 ,

29 1925 289 1992 supervacanea,
319 1907 461 1976 minime
484 1907 741 1989 admittentem,
768 1919 800 1978 et
831 1906 952 1979 doctus
975 1929 1050 1978 osse
1083 1921 1280 1978 contentum

28 1993 94 2061 solis
108 1995 333 2066 necessariis:
361 1995 404 2064 ab
423 1995 529 2068 altero
554 2009 665 2065 autem
696 1996 875 2067 institutus
898 1997 942 2067 ad
958 1997 1156 2088 patientiam
1180 1998 1215 2065 in
1234 1996 1281 2066 la·

28 2078 161 2165 boribus,
187 2097 222 2155 et
242 2084 287 2153 ad
311 2083 387 2165 hoc,
413 2096 452 2154 ut
468 2084 571 2156 rebus
591 2083 742 2156 molestis
758 2097 790 2154 at
806 2088 938 2177 asperis
961 2107 1025 2156 sua
1039 2099 1159 2176 sponte
1184 2085 1281 2176 prins

28 2184 232 2243 exerceretur.

62 2261 76 2344 ξ
96 2264 138 2331 8.
166 2261 329 2331 Protinus
349 2262 463 2347 itaque
488 2259 585 2330 nulla
604 2259 768 2332 dilatione
791 2283 877 2330 usus
894 2274 944 2332 est
961 2284 1023 2332 neo
1048 2261 1277 2342 cunctatione,

31 2365 78 2414 nee
93 2348 235 2420 tardavit
261 2349 304 2418 ad
331 2349 561 2418 vocationem:
582 2349 639 2418 sed
670 2350 755 2420 adeo
785 2349 938 2420 celeriter
963 2350 1028 2421 tuit
1056 2363 1219 2430 mutatus,
1250 2363 1282 2420 et

29 2433 233 2508 vinctusvoce
252 2437 416 2595 voeanffls,
436 2450 474 2506 ut
486 2437 577 2508 dicto
594 2437 695 2508 citius
712 2438 903 2509 ostenderet
918 2438 1161 2510 obedientiam.
1176 2443 1281 2525 atque

28 2521 218 2611 sicquidem
245 2526 285 2596 lit
309 2531 372 2595 Ver
395 2525 624 2607 olamiliaris,
652 2538 684 2596 et
707 2525 852 2597 refertur
874 2528 908 2596 in
929 2549 1110 2597 numerum
1131 2527 1281 2614 reliquo-

29 2630 109 2692 rum,
133 2617 192 2702 qni
220 2615 330 2684 vocati
354 2614 508 2700 luerant3
542 2615 648 2702 fitque
670 2613 866 2706 discipulus
895 2616 1002 2685 anirni
1028 2615 1141 2686 studio
1165 2637 1280 2705 prom-

30 2699 207 2786 ptissimus,
241 2703 399 2773 minister
437 2701 684 2784 fidelissimus,
723 2703 970 2794 apostolosque
1004 2716 1036 2774 et
1072 2725 1280 2776 oeconomus

30 2789 275 2870 probatissimus
299 2791 513 2882 Apostolntns
560 2793 716 2868 entium,
743 2793 802 2880 qui
826 2791 940 2862 fuitei
966 2792 1129 2862 creditus.
1157 2791 1275 2862 Statim

29 2889 123 2947 nutem
150 2893 182 2949 et
209 2879 254 2949 ad
279 2879 511 2970 apostolatum
537 2815 889 2962 innormandos,
919 2891 952 2950 et
974 2880 1090 2950 divina
1116 2881 1279 2969 impletus

31 2964 141 3048 virtute,
168 2982 200 3037 et
225 2968 474 3038 miraculorum
492 2967 587 3038 dives
603 2969 811 3058 operatione,
840 2969 956 3039 statuit
980 2991 1058 3038 cnm
1077 2969 1185 3041 Verbo
1205 2991 1278 3038 ver·

30 3052 81 3120 sari
101 3069 272 3147 perpetuo.
293 3063 376 3127 Cum
402 3078 470 3144 quo
493 3055 631 3144 quidem
658 3057 786 3149 degens
813 3069 878 3126 toto
896 3070 1058 3144 tempore,
1079 3080 1148 3147 quo
1173 3058 1275 3127 vitam

30 3141 82 3227 egit
105 3145 269 3226 incarne,
297 3145 424 3215 multas
447 3145 587 3233 quidem
612 3167 693 3215 cnm
715 3168 757 3216 eo
779 3145 886 3216 subiit
909 3145 1122 3226 afflictiones,
1153 3147 1278 3216 multas

32 3241 123 3322 nutem
152 3233 406 3322 persecutiones
429 3246 462 3303 et
487 3233 718 3325 migrationes.
745 3233 998 3321 utaliquando
1028 3233 1168 3322 quidem
1199 3255 1278 3303 cum

33 3335 121 3400 lpsea
141 3322 284 3392 ludaeis
304 3321 538 3412 expelleretur,
565 3323 669 3392 simul
689 3343 826 3410 quoque
850 3345 929 3394 cum
955 3344 994 3392 eo
1022 3320 1277 3412 expellebatur3

33 3417 142 3502 etcum
170 3409 348 3501 lapidibus
373 3423 600 3501 appeteretur,
630 3411 703 3498 ipse
733 3433 870 3499 quoque
894 3410 998 3481 simul
1028 3409 1278 3500 appetebatur;

34 3489 194 3579 aliqnando
210 3512 325 3570 antem
351 3521 430 3569 cum
456 3499 570 3589 ipsum
589 3499 757 3569 vellentin
774 3521 872 3569 suam
890 3500 1043 3590 redigere
1065 3510 1276 3588 potestatem,

34 3591 57 3646 tt
76 3599 173 3656 morte
206 3587 355 3670 afficere,
380 3601 519 3674 paratus
543 3599 614 3657 erat
642 3588 801 3658 alacriter
823 3609 903 3657 cum
929 3590 1003 3691 ipso
1029 3601 1137 3658 morte
1159 3585 1278 3667 allici,

36 3665 178 3744 desiderio
196 3677 332 3768 plenam
355 3675 449 3745 illam
475 3697 590 3746 vocem
614 3677 773 3747 emittens
790 3676 832 3745 ad
860 3682 1062 3746 Dominum:
1086 3681 1224 3756 Eamus,
1244 3689 1277 3744 et

38 3759 199 3833 moriamur
216 3787 297 3836 cum
321 3765 409 3854 ipso.
435 3763 578 3847 Quando
608 3766 700 3834 enim
732 3766 883 3835 amioum
906 3769 1068 3835 Lazarum
1089 3787 1110 3834 a
1135 3764 1281 3835 mortuis

38 3849 238 3922 suscitaturus
264 3853 425 3944 pergebat
448 3853 622 3934 Salvator,
648 3853 788 3941 quando
813 3874 873 3942 per
896 3853 1090 3923 absentiam·
1112 3852 1281 3953 concessit

40 3940 115 4004 nont
126 3961 287 4030 superare
301 3955 470 4024 naturam,
490 3941 627 4029 qnando
643 3941 935 4013 volnitostendere
946 3941 1145 4031 sepulcrum
1164 3963 1279 4010 samm

42 4016 140 4116 lutum,
165 4030 304 4120 qnando
321 4031 473 4100 vinctum
501 4043 674 4100 mortuum
709 4030 816 4101 voluit
840 4029 974 4100 efficere
998 4031 1041 4102 ad
1067 4031 1279 4100 vocationem

44 4110 103 4180 vvis
117 4116 320 4199 celeriorem,
348 4130 431 4190 tunc
457 4119 656 4188 accedentes
676 4119 839 4210 discipuli
867 4132 996 4190 metum
1035 4117 1280 4210 praedicabant

44 4196 232 4290 ludaeorum,
252 4207 385 4297 lapides
402 4209 606 4278 revocabant
630 4208 664 4276 in
695 4207 914 4291 memoriam,
940 4207 1211 4279 dehortabantur
1235 4227 1279 4276 ne

45 4289 201 4377 ettaderet:
227 4298 433 4388 «Magister,
461 4295 624 4376 dicentes,
661 4317 755 4366 nunc
786 4297 996 4383 quaerebant
1022 4296 1142 4367 ludaei
1168 4309 1199 4366 te
1222 4318 1279 4365 oc-

47 4371 151 4464 ulere,
182 4396 214 4453 et
249 4407 370 4456 rursus
393 4383 489 4455 vadis
522 4384 633 4454 illucl
661 4407 679 4451 v
709 4389 791 4454 Cum
817 4400 931 4456 autem
958 4385 1008 4454 illi
1040 4407 1107 4456 non
1139 4395 1280 4476 possent
