<?xml version="1.0" encoding="UTF-8"?>
<!DOCTYPE html PUBLIC "-//W3C//DTD XHTML 1.0 Transitional//EN"
    "http://www.w3.org/TR/xhtml1/DTD/xhtml1-transitional.dtd">
<html xmlns="http://www.w3.org/1999/xhtml" xml:lang="en" lang="en">
 <head>
  <title>
</title>
<meta http-equiv="Content-Type" content="text/html;charset=utf-8" />
  <meta name='ocr-system' content='tesseract 3.04.00' />
  <meta name='ocr-capabilities' content='ocr_page ocr_carea ocr_par ocr_line ocrx_word'/>
</head>
<body>
  <div class='ocr_page' id='page_1' title='image "./historiaeseuvit00lippgoog_0318.png"; bbox 0 0 2960 4824; ppageno 0'>
   <div class='ocr_carea' id='block_1_1' title="bbox 20 265 1310 470">
    <p class='ocr_par' dir='ltr' id='par_1_1' title="bbox 20 265 1310 470">
     <span class='ocr_line' id='line_1_1' title="bbox 20 265 1268 372; baseline 0.009 -41"><span class='ocrx_word' id='word_1_1' title='bbox 20 265 160 372; x_wconf 48' lang='lat' dir='ltr'>§illl</span> <span class='ocrx_word' id='word_1_2' title='bbox 471 289 511 338; x_wconf 85' lang='lat' dir='ltr'>nr.</span> <span class='ocrx_word' id='word_1_3' title='bbox 532 295 559 340; x_wconf 92' lang='lat' dir='ltr'>s.</span> <span class='ocrx_word' id='word_1_4' title='bbox 588 293 723 340; x_wconf 72' lang='lat' dir='ltr'>neuram</span> <span class='ocrx_word' id='word_1_5' title='bbox 747 293 873 340; x_wconf 83' lang='lat' dir='ltr'>srrnrrr</span> <span class='ocrx_word' id='word_1_6' title='bbox 1202 278 1268 342; x_wconf 71' lang='lat'>285</span> 
     </span>
     <span class='ocr_line' id='line_1_2' title="bbox 38 370 1310 470; baseline 0.006 -30"><span class='ocrx_word' id='word_1_7' title='bbox 38 370 224 464; x_wconf 44' lang='lat' dir='ltr'>festinebat.</span> <span class='ocrx_word' id='word_1_8' title='bbox 249 376 395 446; x_wconf 81' lang='lat' dir='ltr'>Deinde</span> <span class='ocrx_word' id='word_1_9' title='bbox 422 389 532 448; x_wconf 91' lang='lat' dir='ltr'>motus</span> <span class='ocrx_word' id='word_1_10' title='bbox 548 376 651 448; x_wconf 89' lang='lat' dir='ltr'>etiam</span> <span class='ocrx_word' id='word_1_11' title='bbox 669 377 765 448; x_wconf 92' lang='lat' dir='ltr'>illius</span> <span class='ocrx_word' id='word_1_12' title='bbox 789 377 965 466; x_wconf 88' lang='lat' dir='ltr'>lacrymis,</span> <span class='ocrx_word' id='word_1_13' title='bbox 987 389 1021 448; x_wconf 90' lang='lat' dir='ltr'>et</span> <span class='ocrx_word' id='word_1_14' title='bbox 1040 389 1214 468; x_wconf 88' lang='lat' dir='ltr'>practerea</span> <span class='ocrx_word' id='word_1_15' title='bbox 1230 381 1310 470; x_wconf 85' lang='lat' dir='ltr'>Epi·</span> 
     </span>
    </p>
   </div>
   <div class='ocr_carea' id='block_1_2' title="bbox 5 463 1337 4398">
    <p class='ocr_par' dir='ltr' id='par_1_2' title="bbox 5 463 1337 2246">
     <span class='ocr_line' id='line_1_3' title="bbox 54 463 1311 554; baseline 0.004 -21"><span class='ocrx_word' id='word_1_16' title='bbox 54 463 138 554; x_wconf 60' lang='lat' dir='ltr'>§tupi</span> <span class='ocrx_word' id='word_1_17' title='bbox 148 476 175 534; x_wconf 90' lang='lat' dir='ltr'>et</span> <span class='ocrx_word' id='word_1_18' title='bbox 192 477 417 535; x_wconf 88' lang='lat' dir='ltr'>caeterorum</span> <span class='ocrx_word' id='word_1_19' title='bbox 437 465 547 536; x_wconf 87' lang='lat' dir='ltr'>verbis</span> <span class='ocrx_word' id='word_1_20' title='bbox 566 466 688 548; x_wconf 89' lang='lat' dir='ltr'>llexus,</span> <span class='ocrx_word' id='word_1_21' title='bbox 704 487 772 537; x_wconf 93' lang='lat' dir='ltr'>non</span> <span class='ocrx_word' id='word_1_22' title='bbox 791 465 904 536; x_wconf 90' lang='lat' dir='ltr'>solum</span> <span class='ocrx_word' id='word_1_23' title='bbox 921 489 1001 538; x_wconf 92' lang='lat' dir='ltr'>curn</span> <span class='ocrx_word' id='word_1_24' title='bbox 1021 465 1139 537; x_wconf 86' lang='lat' dir='ltr'>funem</span> <span class='ocrx_word' id='word_1_25' title='bbox 1159 468 1311 538; x_wconf 91' lang='lat' dir='ltr'>eircum-</span> 
     </span>
     <span class='ocr_line' id='line_1_4' title="bbox 69 551 1311 656; baseline 0.005 -33.947"><span class='ocrx_word' id='word_1_26' title='bbox 69 551 209 654; x_wconf 75' lang='lat' dir='ltr'>voluisset,</span> <span class='ocrx_word' id='word_1_27' title='bbox 233 554 265 624; x_wconf 92' lang='lat' dir='ltr'>ei</span> <span class='ocrx_word' id='word_1_28' title='bbox 280 553 456 624; x_wconf 83' lang='lat' dir='ltr'>reddidit:</span> <span class='ocrx_word' id='word_1_29' title='bbox 482 555 667 626; x_wconf 89' lang='lat' dir='ltr'>sedetiam</span> <span class='ocrx_word' id='word_1_30' title='bbox 693 555 900 656; x_wconf 81' lang='lat' dir='ltr'>significavit</span> <span class='ocrx_word' id='word_1_31' title='bbox 918 555 990 626; x_wconf 90' lang='lat' dir='ltr'>lore</span> <span class='ocrx_word' id='word_1_32' title='bbox 1015 568 1052 625; x_wconf 93' lang='lat' dir='ltr'>ut</span> <span class='ocrx_word' id='word_1_33' title='bbox 1076 557 1151 646; x_wconf 91' lang='lat' dir='ltr'>ipsa</span> <span class='ocrx_word' id='word_1_34' title='bbox 1175 561 1311 647; x_wconf 77' lang='lat' dir='ltr'>pareret</span> 
     </span>
     <span class='ocr_line' id='line_1_5' title="bbox 116 643 1308 732; baseline 0.005 -20"><span class='ocrx_word' id='word_1_35' title='bbox 116 664 168 724; x_wconf 89' lang='lat' dir='ltr'>un,</span> <span class='ocrx_word' id='word_1_36' title='bbox 183 656 213 714; x_wconf 91' lang='lat' dir='ltr'>et</span> <span class='ocrx_word' id='word_1_37' title='bbox 230 643 403 732; x_wconf 78' lang='lat' dir='ltr'>praedixit</span> <span class='ocrx_word' id='word_1_38' title='bbox 425 643 527 714; x_wconf 91' lang='lat' dir='ltr'>etiam</span> <span class='ocrx_word' id='word_1_39' title='bbox 546 665 671 715; x_wconf 89' lang='lat' dir='ltr'>nomen</span> <span class='ocrx_word' id='word_1_40' title='bbox 687 643 764 725; x_wconf 88' lang='lat' dir='ltr'>filri,</span> <span class='ocrx_word' id='word_1_41' title='bbox 782 649 963 726; x_wconf 87' lang='lat' dir='ltr'>Zenonem,</span> <span class='ocrx_word' id='word_1_42' title='bbox 984 643 1116 726; x_wconf 90' lang='lat' dir='ltr'>dicens,</span> <span class='ocrx_word' id='word_1_43' title='bbox 1134 667 1154 714; x_wconf 94' lang='lat' dir='ltr'>o</span> <span class='ocrx_word' id='word_1_44' title='bbox 1171 646 1308 728; x_wconf 87' lang='lat' dir='ltr'>mulier,</span> 
     </span>
     <span class='ocr_line' id='line_1_6' title="bbox 73 731 1311 823; baseline 0.005 -23"><span class='ocrx_word' id='word_1_45' title='bbox 73 732 178 802; x_wconf 75' lang='lat' dir='ltr'>reatris</span> <span class='ocrx_word' id='word_1_46' title='bbox 198 731 323 802; x_wconf 87' lang='lat' dir='ltr'>filium.</span> <span class='ocrx_word' id='word_1_47' title='bbox 350 737 390 801; x_wconf 82' lang='lat' dir='ltr'>Et</span> <span class='ocrx_word' id='word_1_48' title='bbox 416 733 466 802; x_wconf 89' lang='lat' dir='ltr'>sic</span> <span class='ocrx_word' id='word_1_49' title='bbox 492 732 633 820; x_wconf 88' lang='lat' dir='ltr'>quidem</span> <span class='ocrx_word' id='word_1_50' title='bbox 663 737 826 804; x_wconf 91' lang='lat' dir='ltr'>Sanctus:</span> <span class='ocrx_word' id='word_1_51' title='bbox 858 755 920 823; x_wconf 91' lang='lat' dir='ltr'>ego</span> <span class='ocrx_word' id='word_1_52' title='bbox 944 745 1059 804; x_wconf 90' lang='lat' dir='ltr'>autem</span> <span class='ocrx_word' id='word_1_53' title='bbox 1084 733 1171 804; x_wconf 92' lang='lat' dir='ltr'>nihil</span> <span class='ocrx_word' id='word_1_54' title='bbox 1196 734 1311 806; x_wconf 89' lang='lat' dir='ltr'>dicam</span> 
     </span>
     <span class='ocr_line' id='line_1_7' title="bbox 88 820 1312 910; baseline 0.003 -20"><span class='ocrx_word' id='word_1_55' title='bbox 88 820 200 910; x_wconf 81' lang='lat' dir='ltr'>mplius.</span> <span class='ocrx_word' id='word_1_56' title='bbox 225 821 364 892; x_wconf 80' lang='lat' dir='ltr'>Clarum</span> <span class='ocrx_word' id='word_1_57' title='bbox 381 833 433 891; x_wconf 90' lang='lat' dir='ltr'>est</span> <span class='ocrx_word' id='word_1_58' title='bbox 448 822 540 890; x_wconf 87' lang='lat' dir='ltr'>enirn</span> <span class='ocrx_word' id='word_1_59' title='bbox 565 823 610 892; x_wconf 91' lang='lat' dir='ltr'>ita</span> <span class='ocrx_word' id='word_1_60' title='bbox 636 823 809 902; x_wconf 88' lang='lat' dir='ltr'>evenisse;</span> <span class='ocrx_word' id='word_1_61' title='bbox 835 821 923 891; x_wconf 89' lang='lat' dir='ltr'>nihil</span> <span class='ocrx_word' id='word_1_62' title='bbox 952 822 1045 892; x_wconf 91' lang='lat' dir='ltr'>enim</span> <span class='ocrx_word' id='word_1_63' title='bbox 1072 822 1249 894; x_wconf 81' lang='lat' dir='ltr'>excidebat</span> <span class='ocrx_word' id='word_1_64' title='bbox 1272 846 1312 894; x_wconf 92' lang='lat' dir='ltr'>ex</span> 
     </span>
     <span class='ocr_line' id='line_1_8' title="bbox 98 909 1312 1068; baseline 0.003 -88"><span class='ocrx_word' id='word_1_65' title='bbox 98 931 196 997; x_wconf 86' lang='lat' dir='ltr'>,quae</span> <span class='ocrx_word' id='word_1_66' title='bbox 210 911 254 982; x_wconf 92' lang='lat' dir='ltr'>ab</span> <span class='ocrx_word' id='word_1_67' title='bbox 269 909 332 980; x_wconf 94' lang='lat' dir='ltr'>illo</span> <span class='ocrx_word' id='word_1_68' title='bbox 347 909 646 1000; x_wconf 81' lang='lat' dir='ltr'>praedicebantur.</span> <span class='ocrx_word' id='word_1_69' title='bbox 660 917 840 1068; x_wconf 58' lang='lat' dir='ltr'>ProXterea</span> <span class='ocrx_word' id='word_1_70' title='bbox 856 916 1019 982; x_wconf 89' lang='lat' dir='ltr'>Sanctum</span> <span class='ocrx_word' id='word_1_71' title='bbox 1034 933 1171 999; x_wconf 89' lang='lat' dir='ltr'>quoque</span> <span class='ocrx_word' id='word_1_72' title='bbox 1187 912 1312 984; x_wconf 91' lang='lat' dir='ltr'>timens</span> 
     </span>
     <span class='ocr_line' id='line_1_9' title="bbox 100 999 1312 1092; baseline 0.002 -22"><span class='ocrx_word' id='word_1_73' title='bbox 100 1013 234 1088; x_wconf 86' lang='lat' dir='ltr'>perator,</span> <span class='ocrx_word' id='word_1_74' title='bbox 254 1011 287 1068; x_wconf 89' lang='lat' dir='ltr'>et</span> <span class='ocrx_word' id='word_1_75' title='bbox 302 1000 334 1070; x_wconf 90' lang='lat' dir='ltr'>ei</span> <span class='ocrx_word' id='word_1_76' title='bbox 348 999 491 1070; x_wconf 91' lang='lat' dir='ltr'>omnino</span> <span class='ocrx_word' id='word_1_77' title='bbox 512 1021 706 1092; x_wconf 89' lang='lat' dir='ltr'>repugnare</span> <span class='ocrx_word' id='word_1_78' title='bbox 742 1000 909 1082; x_wconf 89' lang='lat' dir='ltr'>eclinans,</span> <span class='ocrx_word' id='word_1_79' title='bbox 929 1021 1009 1070; x_wconf 90' lang='lat' dir='ltr'>eum</span> <span class='ocrx_word' id='word_1_80' title='bbox 1023 1001 1223 1091; x_wconf 81' lang='lat' dir='ltr'>aggreditur</span> <span class='ocrx_word' id='word_1_81' title='bbox 1239 1015 1312 1072; x_wconf 88' lang='lat' dir='ltr'>arte</span> 
     </span>
     <span class='ocr_line' id='line_1_10' title="bbox 90 1088 1311 1180; baseline 0.002 -22"><span class='ocrx_word' id='word_1_82' title='bbox 90 1088 278 1168; x_wconf 88' lang='lat' dir='ltr'>blanditiis;</span> <span class='ocrx_word' id='word_1_83' title='bbox 305 1099 339 1158; x_wconf 88' lang='lat' dir='ltr'>et</span> <span class='ocrx_word' id='word_1_84' title='bbox 357 1109 438 1158; x_wconf 82' lang='lat' dir='ltr'>curn</span> <span class='ocrx_word' id='word_1_85' title='bbox 459 1088 533 1180; x_wconf 89' lang='lat' dir='ltr'>ipsc</span> <span class='ocrx_word' id='word_1_86' title='bbox 557 1111 658 1179; x_wconf 89' lang='lat' dir='ltr'>saepe</span> <span class='ocrx_word' id='word_1_87' title='bbox 674 1111 767 1171; x_wconf 93' lang='lat' dir='ltr'>eum,</span> <span class='ocrx_word' id='word_1_88' title='bbox 785 1101 818 1158; x_wconf 89' lang='lat' dir='ltr'>et</span> <span class='ocrx_word' id='word_1_89' title='bbox 835 1110 894 1178; x_wconf 88' lang='lat' dir='ltr'>per</span> <span class='ocrx_word' id='word_1_90' title='bbox 912 1089 1052 1171; x_wconf 79' lang='lat' dir='ltr'>multoe,</span> <span class='ocrx_word' id='word_1_91' title='bbox 1078 1102 1116 1160; x_wconf 91' lang='lat' dir='ltr'>ut</span> <span class='ocrx_word' id='word_1_92' title='bbox 1135 1090 1176 1160; x_wconf 88' lang='lat' dir='ltr'>ad</span> <span class='ocrx_word' id='word_1_93' title='bbox 1194 1091 1311 1180; x_wconf 92' lang='lat' dir='ltr'>ipsum</span> 
     </span>
     <span class='ocr_line' id='line_1_11' title="bbox 84 1177 1313 1267; baseline 0.007 -23"><span class='ocrx_word' id='word_1_94' title='bbox 84 1177 168 1247; x_wconf 88' lang='lat' dir='ltr'>niret</span> <span class='ocrx_word' id='word_1_95' title='bbox 189 1188 372 1267; x_wconf 79' lang='lat' dir='ltr'>precatus,</span> <span class='ocrx_word' id='word_1_96' title='bbox 400 1197 467 1248; x_wconf 87' lang='lat' dir='ltr'>non</span> <span class='ocrx_word' id='word_1_97' title='bbox 499 1177 749 1266; x_wconf 84' lang='lat' dir='ltr'>persuadebat,</span> <span class='ocrx_word' id='word_1_98' title='bbox 776 1179 851 1267; x_wconf 89' lang='lat' dir='ltr'>ipse</span> <span class='ocrx_word' id='word_1_99' title='bbox 874 1178 917 1247; x_wconf 88' lang='lat' dir='ltr'>ad</span> <span class='ocrx_word' id='word_1_100' title='bbox 942 1199 1022 1248; x_wconf 91' lang='lat' dir='ltr'>eum</span> <span class='ocrx_word' id='word_1_101' title='bbox 1044 1180 1155 1260; x_wconf 86' lang='lat' dir='ltr'>venit,</span> <span class='ocrx_word' id='word_1_102' title='bbox 1185 1193 1218 1250; x_wconf 91' lang='lat' dir='ltr'>et</span> <span class='ocrx_word' id='word_1_103' title='bbox 1243 1181 1313 1252; x_wconf 90' lang='lat' dir='ltr'>ritu</span> 
     </span>
     <span class='ocr_line' id='line_1_12' title="bbox 85 1263 1313 1357; baseline 0.003 -23"><span class='ocrx_word' id='word_1_104' title='bbox 85 1263 206 1354; x_wconf 85' lang='lat' dir='ltr'>pplieis</span> <span class='ocrx_word' id='word_1_105' title='bbox 220 1266 353 1348; x_wconf 92' lang='lat' dir='ltr'>adorat,</span> <span class='ocrx_word' id='word_1_106' title='bbox 387 1278 419 1335; x_wconf 90' lang='lat' dir='ltr'>et</span> <span class='ocrx_word' id='word_1_107' title='bbox 446 1265 543 1336; x_wconf 90' lang='lat' dir='ltr'>illius</span> <span class='ocrx_word' id='word_1_108' title='bbox 565 1267 668 1356; x_wconf 89' lang='lat' dir='ltr'>pedes</span> <span class='ocrx_word' id='word_1_109' title='bbox 688 1267 882 1357; x_wconf 91' lang='lat' dir='ltr'>prebensat,</span> <span class='ocrx_word' id='word_1_110' title='bbox 910 1288 1037 1356; x_wconf 87' lang='lat' dir='ltr'>rogans</span> <span class='ocrx_word' id='word_1_111' title='bbox 1056 1280 1095 1337; x_wconf 93' lang='lat' dir='ltr'>ut</span> <span class='ocrx_word' id='word_1_112' title='bbox 1118 1268 1186 1338; x_wconf 92' lang='lat' dir='ltr'>sibi</span> <span class='ocrx_word' id='word_1_113' title='bbox 1210 1267 1313 1339; x_wconf 89' lang='lat' dir='ltr'>detur</span> 
     </span>
     <span class='ocr_line' id='line_1_13' title="bbox 8 1354 1337 1512; baseline 0.004 -91"><span class='ocrx_word' id='word_1_114' title='bbox 8 1356 146 1448; x_wconf 54' lang='lat' dir='ltr'>sterria.</span> <span class='ocrx_word' id='word_1_115' title='bbox 165 1354 226 1424; x_wconf 91' lang='lat' dir='ltr'>llle</span> <span class='ocrx_word' id='word_1_116' title='bbox 242 1369 358 1424; x_wconf 90' lang='lat' dir='ltr'>autem</span> <span class='ocrx_word' id='word_1_117' title='bbox 375 1355 470 1512; x_wconf 58' lang='lat' dir='ltr'>lqms</span> <span class='ocrx_word' id='word_1_118' title='bbox 486 1356 578 1425; x_wconf 91' lang='lat' dir='ltr'>enim</span> <span class='ocrx_word' id='word_1_119' title='bbox 600 1356 642 1425; x_wconf 91' lang='lat' dir='ltr'>ad</span> <span class='ocrx_word' id='word_1_120' title='bbox 659 1378 699 1426; x_wconf 92' lang='lat' dir='ltr'>ea</span> <span class='ocrx_word' id='word_1_121' title='bbox 713 1355 861 1425; x_wconf 88' lang='lat' dir='ltr'>videnda</span> <span class='ocrx_word' id='word_1_122' title='bbox 880 1368 951 1425; x_wconf 90' lang='lat' dir='ltr'>erat</span> <span class='ocrx_word' id='word_1_123' title='bbox 972 1356 1047 1444; x_wconf 91' lang='lat' dir='ltr'>ipso</span> <span class='ocrx_word' id='word_1_124' title='bbox 1065 1357 1312 1448; x_wconf 89' lang='lat' dir='ltr'>perspicacior)</span> <span class='ocrx_word' id='word_1_125' title='bbox 1334 1377 1337 1382; x_wconf 89' lang='lat'>·</span> 
     </span>
     <span class='ocr_line' id='line_1_14' title="bbox 7 1437 1313 1535; baseline 0.003 -22"><span class='ocrx_word' id='word_1_126' title='bbox 7 1437 132 1513; x_wconf 73' lang='lat' dir='ltr'>illum</span> <span class='ocrx_word' id='word_1_127' title='bbox 148 1444 290 1530; x_wconf 89' lang='lat' dir='ltr'>quidem</span> <span class='ocrx_word' id='word_1_128' title='bbox 317 1444 438 1514; x_wconf 88' lang='lat' dir='ltr'>mutis</span> <span class='ocrx_word' id='word_1_129' title='bbox 458 1457 539 1513; x_wconf 90' lang='lat' dir='ltr'>tunc</span> <span class='ocrx_word' id='word_1_130' title='bbox 558 1445 693 1534; x_wconf 82' lang='lat' dir='ltr'>probris</span> <span class='ocrx_word' id='word_1_131' title='bbox 710 1444 917 1532; x_wconf 86' lang='lat' dir='ltr'>insequitur.</span> <span class='ocrx_word' id='word_1_132' title='bbox 941 1444 1070 1514; x_wconf 86' lang='lat' dir='ltr'>Deinde</span> <span class='ocrx_word' id='word_1_133' title='bbox 1085 1445 1189 1516; x_wconf 86' lang='lat' dir='ltr'>etiarn</span> <span class='ocrx_word' id='word_1_134' title='bbox 1202 1448 1313 1535; x_wconf 90' lang='lat' dir='ltr'>aperit</span> 
     </span>
     <span class='ocr_line' id='line_1_15' title="bbox 5 1525 1312 1622; baseline 0.002 -19"><span class='ocrx_word' id='word_1_135' title='bbox 5 1525 69 1603; x_wconf 75' lang='lat' dir='ltr'>id</span> <span class='ocrx_word' id='word_1_136' title='bbox 89 1532 182 1622; x_wconf 89' lang='lat' dir='ltr'>quod</span> <span class='ocrx_word' id='word_1_137' title='bbox 207 1532 336 1604; x_wconf 91' lang='lat' dir='ltr'>multos</span> <span class='ocrx_word' id='word_1_138' title='bbox 360 1532 504 1602; x_wconf 89' lang='lat' dir='ltr'>latebat:</span> <span class='ocrx_word' id='word_1_139' title='bbox 532 1534 757 1604; x_wconf 84' lang='lat' dir='ltr'>«Humilitas</span> <span class='ocrx_word' id='word_1_140' title='bbox 782 1533 854 1616; x_wconf 90' lang='lat' dir='ltr'>illa,</span> <span class='ocrx_word' id='word_1_141' title='bbox 874 1533 1005 1613; x_wconf 80' lang='lat' dir='ltr'>dicere,</span> <span class='ocrx_word' id='word_1_142' title='bbox 1025 1546 1057 1603; x_wconf 90' lang='lat' dir='ltr'>et</span> <span class='ocrx_word' id='word_1_143' title='bbox 1076 1535 1237 1606; x_wconf 89' lang='lat' dir='ltr'>contritio</span> <span class='ocrx_word' id='word_1_144' title='bbox 1260 1548 1312 1608; x_wconf 88' lang='lat' dir='ltr'>est</span> 
     </span>
     <span class='ocr_line' id='line_1_16' title="bbox 6 1620 1313 1713; baseline 0.004 -23"><span class='ocrx_word' id='word_1_145' title='bbox 6 1621 220 1692; x_wconf 66' lang='lat' dir='ltr'>mifieiosa</span> <span class='ocrx_word' id='word_1_146' title='bbox 249 1620 448 1702; x_wconf 87' lang='lat' dir='ltr'>simulatio,</span> <span class='ocrx_word' id='word_1_147' title='bbox 477 1622 582 1691; x_wconf 88' lang='lat' dir='ltr'>densa</span> <span class='ocrx_word' id='word_1_148' title='bbox 612 1621 701 1712; x_wconf 90' lang='lat' dir='ltr'>pelle</span> <span class='ocrx_word' id='word_1_149' title='bbox 725 1635 842 1713; x_wconf 89' lang='lat' dir='ltr'>tegens</span> <span class='ocrx_word' id='word_1_150' title='bbox 866 1622 1161 1711; x_wconf 88' lang='lat' dir='ltr'>importunitatem</span> <span class='ocrx_word' id='word_1_151' title='bbox 1179 1623 1255 1713; x_wconf 90' lang='lat' dir='ltr'>ejus</span> <span class='ocrx_word' id='word_1_152' title='bbox 1279 1637 1313 1695; x_wconf 93' lang='lat' dir='ltr'>et</span> 
     </span>
     <span class='ocr_line' id='line_1_17' title="bbox 8 1710 1308 1801; baseline 0.001 -21"><span class='ocrx_word' id='word_1_153' title='bbox 8 1727 16 1770; x_wconf 83' lang='lat'><em>1</em></span> <span class='ocrx_word' id='word_1_154' title='bbox 33 1712 305 1782; x_wconf 65' lang='lat' dir='ltr'>amenitatem:</span> <span class='ocrx_word' id='word_1_155' title='bbox 327 1710 385 1781; x_wconf 89' lang='lat' dir='ltr'>sed</span> <span class='ocrx_word' id='word_1_156' title='bbox 403 1711 470 1779; x_wconf 89' lang='lat' dir='ltr'>cito</span> <span class='ocrx_word' id='word_1_157' title='bbox 485 1710 655 1792; x_wconf 90' lang='lat' dir='ltr'>videbitis,</span> <span class='ocrx_word' id='word_1_158' title='bbox 673 1712 734 1798; x_wconf 93' lang='lat' dir='ltr'>qui</span> <span class='ocrx_word' id='word_1_159' title='bbox 750 1711 865 1782; x_wconf 90' lang='lat' dir='ltr'>omnia</span> <span class='ocrx_word' id='word_1_160' title='bbox 886 1710 1049 1801; x_wconf 87' lang='lat' dir='ltr'>perspicit</span> <span class='ocrx_word' id='word_1_161' title='bbox 1065 1712 1133 1792; x_wconf 89' lang='lat' dir='ltr'>Dei,</span> <span class='ocrx_word' id='word_1_162' title='bbox 1154 1711 1308 1795; x_wconf 90' lang='lat' dir='ltr'>oculum,</span> 
     </span>
     <span class='ocr_line' id='line_1_18' title="bbox 10 1799 1313 1890; baseline 0.003 -21"><span class='ocrx_word' id='word_1_163' title='bbox 10 1807 66 1869; x_wconf 58' lang='grc' dir='ltr'>εἱ</span> <span class='ocrx_word' id='word_1_164' title='bbox 83 1799 236 1869; x_wconf 88' lang='lat' dir='ltr'>validam</span> <span class='ocrx_word' id='word_1_165' title='bbox 255 1820 410 1880; x_wconf 87' lang='lat' dir='ltr'>manum,</span> <span class='ocrx_word' id='word_1_166' title='bbox 437 1819 525 1885; x_wconf 91' lang='lat' dir='ltr'>quae</span> <span class='ocrx_word' id='word_1_167' title='bbox 540 1800 641 1870; x_wconf 90' lang='lat' dir='ltr'>etiam</span> <span class='ocrx_word' id='word_1_168' title='bbox 669 1812 823 1890; x_wconf 90' lang='lat' dir='ltr'>potentes</span> <span class='ocrx_word' id='word_1_169' title='bbox 846 1799 1011 1885; x_wconf 86' lang='lat' dir='ltr'>dejicit.»</span> <span class='ocrx_word' id='word_1_170' title='bbox 1032 1804 1138 1888; x_wconf 77' lang='lat' dir='ltr'>Atque</span> <span class='ocrx_word' id='word_1_171' title='bbox 1162 1821 1242 1870; x_wconf 94' lang='lat' dir='ltr'>cum</span> <span class='ocrx_word' id='word_1_172' title='bbox 1261 1803 1313 1874; x_wconf 89' lang='lat' dir='ltr'>sic</span> 
     </span>
     <span class='ocr_line' id='line_1_19' title="bbox 80 1887 1313 1976; baseline 0.005 -22"><span class='ocrx_word' id='word_1_173' title='bbox 80 1887 172 1956; x_wconf 90' lang='lat' dir='ltr'>idem</span> <span class='ocrx_word' id='word_1_174' title='bbox 201 1893 348 1958; x_wconf 87' lang='lat' dir='ltr'>Sanctus</span> <span class='ocrx_word' id='word_1_175' title='bbox 371 1901 441 1956; x_wconf 89' lang='lat' dir='ltr'>tam</span> <span class='ocrx_word' id='word_1_176' title='bbox 469 1887 575 1958; x_wconf 88' lang='lat' dir='ltr'>multa</span> <span class='ocrx_word' id='word_1_177' title='bbox 591 1888 726 1960; x_wconf 88' lang='lat' dir='ltr'>lecisset</span> <span class='ocrx_word' id='word_1_178' title='bbox 750 1888 931 1971; x_wconf 91' lang='lat' dir='ltr'>miracula,</span> <span class='ocrx_word' id='word_1_179' title='bbox 959 1889 1085 1976; x_wconf 88' lang='lat' dir='ltr'>Deique</span> <span class='ocrx_word' id='word_1_180' title='bbox 1103 1890 1258 1959; x_wconf 88' lang='lat' dir='ltr'>vertisset</span> <span class='ocrx_word' id='word_1_181' title='bbox 1280 1902 1313 1960; x_wconf 90' lang='lat' dir='ltr'>et</span> 
     </span>
     <span class='ocr_line' id='line_1_20' title="bbox 77 1976 1312 2066; baseline 0.003 -24"><span class='ocrx_word' id='word_1_182' title='bbox 77 1977 253 2066; x_wconf 86' lang='lat' dir='ltr'>alligasset</span> <span class='ocrx_word' id='word_1_183' title='bbox 271 1976 415 2056; x_wconf 91' lang='lat' dir='ltr'>hostem,</span> <span class='ocrx_word' id='word_1_184' title='bbox 434 1989 467 2046; x_wconf 91' lang='lat' dir='ltr'>ct</span> <span class='ocrx_word' id='word_1_185' title='bbox 486 1999 540 2046; x_wconf 89' lang='lat' dir='ltr'>res</span> <span class='ocrx_word' id='word_1_186' title='bbox 556 1977 726 2048; x_wconf 83' lang='lat' dir='ltr'>Ecclesiae</span> <span class='ocrx_word' id='word_1_187' title='bbox 743 1977 829 2048; x_wconf 89' lang='lat' dir='ltr'>benc</span> <span class='ocrx_word' id='word_1_188' title='bbox 845 1977 1090 2058; x_wconf 85' lang='lat' dir='ltr'>constituisset,</span> <span class='ocrx_word' id='word_1_189' title='bbox 1106 1979 1190 2064; x_wconf 89' lang='lat' dir='ltr'>quin</span> <span class='ocrx_word' id='word_1_190' title='bbox 1206 1978 1312 2047; x_wconf 88' lang='lat' dir='ltr'>etiam</span> 
     </span>
     <span class='ocr_line' id='line_1_21' title="bbox 87 2059 1312 2156; baseline 0.002 -24"><span class='ocrx_word' id='word_1_191' title='bbox 87 2087 152 2134; x_wconf 88' lang='lat' dir='ltr'>nra</span> <span class='ocrx_word' id='word_1_192' title='bbox 177 2059 423 2156; x_wconf 72' lang='lat' dir='ltr'>praedixisset,</span> <span class='ocrx_word' id='word_1_193' title='bbox 437 2067 614 2135; x_wconf 88' lang='lat' dir='ltr'>revertitur</span> <span class='ocrx_word' id='word_1_194' title='bbox 636 2065 678 2136; x_wconf 89' lang='lat' dir='ltr'>ad</span> <span class='ocrx_word' id='word_1_195' title='bbox 704 2066 916 2147; x_wconf 89' lang='lat' dir='ltr'>columnam,</span> <span class='ocrx_word' id='word_1_196' title='bbox 933 2079 966 2136; x_wconf 90' lang='lat' dir='ltr'>et</span> <span class='ocrx_word' id='word_1_197' title='bbox 982 2067 1171 2136; x_wconf 90' lang='lat' dir='ltr'>certamina</span> <span class='ocrx_word' id='word_1_198' title='bbox 1195 2088 1235 2136; x_wconf 91' lang='lat' dir='ltr'>ae</span> <span class='ocrx_word' id='word_1_199' title='bbox 1262 2065 1312 2135; x_wconf 91' lang='lat' dir='ltr'>la-</span> 
     </span>
     <span class='ocr_line' id='line_1_22' title="bbox 46 2153 739 2246; baseline 0.001 -25"><span class='ocrx_word' id='word_1_200' title='bbox 46 2228 51 2237; x_wconf 53' lang='lat'>,</span> <span class='ocrx_word' id='word_1_201' title='bbox 83 2175 137 2222; x_wconf 87' lang='lat' dir='ltr'>res</span> <span class='ocrx_word' id='word_1_202' title='bbox 153 2175 284 2244; x_wconf 88' lang='lat' dir='ltr'>magno</span> <span class='ocrx_word' id='word_1_203' title='bbox 302 2168 335 2224; x_wconf 92' lang='lat' dir='ltr'>et</span> <span class='ocrx_word' id='word_1_204' title='bbox 351 2153 429 2223; x_wconf 90' lang='lat' dir='ltr'>lorti</span> <span class='ocrx_word' id='word_1_205' title='bbox 449 2155 565 2224; x_wconf 91' lang='lat' dir='ltr'>animo</span> <span class='ocrx_word' id='word_1_206' title='bbox 581 2155 739 2246; x_wconf 85' lang='lat' dir='ltr'>suscipit.</span> 
     </span>
    </p>

    <p class='ocr_par' dir='ltr' id='par_1_3' title="bbox 25 2241 1317 4025">
     <span class='ocr_line' id='line_1_23' title="bbox 83 2241 1311 2333; baseline -0.004 -18"><span class='ocrx_word' id='word_1_207' title='bbox 83 2245 103 2326; x_wconf 66' lang='grc' dir='ltr'>ξ</span> <span class='ocrx_word' id='word_1_208' title='bbox 126 2247 204 2315; x_wconf 68' lang='grc'>49.</span> <span class='ocrx_word' id='word_1_209' title='bbox 232 2247 304 2312; x_wconf 88' lang='lat' dir='ltr'>Non</span> <span class='ocrx_word' id='word_1_210' title='bbox 323 2242 471 2312; x_wconf 90' lang='lat' dir='ltr'>multum</span> <span class='ocrx_word' id='word_1_211' title='bbox 489 2243 679 2314; x_wconf 75' lang='lat' dir='ltr'>interfluxit</span> <span class='ocrx_word' id='word_1_212' title='bbox 695 2244 871 2333; x_wconf 90' lang='lat' dir='ltr'>temporis,</span> <span class='ocrx_word' id='word_1_213' title='bbox 890 2255 923 2312; x_wconf 89' lang='lat' dir='ltr'>et</span> <span class='ocrx_word' id='word_1_214' title='bbox 947 2243 1132 2314; x_wconf 86' lang='lat' dir='ltr'>Basiliscus</span> <span class='ocrx_word' id='word_1_215' title='bbox 1156 2241 1311 2332; x_wconf 90' lang='lat' dir='ltr'>quidem,</span> 
     </span>
     <span class='ocr_line' id='line_1_24' title="bbox 97 2331 1313 2422; baseline 0.005 -26"><span class='ocrx_word' id='word_1_216' title='bbox 97 2351 255 2421; x_wconf 85' lang='lat' dir='ltr'>nmagno</span> <span class='ocrx_word' id='word_1_217' title='bbox 272 2331 488 2422; x_wconf 84' lang='lat' dir='ltr'>praedictum</span> <span class='ocrx_word' id='word_1_218' title='bbox 505 2331 616 2402; x_wconf 88' lang='lat' dir='ltr'>luerat</span> <span class='ocrx_word' id='word_1_219' title='bbox 644 2331 793 2414; x_wconf 85' lang='lat' dir='ltr'>Daniele,</span> <span class='ocrx_word' id='word_1_220' title='bbox 813 2332 943 2421; x_wconf 83' lang='lat' dir='ltr'>aragia</span> <span class='ocrx_word' id='word_1_221' title='bbox 967 2331 1161 2422; x_wconf 89' lang='lat' dir='ltr'>expellitur,</span> <span class='ocrx_word' id='word_1_222' title='bbox 1179 2343 1211 2401; x_wconf 89' lang='lat' dir='ltr'>et</span> <span class='ocrx_word' id='word_1_223' title='bbox 1227 2337 1313 2402; x_wconf 88' lang='lat' dir='ltr'>Zeno</span> 
     </span>
     <span class='ocr_line' id='line_1_25' title="bbox 41 2420 1311 2510; baseline 0.003 -26"><span class='ocrx_word' id='word_1_224' title='bbox 41 2488 48 2497; x_wconf 70' lang='grc'><strong>,</strong></span> <span class='ocrx_word' id='word_1_225' title='bbox 92 2439 168 2486; x_wconf 87' lang='lat' dir='ltr'>rsus</span> <span class='ocrx_word' id='word_1_226' title='bbox 188 2433 319 2508; x_wconf 85' lang='lat' dir='ltr'>sceptra</span> <span class='ocrx_word' id='word_1_227' title='bbox 345 2420 485 2489; x_wconf 84' lang='lat' dir='ltr'>tenet*:</span> <span class='ocrx_word' id='word_1_228' title='bbox 512 2433 545 2490; x_wconf 90' lang='lat' dir='ltr'>et</span> <span class='ocrx_word' id='word_1_229' title='bbox 571 2421 674 2490; x_wconf 91' lang='lat' dir='ltr'>linem</span> <span class='ocrx_word' id='word_1_230' title='bbox 700 2433 908 2510; x_wconf 90' lang='lat' dir='ltr'>aeceperunt</span> <span class='ocrx_word' id='word_1_231' title='bbox 937 2420 1013 2508; x_wconf 88' lang='lat' dir='ltr'>ejus</span> <span class='ocrx_word' id='word_1_232' title='bbox 1040 2420 1311 2510; x_wconf 86' lang='lat' dir='ltr'>praedictiones:</span> 
     </span>
     <span class='ocr_line' id='line_1_26' title="bbox 25 2503 1313 2600; baseline 0.002 -26"><span class='ocrx_word' id='word_1_233' title='bbox 25 2528 32 2588; x_wconf 53' lang='lat'>¹,</span> <span class='ocrx_word' id='word_1_234' title='bbox 103 2503 143 2574; x_wconf 89' lang='lat' dir='ltr'>ad</span> <span class='ocrx_word' id='word_1_235' title='bbox 167 2529 330 2599; x_wconf 91' lang='lat' dir='ltr'>magnum</span> <span class='ocrx_word' id='word_1_236' title='bbox 362 2509 535 2578; x_wconf 90' lang='lat' dir='ltr'>Danielem</span> <span class='ocrx_word' id='word_1_237' title='bbox 560 2510 651 2579; x_wconf 83' lang='lat' dir='ltr'>venit</span> <span class='ocrx_word' id='word_1_238' title='bbox 675 2516 761 2581; x_wconf 91' lang='lat' dir='ltr'>Zeno</span> <span class='ocrx_word' id='word_1_239' title='bbox 786 2531 867 2580; x_wconf 91' lang='lat' dir='ltr'>cum</span> <span class='ocrx_word' id='word_1_240' title='bbox 884 2531 1001 2590; x_wconf 87' lang='lat' dir='ltr'>uxore,</span> <span class='ocrx_word' id='word_1_241' title='bbox 1027 2511 1148 2579; x_wconf 88' lang='lat' dir='ltr'>videns</span> <span class='ocrx_word' id='word_1_242' title='bbox 1171 2508 1313 2600; x_wconf 89' lang='lat' dir='ltr'>quidem</span> 
     </span>
     <span class='ocr_line' id='line_1_27' title="bbox 34 2596 1314 2688; baseline 0.005 -28"><span class='ocrx_word' id='word_1_243' title='bbox 34 2673 38 2679; x_wconf 24' lang='grc' dir='ltr'>Ι</span> <span class='ocrx_word' id='word_1_244' title='bbox 68 2596 278 2677; x_wconf 75' lang='lat' dir='ltr'>evenientes</span> <span class='ocrx_word' id='word_1_245' title='bbox 303 2597 415 2667; x_wconf 91' lang='lat' dir='ltr'>exitus</span> <span class='ocrx_word' id='word_1_246' title='bbox 439 2598 737 2688; x_wconf 87' lang='lat' dir='ltr'>praedictionum:</span> <span class='ocrx_word' id='word_1_247' title='bbox 763 2611 887 2668; x_wconf 82' lang='lat' dir='ltr'>eventu</span> <span class='ocrx_word' id='word_1_248' title='bbox 911 2609 1023 2668; x_wconf 90' lang='lat' dir='ltr'>autem</span> <span class='ocrx_word' id='word_1_249' title='bbox 1050 2599 1174 2688; x_wconf 87' lang='lat' dir='ltr'>dignas</span> <span class='ocrx_word' id='word_1_250' title='bbox 1199 2597 1314 2666; x_wconf 90' lang='lat' dir='ltr'>reddi-</span> 
     </span>
     <span class='ocr_line' id='line_1_28' title="bbox 41 2687 1313 2776; baseline 0.004 -27"><span class='ocrx_word' id='word_1_251' title='bbox 41 2720 50 2765; x_wconf 67' lang='grc' dir='ltr'><em>ς</em></span> <span class='ocrx_word' id='word_1_252' title='bbox 88 2701 136 2752; x_wconf 90' lang='lat' dir='ltr'>rus</span> <span class='ocrx_word' id='word_1_253' title='bbox 160 2687 303 2775; x_wconf 87' lang='lat' dir='ltr'>gratias.</span> <span class='ocrx_word' id='word_1_254' title='bbox 328 2691 405 2756; x_wconf 87' lang='lat' dir='ltr'>Jam</span> <span class='ocrx_word' id='word_1_255' title='bbox 423 2709 502 2758; x_wconf 90' lang='lat' dir='ltr'>vero</span> <span class='ocrx_word' id='word_1_256' title='bbox 525 2687 629 2763; x_wconf 87' lang='lat' dir='ltr'>finem</span> <span class='ocrx_word' id='word_1_257' title='bbox 647 2699 831 2774; x_wconf 87' lang='lat' dir='ltr'>quaerente</span> <span class='ocrx_word' id='word_1_258' title='bbox 847 2687 1012 2768; x_wconf 92' lang='lat' dir='ltr'>oratione,</span> <span class='ocrx_word' id='word_1_259' title='bbox 1040 2702 1176 2758; x_wconf 89' lang='lat' dir='ltr'>etcum</span> <span class='ocrx_word' id='word_1_260' title='bbox 1195 2687 1313 2776; x_wconf 91' lang='lat' dir='ltr'>magni</span> 
     </span>
     <span class='ocr_line' id='line_1_29' title="bbox 43 2773 1314 2862; baseline 0.006 -23"><span class='ocrx_word' id='word_1_261' title='bbox 43 2849 46 2855; x_wconf 18' lang='lat' dir='ltr'>y</span> <span class='ocrx_word' id='word_1_262' title='bbox 94 2773 188 2844; x_wconf 88' lang='lat' dir='ltr'>uielis</span> <span class='ocrx_word' id='word_1_263' title='bbox 205 2776 272 2844; x_wconf 85' lang='lat' dir='ltr'>rita</span> <span class='ocrx_word' id='word_1_264' title='bbox 294 2775 425 2844; x_wconf 85' lang='lat' dir='ltr'>volente</span> <span class='ocrx_word' id='word_1_265' title='bbox 444 2775 548 2844; x_wconf 89' lang='lat' dir='ltr'>simul</span> <span class='ocrx_word' id='word_1_266' title='bbox 568 2777 792 2862; x_wconf 85' lang='lat' dir='ltr'>requiescere,</span> <span class='ocrx_word' id='word_1_267' title='bbox 815 2776 850 2844; x_wconf 92' lang='lat' dir='ltr'>in</span> <span class='ocrx_word' id='word_1_268' title='bbox 877 2775 972 2847; x_wconf 89' lang='lat' dir='ltr'>illius</span> <span class='ocrx_word' id='word_1_269' title='bbox 998 2775 1175 2844; x_wconf 87' lang='lat' dir='ltr'>miraculis</span> <span class='ocrx_word' id='word_1_270' title='bbox 1199 2775 1314 2846; x_wconf 89' lang='lat' dir='ltr'>adbuc</span> 
     </span>
     <span class='ocr_line' id='line_1_30' title="bbox 43 2863 1312 2952; baseline 0.008 -26"><span class='ocrx_word' id='word_1_271' title='bbox 43 2881 44 2884; x_wconf 44' lang='lat'>¹</span> <span class='ocrx_word' id='word_1_272' title='bbox 89 2881 227 2952; x_wconf 90' lang='lat' dir='ltr'>rumper</span> <span class='ocrx_word' id='word_1_273' title='bbox 255 2863 412 2950; x_wconf 89' lang='lat' dir='ltr'>jucunde</span> <span class='ocrx_word' id='word_1_274' title='bbox 440 2864 716 2934; x_wconf 91' lang='lat' dir='ltr'>immorabimur.</span> <span class='ocrx_word' id='word_1_275' title='bbox 747 2866 804 2934; x_wconf 84' lang='lat' dir='ltr'>Vir</span> <span class='ocrx_word' id='word_1_276' title='bbox 828 2865 970 2952; x_wconf 90' lang='lat' dir='ltr'>quidam</span> <span class='ocrx_word' id='word_1_277' title='bbox 998 2863 1145 2936; x_wconf 84' lang='lat' dir='ltr'>artificio</span> <span class='ocrx_word' id='word_1_278' title='bbox 1169 2863 1312 2946; x_wconf 79' lang='lat' dir='ltr'>aurifex,</span> 
     </span>
     <span class='ocr_line' id='line_1_31' title="bbox 91 2949 1311 3043; baseline 0.004 -25"><span class='ocrx_word' id='word_1_279' title='bbox 91 2949 188 3021; x_wconf 85' lang='lat' dir='ltr'>bebat</span> <span class='ocrx_word' id='word_1_280' title='bbox 208 2973 369 3043; x_wconf 85' lang='lat' dir='ltr'>puerum,</span> <span class='ocrx_word' id='word_1_281' title='bbox 396 2953 457 3040; x_wconf 90' lang='lat' dir='ltr'>qui</span> <span class='ocrx_word' id='word_1_282' title='bbox 472 2954 657 3042; x_wconf 87' lang='lat' dir='ltr'>septimum</span> <span class='ocrx_word' id='word_1_283' title='bbox 679 2953 819 3042; x_wconf 90' lang='lat' dir='ltr'>quidem</span> <span class='ocrx_word' id='word_1_284' title='bbox 847 2954 920 3041; x_wconf 83' lang='lat' dir='ltr'>jam</span> <span class='ocrx_word' id='word_1_285' title='bbox 950 2975 1082 3022; x_wconf 90' lang='lat' dir='ltr'>annum</span> <span class='ocrx_word' id='word_1_286' title='bbox 1112 2954 1311 3043; x_wconf 83' lang='lat' dir='ltr'>attingebat,</span> 
     </span>
     <span class='ocr_line' id='line_1_32' title="bbox 90 3040 1311 3132; baseline 0.007 -27"><span class='ocrx_word' id='word_1_287' title='bbox 90 3040 327 3112; x_wconf 80' lang='lat' dir='ltr'>adamantem</span> <span class='ocrx_word' id='word_1_288' title='bbox 345 3053 476 3130; x_wconf 89' lang='lat' dir='ltr'>poterat</span> <span class='ocrx_word' id='word_1_289' title='bbox 491 3041 646 3132; x_wconf 87' lang='lat' dir='ltr'>ingredi:</span> <span class='ocrx_word' id='word_1_290' title='bbox 667 3042 726 3112; x_wconf 88' lang='lat' dir='ltr'>sed</span> <span class='ocrx_word' id='word_1_291' title='bbox 746 3043 957 3132; x_wconf 88' lang='lat' dir='ltr'>serpentium</span> <span class='ocrx_word' id='word_1_292' title='bbox 977 3043 1045 3112; x_wconf 91' lang='lat' dir='ltr'>ritu</span> <span class='ocrx_word' id='word_1_293' title='bbox 1061 3055 1178 3111; x_wconf 86' lang='lat' dir='ltr'>ventre</span> <span class='ocrx_word' id='word_1_294' title='bbox 1196 3056 1311 3122; x_wconf 89' lang='lat' dir='ltr'>utens,</span> 
     </span>
     <span class='ocr_line' id='line_1_33' title="bbox 42 3130 1316 3220; baseline 0.004 -25"><span class='ocrx_word' id='word_1_295' title='bbox 42 3201 48 3208; x_wconf 62' lang='grc'><em>,</em></span> <span class='ocrx_word' id='word_1_296' title='bbox 100 3130 267 3200; x_wconf 82' lang='lat' dir='ltr'>movendo</span> <span class='ocrx_word' id='word_1_297' title='bbox 291 3131 455 3219; x_wconf 91' lang='lat' dir='ltr'>reptabat.</span> <span class='ocrx_word' id='word_1_298' title='bbox 483 3135 714 3220; x_wconf 76' lang='lat' dir='ltr'>sumpserunt</span> <span class='ocrx_word' id='word_1_299' title='bbox 744 3153 823 3200; x_wconf 91' lang='lat' dir='ltr'>cum</span> <span class='ocrx_word' id='word_1_300' title='bbox 850 3143 1032 3218; x_wconf 87' lang='lat' dir='ltr'>parentes,</span> <span class='ocrx_word' id='word_1_301' title='bbox 1063 3142 1096 3199; x_wconf 92' lang='lat' dir='ltr'>et</span> <span class='ocrx_word' id='word_1_302' title='bbox 1125 3141 1316 3218; x_wconf 88' lang='lat' dir='ltr'>posuerunt</span> 
     </span>
     <span class='ocr_line' id='line_1_34' title="bbox 38 3217 1315 3308; baseline 0.004 -26"><span class='ocrx_word' id='word_1_303' title='bbox 38 3274 42 3300; x_wconf 74' lang='lat'><em>‚</em></span> <span class='ocrx_word' id='word_1_304' title='bbox 89 3227 115 3284; x_wconf 91' lang='lat' dir='ltr'>te</span> <span class='ocrx_word' id='word_1_305' title='bbox 135 3217 358 3288; x_wconf 90' lang='lat' dir='ltr'>columnam:</span> <span class='ocrx_word' id='word_1_306' title='bbox 386 3219 452 3308; x_wconf 92' lang='lat' dir='ltr'>ipsi</span> <span class='ocrx_word' id='word_1_307' title='bbox 476 3231 590 3290; x_wconf 89' lang='lat' dir='ltr'>autam</span> <span class='ocrx_word' id='word_1_308' title='bbox 616 3219 706 3289; x_wconf 84' lang='lat' dir='ltr'>infra</span> <span class='ocrx_word' id='word_1_309' title='bbox 731 3218 973 3290; x_wconf 83' lang='lat' dir='ltr'>miserabiliter</span> <span class='ocrx_word' id='word_1_310' title='bbox 997 3231 1030 3288; x_wconf 91' lang='lat' dir='ltr'>et</span> <span class='ocrx_word' id='word_1_311' title='bbox 1057 3217 1218 3288; x_wconf 90' lang='lat' dir='ltr'>llebiliter</span> <span class='ocrx_word' id='word_1_312' title='bbox 1241 3218 1315 3304; x_wconf 88' lang='lat' dir='ltr'>ejn·</span> 
     </span>
     <span class='ocr_line' id='line_1_35' title="bbox 66 3307 1315 3398; baseline 0 -24"><span class='ocrx_word' id='word_1_313' title='bbox 66 3374 70 3383; x_wconf 86' lang='grc'>,</span> <span class='ocrx_word' id='word_1_314' title='bbox 100 3317 157 3387; x_wconf 88' lang='lat' dir='ltr'>tes,</span> <span class='ocrx_word' id='word_1_315' title='bbox 178 3307 274 3397; x_wconf 90' lang='lat' dir='ltr'>ipsos</span> <span class='ocrx_word' id='word_1_316' title='bbox 290 3329 428 3394; x_wconf 91' lang='lat' dir='ltr'>quoque</span> <span class='ocrx_word' id='word_1_317' title='bbox 442 3309 500 3394; x_wconf 93' lang='lat' dir='ltr'>qui</span> <span class='ocrx_word' id='word_1_318' title='bbox 521 3307 693 3387; x_wconf 88' lang='lat' dir='ltr'>videbant,</span> <span class='ocrx_word' id='word_1_319' title='bbox 715 3309 947 3398; x_wconf 90' lang='lat' dir='ltr'>provocabant</span> <span class='ocrx_word' id='word_1_320' title='bbox 965 3307 1008 3378; x_wconf 89' lang='lat' dir='ltr'>ad</span> <span class='ocrx_word' id='word_1_321' title='bbox 1024 3308 1207 3397; x_wconf 84' lang='lat' dir='ltr'>lacrymas.</span> <span class='ocrx_word' id='word_1_322' title='bbox 1231 3311 1315 3376; x_wconf 88' lang='lat' dir='ltr'>San·</span> 
     </span>
     <span class='ocr_line' id='line_1_36' title="bbox 38 3395 1315 3487; baseline 0.002 -26"><span class='ocrx_word' id='word_1_323' title='bbox 38 3469 44 3482; x_wconf 9' lang='lat'>¹,</span> <span class='ocrx_word' id='word_1_324' title='bbox 98 3415 209 3466; x_wconf 83' lang='lat' dir='ltr'>srero</span> <span class='ocrx_word' id='word_1_325' title='bbox 225 3418 265 3466; x_wconf 89' lang='lat' dir='ltr'>ex</span> <span class='ocrx_word' id='word_1_326' title='bbox 284 3397 353 3466; x_wconf 92' lang='lat' dir='ltr'>alto</span> <span class='ocrx_word' id='word_1_327' title='bbox 373 3396 579 3486; x_wconf 89' lang='lat' dir='ltr'>despiciens,</span> <span class='ocrx_word' id='word_1_328' title='bbox 598 3417 678 3466; x_wconf 91' lang='lat' dir='ltr'>cum</span> <span class='ocrx_word' id='word_1_329' title='bbox 697 3399 821 3486; x_wconf 91' lang='lat' dir='ltr'>partim</span> <span class='ocrx_word' id='word_1_330' title='bbox 836 3396 976 3483; x_wconf 86' lang='lat' dir='ltr'>quidem</span> <span class='ocrx_word' id='word_1_331' title='bbox 996 3395 1218 3487; x_wconf 89' lang='lat' dir='ltr'>increpando,</span> <span class='ocrx_word' id='word_1_332' title='bbox 1236 3417 1315 3484; x_wconf 89' lang='lat' dir='ltr'>par·</span> 
     </span>
     <span class='ocr_line' id='line_1_37' title="bbox 118 3484 1315 3576; baseline 0.002 -24"><span class='ocrx_word' id='word_1_333' title='bbox 118 3496 236 3555; x_wconf 87' lang='lat' dir='ltr'>antem</span> <span class='ocrx_word' id='word_1_334' title='bbox 257 3484 476 3556; x_wconf 89' lang='lat' dir='ltr'>admonendo</span> <span class='ocrx_word' id='word_1_335' title='bbox 495 3507 615 3556; x_wconf 89' lang='lat' dir='ltr'>eorum</span> <span class='ocrx_word' id='word_1_336' title='bbox 636 3485 769 3556; x_wconf 93' lang='lat' dir='ltr'>luctum</span> <span class='ocrx_word' id='word_1_337' title='bbox 794 3485 957 3566; x_wconf 88' lang='lat' dir='ltr'>sedasset,</span> <span class='ocrx_word' id='word_1_338' title='bbox 975 3485 1076 3575; x_wconf 87' lang='lat' dir='ltr'>jubet</span> <span class='ocrx_word' id='word_1_339' title='bbox 1098 3499 1136 3556; x_wconf 95' lang='lat' dir='ltr'>ut</span> <span class='ocrx_word' id='word_1_340' title='bbox 1159 3504 1315 3576; x_wconf 82' lang='lat' dir='ltr'>perseve-</span> 
     </span>
     <span class='ocr_line' id='line_1_38' title="bbox 84 3573 1317 3663; baseline 0.005 -26"><span class='ocrx_word' id='word_1_341' title='bbox 84 3584 113 3638; x_wconf 90' lang='lat' dir='ltr'>nt</span> <span class='ocrx_word' id='word_1_342' title='bbox 126 3573 162 3642; x_wconf 95' lang='lat' dir='ltr'>in</span> <span class='ocrx_word' id='word_1_343' title='bbox 180 3597 279 3646; x_wconf 87' lang='lat' dir='ltr'>sacra</span> <span class='ocrx_word' id='word_1_344' title='bbox 296 3573 380 3644; x_wconf 88' lang='lat' dir='ltr'>aede</span> <span class='ocrx_word' id='word_1_345' title='bbox 398 3575 578 3655; x_wconf 89' lang='lat' dir='ltr'>Simeonis,</span> <span class='ocrx_word' id='word_1_346' title='bbox 601 3587 634 3644; x_wconf 94' lang='lat' dir='ltr'>et</span> <span class='ocrx_word' id='word_1_347' title='bbox 657 3573 861 3645; x_wconf 88' lang='lat' dir='ltr'>venerandis</span> <span class='ocrx_word' id='word_1_348' title='bbox 879 3587 1020 3644; x_wconf 88' lang='lat' dir='ltr'>utantur</span> <span class='ocrx_word' id='word_1_349' title='bbox 1037 3575 1204 3663; x_wconf 89' lang='lat' dir='ltr'>reliqniis,</span> <span class='ocrx_word' id='word_1_350' title='bbox 1224 3585 1257 3644; x_wconf 88' lang='lat' dir='ltr'>et</span> <span class='ocrx_word' id='word_1_351' title='bbox 1276 3593 1317 3644; x_wconf 89' lang='lat' dir='ltr'>ea</span> 
     </span>
     <span class='ocr_line' id='line_1_39' title="bbox 42 3663 1316 3753; baseline 0.003 -27"><span class='ocrx_word' id='word_1_352' title='bbox 42 3714 45 3723; x_wconf 85' lang='lat'>.</span> <span class='ocrx_word' id='word_1_353' title='bbox 81 3679 213 3748; x_wconf 89' lang='lat' dir='ltr'>mquam</span> <span class='ocrx_word' id='word_1_354' title='bbox 231 3663 373 3750; x_wconf 91' lang='lat' dir='ltr'>aliquod</span> <span class='ocrx_word' id='word_1_355' title='bbox 388 3663 522 3736; x_wconf 81' lang='lat' dir='ltr'>solvens</span> <span class='ocrx_word' id='word_1_356' title='bbox 539 3663 843 3745; x_wconf 90' lang='lat' dir='ltr'>medicamentum,</span> <span class='ocrx_word' id='word_1_357' title='bbox 864 3665 984 3735; x_wconf 91' lang='lat' dir='ltr'>morbo</span> <span class='ocrx_word' id='word_1_358' title='bbox 997 3664 1120 3736; x_wconf 88' lang='lat' dir='ltr'>vinctis</span> <span class='ocrx_word' id='word_1_359' title='bbox 1134 3665 1316 3753; x_wconf 93' lang='lat' dir='ltr'>imponant</span> 
     </span>
     <span class='ocr_line' id='line_1_40' title="bbox 39 3749 1314 3844; baseline 0.003 -26"><span class='ocrx_word' id='word_1_360' title='bbox 39 3831 41 3837; x_wconf 39' lang='lat'>.</span> <span class='ocrx_word' id='word_1_361' title='bbox 109 3749 197 3822; x_wconf 85' lang='lat' dir='ltr'>ibus.</span> <span class='ocrx_word' id='word_1_362' title='bbox 217 3753 316 3835; x_wconf 89' lang='lat' dir='ltr'>Dixit,</span> <span class='ocrx_word' id='word_1_363' title='bbox 344 3765 378 3822; x_wconf 91' lang='lat' dir='ltr'>et</span> <span class='ocrx_word' id='word_1_364' title='bbox 397 3751 486 3822; x_wconf 91' lang='lat' dir='ltr'>lacta</span> <span class='ocrx_word' id='word_1_365' title='bbox 509 3765 608 3822; x_wconf 88' lang='lat' dir='ltr'>sunt:</span> <span class='ocrx_word' id='word_1_366' title='bbox 636 3765 668 3822; x_wconf 90' lang='lat' dir='ltr'>et</span> <span class='ocrx_word' id='word_1_367' title='bbox 692 3753 840 3844; x_wconf 89' lang='lat' dir='ltr'>septimo</span> <span class='ocrx_word' id='word_1_368' title='bbox 862 3752 919 3822; x_wconf 90' lang='lat' dir='ltr'>die</span> <span class='ocrx_word' id='word_1_369' title='bbox 943 3774 1023 3822; x_wconf 88' lang='lat' dir='ltr'>curn</span> <span class='ocrx_word' id='word_1_370' title='bbox 1049 3753 1091 3822; x_wconf 89' lang='lat' dir='ltr'>dc</span> <span class='ocrx_word' id='word_1_371' title='bbox 1116 3773 1211 3822; x_wconf 90' lang='lat' dir='ltr'>more</span> <span class='ocrx_word' id='word_1_372' title='bbox 1236 3773 1314 3842; x_wconf 91' lang='lat' dir='ltr'>pre-</span> 
     </span>
     <span class='ocr_line' id='line_1_41' title="bbox 87 3837 1317 3932; baseline 0.001 -23.962"><span class='ocrx_word' id='word_1_373' title='bbox 87 3837 125 3908; x_wconf 92' lang='lat' dir='ltr'>tio</span> <span class='ocrx_word' id='word_1_374' title='bbox 142 3841 273 3914; x_wconf 89' lang='lat' dir='ltr'>liereta</span> <span class='ocrx_word' id='word_1_375' title='bbox 293 3842 397 3914; x_wconf 89' lang='lat' dir='ltr'>beato</span> <span class='ocrx_word' id='word_1_376' title='bbox 412 3842 449 3932; x_wconf 83' lang='lat' dir='ltr'>(o</span> <span class='ocrx_word' id='word_1_377' title='bbox 464 3840 725 3912; x_wconf 90' lang='lat' dir='ltr'>admirabilium</span> <span class='ocrx_word' id='word_1_378' title='bbox 750 3863 770 3912; x_wconf 93' lang='lat' dir='ltr'>o</span> <span class='ocrx_word' id='word_1_379' title='bbox 797 3863 895 3912; x_wconf 88' lang='lat' dir='ltr'>erum</span> <span class='ocrx_word' id='word_1_380' title='bbox 916 3839 1029 3932; x_wconf 89' lang='lat' dir='ltr'>opilex</span> <span class='ocrx_word' id='word_1_381' title='bbox 1046 3842 1190 3912; x_wconf 89' lang='lat' dir='ltr'>Domina</span> <span class='ocrx_word' id='word_1_382' title='bbox 1204 3841 1240 3930; x_wconf 87' lang='lat' dir='ltr'>l),</span> <span class='ocrx_word' id='word_1_383' title='bbox 1268 3841 1317 3909; x_wconf 87' lang='lat' dir='ltr'>vi-</span> 
     </span>
     <span class='ocr_line' id='line_1_42' title="bbox 67 3866 1316 4025; baseline 0 -26"><span class='ocrx_word' id='word_1_384' title='bbox 67 3989 69 3991; x_wconf 95' lang='lat'>.</span> <span class='ocrx_word' id='word_1_385' title='bbox 91 3935 244 4004; x_wconf 90' lang='lat' dir='ltr'>utstatim</span> <span class='ocrx_word' id='word_1_386' title='bbox 263 3953 419 4025; x_wconf 87' lang='lat' dir='ltr'>puerum</span> <span class='ocrx_word' id='word_1_387' title='bbox 436 3930 626 4013; x_wconf 87' lang='lat' dir='ltr'>salientem,</span> <span class='ocrx_word' id='word_1_388' title='bbox 649 3943 682 4002; x_wconf 89' lang='lat' dir='ltr'>et</span> <span class='ocrx_word' id='word_1_389' title='bbox 701 3866 831 4022; x_wconf 67' lang='lat' dir='ltr'>gualos</span> <span class='ocrx_word' id='word_1_390' title='bbox 847 3929 1103 4012; x_wconf 87' lang='lat' dir='ltr'>ascendentem,</span> <span class='ocrx_word' id='word_1_391' title='bbox 1130 3942 1163 4001; x_wconf 93' lang='lat' dir='ltr'>et</span> <span class='ocrx_word' id='word_1_392' title='bbox 1182 3929 1316 4000; x_wconf 92' lang='lat' dir='ltr'>colum·</span> 
     </span>
    </p>

    <p class='ocr_par' dir='ltr' id='par_1_4' title="bbox 9 4023 1319 4398">
     <span class='ocr_line' id='line_1_43' title="bbox 94 4023 1121 4116; baseline 0.007 -30"><span class='ocrx_word' id='word_1_393' title='bbox 94 4037 119 4086; x_wconf 92' lang='lat' dir='ltr'>n</span> <span class='ocrx_word' id='word_1_394' title='bbox 139 4023 408 4116; x_wconf 83' lang='lat' dir='ltr'>amplectentem</span> <span class='ocrx_word' id='word_1_395' title='bbox 414 4071 483 4089; x_wconf 89' lang='lat'>.....</span> <span class='ocrx_word' id='word_1_396' title='bbox 1115 4095 1121 4108; x_wconf 68' lang='grc'>,</span> 
     </span>
     <span class='ocr_line' id='line_1_44' title="bbox 91 4107 1319 4198; baseline -0.008 -10"><span class='ocrx_word' id='word_1_397' title='bbox 91 4107 195 4198; x_wconf 69' lang='lat' dir='ltr'>lot).</span> <span class='ocrx_word' id='word_1_398' title='bbox 226 4109 542 4187; x_wconf 77' lang='lat' dir='ltr'>Verumenimvero</span> <span class='ocrx_word' id='word_1_399' title='bbox 562 4107 733 4180; x_wconf 89' lang='lat' dir='ltr'>sufficient</span> <span class='ocrx_word' id='word_1_400' title='bbox 749 4108 833 4180; x_wconf 89' lang='lat' dir='ltr'>haec</span> <span class='ocrx_word' id='word_1_401' title='bbox 853 4108 896 4178; x_wconf 90' lang='lat' dir='ltr'>ad</span> <span class='ocrx_word' id='word_1_402' title='bbox 917 4107 1168 4178; x_wconf 88' lang='lat' dir='ltr'>ostendendum</span> <span class='ocrx_word' id='word_1_403' title='bbox 1190 4120 1319 4194; x_wconf 89' lang='lat' dir='ltr'>quanta</span> 
     </span>
     <span class='ocr_line' id='line_1_45' title="bbox 82 4197 1317 4290; baseline -0.005 -16"><span class='ocrx_word' id='word_1_404' title='bbox 82 4207 231 4284; x_wconf 88' lang='lat' dir='ltr'>eliducia</span> <span class='ocrx_word' id='word_1_405' title='bbox 259 4213 360 4277; x_wconf 88' lang='lat' dir='ltr'>esset</span> <span class='ocrx_word' id='word_1_406' title='bbox 388 4197 484 4268; x_wconf 86' lang='lat' dir='ltr'>dives</span> <span class='ocrx_word' id='word_1_407' title='bbox 507 4197 600 4288; x_wconf 92' lang='lat' dir='ltr'>apud</span> <span class='ocrx_word' id='word_1_408' title='bbox 618 4203 736 4281; x_wconf 90' lang='lat' dir='ltr'>Deum,</span> <span class='ocrx_word' id='word_1_409' title='bbox 755 4212 787 4269; x_wconf 90' lang='lat' dir='ltr'>et</span> <span class='ocrx_word' id='word_1_410' title='bbox 803 4210 932 4288; x_wconf 87' lang='lat' dir='ltr'>quanta</span> <span class='ocrx_word' id='word_1_411' title='bbox 949 4198 981 4268; x_wconf 90' lang='lat' dir='ltr'>ei</span> <span class='ocrx_word' id='word_1_412' title='bbox 999 4217 1078 4269; x_wconf 93' lang='lat' dir='ltr'>cum</span> <span class='ocrx_word' id='word_1_413' title='bbox 1092 4197 1155 4290; x_wconf 35' lang='lat' dir='ltr'>,illo</span> <span class='ocrx_word' id='word_1_414' title='bbox 1172 4197 1317 4268; x_wconf 89' lang='lat' dir='ltr'>interce·</span> 
     </span>
     <span class='ocr_line' id='line_1_46' title="bbox 9 4286 1314 4398; baseline -0.007 -30"><span class='ocrx_word' id='word_1_415' title='bbox 9 4366 15 4377; x_wconf 81' lang='grc'><strong>,</strong></span> <span class='ocrx_word' id='word_1_416' title='bbox 47 4289 352 4398; x_wconf 77' lang='lat' dir='ltr'>leretaonjunctio.</span> <span class='ocrx_word' id='word_1_417' title='bbox 386 4293 458 4358; x_wconf 89' lang='lat' dir='ltr'>Hoc</span> <span class='ocrx_word' id='word_1_418' title='bbox 474 4300 589 4358; x_wconf 88' lang='lat' dir='ltr'>autern</span> <span class='ocrx_word' id='word_1_419' title='bbox 607 4287 719 4358; x_wconf 90' lang='lat' dir='ltr'>solnm</span> <span class='ocrx_word' id='word_1_420' title='bbox 737 4287 866 4370; x_wconf 88' lang='lat' dir='ltr'>dicam,</span> <span class='ocrx_word' id='word_1_421' title='bbox 881 4298 914 4357; x_wconf 91' lang='lat' dir='ltr'>et</span> <span class='ocrx_word' id='word_1_422' title='bbox 937 4308 976 4356; x_wconf 89' lang='lat' dir='ltr'>ea</span> <span class='ocrx_word' id='word_1_423' title='bbox 1000 4307 1089 4374; x_wconf 90' lang='lat' dir='ltr'>quae</span> <span class='ocrx_word' id='word_1_424' title='bbox 1112 4286 1314 4367; x_wconf 85' lang='lat' dir='ltr'>dictasunt,</span> 
     </span>
    </p>
   </div>
   <div class='ocr_carea' id='block_1_3' title="bbox 1 4412 933 4478">
    <p class='ocr_par' dir='ltr' id='par_1_5' title="bbox 1 4412 933 4478">
     <span class='ocr_line' id='line_1_47' title="bbox 1 4412 933 4478; baseline -0.006 -18"><span class='ocrx_word' id='word_1_425' title='bbox 1 4423 2 4427; x_wconf 75' lang='grc'>’</span> <span class='ocrx_word' id='word_1_426' title='bbox 64 4431 133 4478; x_wconf 66' lang='lat' dir='ltr'>rm,</span> <span class='ocrx_word' id='word_1_427' title='bbox 144 4437 188 4478; x_wconf 67' lang='lat'>477¹</span> <span class='ocrx_word' id='word_1_428' title='bbox 199 4426 350 4475; x_wconf 52' lang='lat' dir='ltr'>ggsiuaeus</span> <span class='ocrx_word' id='word_1_429' title='bbox 363 4417 448 4458; x_wconf 72' lang='lat' dir='ltr'>autern</span> <span class='ocrx_word' id='word_1_430' title='bbox 461 4412 485 4454; x_wconf 88' lang='lat' dir='ltr'>in</span> <span class='ocrx_word' id='word_1_431' title='bbox 495 4415 640 4465; x_wconf 76' lang='lat' dir='ltr'>cappadocia</span> <span class='ocrx_word' id='word_1_432' title='bbox 648 4415 775 4468; x_wconf 74' lang='lat' dir='ltr'>relegatus,</span> <span class='ocrx_word' id='word_1_433' title='bbox 784 4417 845 4458; x_wconf 84' lang='lat' dir='ltr'>tame</span> <span class='ocrx_word' id='word_1_434' title='bbox 855 4412 933 4465; x_wconf 85' lang='lat' dir='ltr'>perlit.</span> 
     </span>
    </p>
   </div>
   <div class='ocr_carea' id='block_1_4' title="bbox 0 0 1491 4824">
    <p class='ocr_par' dir='ltr' id='par_1_6' title="bbox 0 0 1491 4824">
     <span class='ocr_line' id='line_1_48' title="bbox 0 0 1491 4824; baseline 0 0"><span class='ocrx_word' id='word_1_435' title='bbox 0 0 1491 4824; x_wconf 95' lang='lat' dir='ltr'> </span> 
     </span>
    </p>
   </div>
  </div>
 </body>
</html>
