2994 4832
245 307 308 372 l30
598 325 636 370 or
661 325 689 371 s.
715 325 795 372 suaa
818 325 890 372 nan.
917 325 955 372 rr
978 323 1070 374 conr.
1327 307 1401 373 otc.
1423 307 1439 370 5
1485 315 1486 388 ,

196 423 228 479 et
245 407 484 478 interficerent.
511 411 583 478 Nan
607 408 699 476 enim
716 429 755 477 ex
779 409 896 478 animo
920 409 1072 490 illorum,
1099 407 1158 478 sed
1183 431 1223 478 er
1239 409 1353 497 seipsis
1376 409 1440 478 uni·

196 519 331 568 versum
346 495 564 586 judicabant,
591 496 751 566 similiter
777 518 851 566 esse
876 498 1030 568 moribus
1057 498 1214 568 barbaris
1237 510 1362 570 sanctos
1383 499 1440 566 eri·
1485 507 1486 560 t

194 589 385 658 stimantes.
412 583 467 653 llli
485 605 563 654 vero
579 605 659 654 cum
686 586 878 674 periculum
906 587 1062 677 protinus
1085 587 1337 676 praevidissent,
1361 586 1442 656 nulla
1485 563 1486 632 i

195 675 332 756 realia,
359 695 463 760 quam
489 695 541 755 ea,
566 673 685 760 inqua
711 673 782 744 sala
808 688 962 764 poterant
990 675 1173 764 confidere,
1202 697 1321 765 nempe
1342 697 1441 765 preca·

192 767 294 845 tione,
330 761 497 832 adversus
524 783 582 831 eos
616 763 857 832 armabuntur:
884 777 1020 833 etcum
1048 763 1153 834 simul
1181 765 1393 836 inclinassent
1416 775 1442 832 et

126 925 127 928 ,
162 863 164 868 ’
192 875 305 946 genua
329 865 361 921 et
378 851 533 932 animos,
559 855 665 921 Deum
695 853 862 942 rogabant
885 853 1149 934 ardentissime,
1177 866 1214 923 ut
1238 855 1442 923 liberarentur

192 944 236 1014 ab
252 941 391 1011 illorum
418 939 575 1008 insidiis:
607 943 654 1008 lli
677 941 713 1010 in
736 943 900 1023 currina,
928 944 1084 1023 Domine,
1116 943 1279 1018 dicentes.
1307 953 1337 1012 et
1364 942 1397 1010 ln'
1416 943 1444 1009 in
1485 915 1486 994 i

193 1034 300 1125 equis:
317 1039 501 1099 nasaniam
525 1031 707 1099 innomine
731 1040 787 1100 tuo
805 1032 1100 1121 mopnificubimur
1116 1031 1186 1120 (Pr.
1214 1032 1281 1122 lo).
1303 1032 1443 1114 Quoniam
1485 995 1486 1058 i

192 1146 256 1192 non
279 1119 528 1208 infortitudine
547 1139 718 1209 equorum,
734 1142 793 1189 nec
818 1123 854 1189 in
870 1121 960 1189 tibit's
979 1121 1128 1189 virorum
1147 1119 1336 1190 delectaris:
1355 1119 1405 1189 sed
1419 1120 1446 1185 in

193 1210 387 1282 contritione
411 1207 519 1275 cardis
543 1217 574 1275 et
598 1207 791 1278 hnmilitate
805 1231 923 1278 namen
946 1219 1042 1278 tuum
1061 1209 1367 1298 invacanrtacsffs.
1384 1205 1441 1362 lt?

194 1300 247 1370 Sic
272 1299 375 1366 finem
392 1307 599 1385 acceperunt
614 1317 731 1366 eorum
753 1319 880 1386 preces,
906 1309 939 1365 et
962 1308 1052 1366 tarra
1071 1295 1267 1380 dehiscens,
1293 1317 1444 1386 quamoa

193 1388 273 1466 olim
291 1385 435 1464 bathan,
464 1384 510 1452 ita
532 1383 635 1452 etiam
661 1397 860 1454 tentatorem
887 1384 1000 1466 illum,
1026 1385 1086 1472 qui
1101 1385 1144 1454 ad
1169 1403 1227 1456 eos
1253 1384 1445 1456 missuslue·

195 1489 256 1557 rat,
285 1476 318 1544 in
344 1472 491 1543 aliorum
521 1485 709 1562 conspectu
743 1474 928 1544 devoravit.
955 1479 1038 1544 Cum
1074 1487 1188 1544 autem
1219 1474 1306 1546 illud
1338 1493 1446 1543 novum

193 1565 358 1635 vidissent
374 1558 596 1642 miraculum,
612 1563 725 1630 statim
748 1585 873 1653 magno
891 1563 1012 1633 timore
1035 1563 1246 1646 alliciuntur,
1264 1578 1297 1634 et
1312 1585 1346 1634 se
1358 1561 1447 1648 conji-

192 1656 320 1725 cientes
346 1652 379 1720 in
406 1649 521 1740 pedes,
540 1649 594 1719 lon
622 1673 640 1720 e
664 1651 839 1722 recedunt.
866 1652 914 1721 llb
938 1652 998 1722 illo
1026 1673 1104 1721 vero
1130 1664 1283 1742 tempore
1310 1652 1446 1721 divinaa

193 1743 328 1832 superis
352 1739 393 1809 ad
417 1739 539 1808 sabam
565 1760 583 1807 a
613 1741 751 1808 veniens
775 1741 896 1898 gratia,
923 1740 969 1810 ita
993 1763 1071 1810 eum
1090 1741 1214 1823 affecit,
1242 1755 1282 1812 ut
1305 1742 1446 1828 deinceps

193 1831 292 1903 nihili
307 1830 431 1900 laceret
454 1825 679 1896 barbarorum
706 1829 772 1898 insi
802 1831 873 1901 ias:
899 1841 1013 1899 etnon
1037 1829 1150 1900 salum
1175 1832 1219 1901 ab
1243 1832 1294 1902 eis
1311 1827 1447 1900 nonvin-

192 1933 335 2001 oeretnr,
359 1917 417 1988 sed
445 1937 486 1986 nc
504 1929 687 1986 terreretur
706 1918 845 2006 quidem
872 1917 1022 2009 penitus.
1453 2001 1455 2006 ,

234 2013 253 2098 ᾖ
277 2011 348 2082 lb.
369 2005 432 2076 Sed
458 2018 539 2076 tunc
563 2005 703 2092 quidem
731 2009 881 2097 primum
914 2007 1035 2077 beatus
1055 2005 1111 2076 hic
1140 2008 1247 2078 Sabas
1271 2007 1380 2079 evadit
1400 2023 1446 2072 na·

193 2111 246 2170 tus
262 2097 360 2168 beato
376 2093 577 2174 Theodosio,
597 2115 676 2164 cum
694 2097 744 2164 eis
760 2096 802 2165 ad
820 2097 910 2165 hanc
933 2095 1163 2186 cognitionem
1190 2097 1325 2167 Anthus
1351 2093 1448 2188 pulcre
1485 2079 1486 2128 t

191 2187 451 2257 intercessisset.
478 2182 606 2252 Deinde
637 2196 750 2253 antem
776 2185 876 2254 etiam
907 2184 1129 2254 solitudinem
1168 2183 1250 2256 lacit
1275 2187 1379 2256 Sabas
1399 2183 1447 2251 hn-

190 2275 380 2355 bitabilem‚
399 2287 430 2342 et
452 2277 597 2342 Lautam
616 2272 650 2340 in
672 2293 710 2341 ea
724 2273 904 2344 construit:
926 2295 1029 2362 quam
1056 2273 1213 2344 omniurn
1235 2274 1444 2344 clarissimum
1485 2279 1486 2318 t

189 2379 222 2437 et
242 2365 440 2442 maximam,
457 2373 489 2430 et
504 2361 612 2431 virtus
624 2373 656 2430 et
675 2361 859 2432 multituda
872 2384 1003 2443 eorum,
1026 2363 1087 2450 qui
1104 2363 1137 2430 in
1154 2362 1227 2453 ipsa
1250 2362 1445 2434 habitabunt,

190 2455 284 2524 brevi
309 2465 461 2540 tempore
483 2450 680 2519 elleaerunt.
708 2451 1009 2521 verumenimvero
1032 2453 1324 2541 operaepretium
1348 2463 1449 2522 estre-

191 2557 314 2633 petere,
341 2539 515 2608 undenam
542 2551 573 2606 et
591 2539 883 2624 quemadmodum
908 2540 1093 2610 constituta
1111 2540 1292 2623 sitLaura,
1319 2554 1351 2611 et
1373 2537 1450 2627 quis·

190 2653 269 2701 narn
287 2630 402 2701 locum
419 2626 615 2706 ostenderit,
631 2640 663 2696 et
682 2628 975 2700 mandaveritillic
994 2628 1065 2718 jaci
1088 2628 1371 2701 fundamentum.
1387 2633 1449 2696 lara

188 2733 337 2808 quatuor
367 2738 475 2786 aorros
500 2729 711 2806 transegerat
738 2717 792 2785 hic
816 2717 1033 2788 admirabilis
1061 2718 1168 2788 Sabas
1192 2718 1228 2787 in
1261 2716 1450 2788 solitudine.

190 2813 272 2878 Cum
299 2806 417 2876 suisset
435 2817 548 2874 autem
575 2805 762 2891 aliquando
787 2807 820 2874 in
839 2806 971 2877 excelsa
987 2805 1157 2887 illocalia,
1181 2807 1214 2874 in
1232 2827 1305 2894 quo
1320 2805 1452 2876 celeber-

190 2896 269 2966 rimi
285 2893 464 2964 Theodosii
490 2892 665 2962 dootrinae
690 2893 840 2965 fructum
863 2897 1055 2985 percepisse
1081 2893 1208 2964 dicitur
1230 2895 1334 2966 beata
1357 2901 1453 2982 Impe-

190 2984 293 3054 ratrix
311 2982 472 3062 Eudooia,
499 2982 534 3050 in
553 2995 716 3051 consueta
738 2985 929 3072 precatione
945 2997 1160 3074 pernoctans,
1184 2984 1275 3054 videt
1298 2985 1451 3054 visionem

189 3073 363 3161 quandam
390 3070 628 3140 admirabilem
648 3071 830 3162 splendore
848 3087 1085 3143 coruscantem
1111 3085 1144 3142 et
1163 3085 1253 3142 veste
1278 3073 1405 3152 lucida,
1428 3066 1452 3136 ei

189 3161 422 3234 ostendentem
450 3172 656 3238 torrentem,
685 3160 743 3248 qui
769 3184 788 3230 a
813 3161 901 3232 Silae
926 3162 1046 3230 delluit
1069 3161 1112 3230 ad
1137 3173 1314 3232 austrum:
1342 3174 1376 3231 et
1402 3157 1451 3226 de-

189 3252 435 3333 nunciantem,
463 3262 501 3318 ut
529 3249 697 3318 habitaret
722 3251 880 3319 torrentis
912 3250 1138 3341 speluncam,
1173 3271 1262 3338 quae
1288 3249 1398 3344 vergit
1417 3243 1452 3316 ad

189 3344 382 3411 Orientem:
405 3352 437 3408 et
452 3339 482 3408 ei
509 3337 725 3428 pollicentem
745 3339 912 3408 auxilium
939 3351 1121 3420 exstincta,
1144 3351 1177 3408 et
1200 3340 1403 3410 alimentum
1418 3334 1453 3404 ab

188 3453 239 3512 eo,
266 3429 325 3520 qui
352 3428 402 3498 vel
423 3428 508 3516 ipsis
519 3429 689 3517 jumentis
711 3427 869 3517 producit
889 3427 1039 3498 saeuum.
1070 3433 1108 3496 Et
1126 3426 1190 3495 luit
1214 3429 1358 3528 quidem
1376 3423 1452 3494 visio

187 3518 372 3610 ejusmodi.
392 3522 469 3606 Ipse
485 3529 598 3585 autem
618 3538 743 3605 magna
767 3538 805 3586 er
822 3517 950 3586 visione
965 3517 1106 3586 affectus
1132 3515 1270 3598 laetitia,
1299 3539 1380 3587 cum
1396 3527 1453 3582 sta·

189 3611 247 3679 tim
273 3631 292 3677 e
316 3606 402 3677 colle
420 3604 665 3684 descendisset,
685 3605 833 3691 quadam
860 3606 977 3674 divina
1000 3615 1032 3675 et
1056 3605 1210 3694 sapiente
1231 3603 1450 3694 providentia,

188 3711 363 3784 tamquam
382 3693 557 3784 abaliquo
575 3693 724 3776 dextera,
751 3694 933 3764 deducitur
951 3693 1119 3782 usquead
1138 3692 1355 3783 speluncam.
1372 3698 1455 3776 Qua·

187 3786 382 3876 dragesimo
402 3785 516 3870 itaque
540 3804 632 3851 auno
657 3805 739 3852 suae
756 3784 874 3854 aetatis
894 3784 1005 3872 coepit
1030 3783 1183 3852 habitare
1208 3783 1296 3853 hanc
1322 3773 1454 3873 spel‘uu·
1485 3817 1486 3870 p

187 3895 284 3954 cam,
323 3872 462 3960 quando
486 3873 685 3942 Anastasius
712 3871 851 3959 quidem
885 3873 1169 3962 lrchiepiscopus
1201 3872 1455 3962 ierosolymita-

186 3985 266 4044 nus,
288 3983 365 4030 cum
387 3959 564 4050 implesset
587 3961 761 4030 decimum
787 3983 917 4031 annum
943 3962 996 4031 sui
1019 3961 1287 4051 patriarchatus,
1314 3982 1394 4030 eum
1418 3975 1452 4023 ea
1485 3983 1486 3986 ¹

185 4052 251 4120 vita
275 4071 412 4138 quoque
431 4051 585 4130 excessit,
606 4050 660 4119 sui
681 4049 900 4138 pontificatus
925 4071 1121 4120 successore
1140 4048 1257 4119 relicto
1282 4045 1450 4136 Martyria.
1485 4103 1486 4106 ,

184 4145 270 4210 Zeno
291 4160 369 4207 vero
385 4143 574 4230 Imperator
597 4143 843 4220 Romanarum,
864 4141 1066 4228 interempto
1084 4151 1229 4228 tyranno
1241 4137 1403 4206 Basilisco
1425 4133 1449 4210 ⁴,
1485 4179 1486 4210 ;

183 4251 262 4328 cum
281 4229 309 4297 is
334 4227 455 4318 viginti
472 4249 606 4298 menses
630 4226 834 4298 obtinuisset
852 4227 1081 4319 tyrannidem,
1102 4249 1224 4298 rursus
1248 4223 1453 4315 accepitim-
1485 4269 1486 4306 ᾗ

185 4339 331 4408 perium.
450 4329 457 4352 ¹
1485 4357 1486 4362 ,

215 4448 222 4465 t
238 4445 305 4482 Anno
320 4443 366 4482 475.
