2994 4832
69 281 165 347 llb5
202 299 210 318 ·
420 303 459 351 un
483 303 510 351 s.
537 305 614 352 sarx
638 306 710 352 xer.
736 307 775 352 ur
800 303 893 353 cour.
1188 289 1251 354 tat

66 407 148 454 neum
163 407 279 456 nomen
296 387 359 456 tibi
376 401 495 458 notum
513 390 673 471 reddidit,
693 393 723 459 is
739 411 878 480 quoque
896 411 949 459 me
964 390 1000 458 in
1018 411 1107 472 eam,
1123 411 1210 477 quae
1226 391 1295 462 hue

64 473 113 554 lert,
130 474 220 556 riam,
238 476 413 562 quomodo
438 478 510 568 ipse
533 480 607 561 seit,
627 478 781 550 deduxit.
806 501 824 545 s
850 483 933 548 Cum
959 477 995 547 bi
1019 500 1102 568 ergo
1119 501 1295 550 sermones

61 563 187 634 intereos
208 576 320 636 essent
345 566 466 648 habiti,
483 578 516 637 et
539 568 765 638 anachoretae
784 567 951 638 dixissent
967 588 1018 650 ea,
1040 589 1129 654 quae
1148 589 1296 638 consue-

60 665 160 733 rerunt,
176 654 300 743 egressi
316 666 411 724 sunt.
430 660 514 725 Cum
534 667 649 726 autem
675 679 711 727 se
731 657 814 728 satis
839 656 942 747 longo
963 669 1115 746 tempore
1130 658 1296 730 contulis-

58 741 159 810 sentad
179 741 391 812 lustrandam
417 744 650 828 solitudinem,
673 757 891 816 revertuntur
915 756 952 815 ut
971 747 1083 816 visent
1107 747 1295 817 anachore-

58 839 116 903 tam,
130 843 158 898 et
171 853 287 902 rursus
301 831 576 904 benedictionem
594 834 637 904 ab
651 834 712 904 illo
728 845 996 922 consequantur.
1010 835 1161 992 Ιηέτεεεί
1180 835 1295 923 itaque

54 919 245 1004 speluncam,
272 919 390 991 vident
413 943 491 992 eum
517 925 665 1013 genibus
693 924 790 993 ssexis
822 925 992 1013 jacentem
1026 945 1045 992 a
1106 924 1290 994 Orientem.

53 1008 258 1078 Existimantes
270 1031 351 1078 vero
365 1031 444 1080 eum
459 1033 578 1081 vacare
599 1012 717 1083 solitae
740 1013 899 1094 orationi,
918 1012 980 1082 diu
995 1024 1291 1102 exspectaverunt,

52 1097 114 1162 [um
129 1111 232 1167 autem
254 1099 329 1187 jam
355 1113 445 1170 esset
470 1114 606 1192 tempus
628 1101 876 1191 vespertinum,
896 1113 929 1170 et
953 1101 1027 1191 ipse
1055 1101 1170 1171 adbuc
1194 1101 1296 1172 humi

48 1185 168 1270 jaceret,
192 1187 273 1258 dicit
297 1187 438 1257 beatum
468 1189 592 1259 Sabam
617 1191 834 1260 accedentem
860 1190 1011 1260 dixisse:
1039 1211 1057 1256 a
1083 1191 1317 1260 Commendo·

51 1293 101 1340 nos
119 1274 247 1356 Christo,
270 1281 379 1346 Pater.
399 1299 418 1344 a
439 1283 522 1347 Cum
551 1299 630 1348 vero
655 1301 696 1348 ne
724 1279 939 1365 sicquidem
966 1278 1209 1367 respondisset,
1234 1279 1294 1350 sed

51 1358 165 1450 longum
188 1363 272 1434 illud
293 1365 472 1435 silentium
493 1367 527 1435 in
550 1366 653 1436 aliam
678 1367 877 1438 adduxisset
894 1369 1105 1457 opinionem,
1126 1368 1295 1438 accedeus

51 1449 135 1521 Sabas
154 1464 184 1522 et
205 1465 363 1544 tangens,
390 1455 520 1525 invenit
535 1477 614 1525 eum
627 1458 700 1546 jam
718 1457 910 1546 exspirasse
933 1468 965 1526 et
988 1457 1186 1527 excessisse.
1208 1461 1295 1526 Gon-

50 1559 146 1608 rersus
161 1543 266 1628 itaque
291 1541 337 1612 ad
362 1563 455 1625 eum,
473 1544 534 1632 qui
551 1547 769 1632 sequebatur,
796 1545 1034 1634 discipulum:
1061 1567 1079 1610 «
1105 1545 1292 1627 adesdum,

51 1625 151 1714 inquit,
170 1629 260 1714 ofili,
284 1632 399 1703 sancti
419 1653 669 1723 componamus
687 1634 862 1721 reliquias.
885 1633 933 1702 ad
958 1633 1023 1702 boc
1039 1634 1130 1702 enim
1149 1633 1294 1704 sortasse

50 1735 101 1784 nos
115 1721 190 1788 [teus
204 1720 413 1790 convocarit.
434 1743 453 1788 s
471 1727 561 1792 llaec
582 1722 688 1792 Sabas
703 1723 842 1810 quidem
860 1721 946 1792 dixit
962 1721 1146 1813 discipulo,
1165 1735 1294 1793 etcum

49 1804 122 1888 iusta
140 1805 287 1879 iecissent
312 1822 463 1892 mortuo,
490 1823 522 1880 et
545 1833 634 1900 quae
656 1811 698 1880 de
722 1818 817 1881 mor'e
840 1812 919 1880 cani
943 1811 1053 1881 solent
1072 1811 1291 1893 cecinissent,

52 1907 154 1963 etcum
176 1911 287 1968 sancte
313 1910 348 1968 et
369 1897 557 1970 honorilice
580 1901 868 1989 composuissent,
888 1900 1122 1990 deposuerunt
1149 1902 1183 1969 iu
1208 1923 1295 1988 qua-

55 1979 114 2080 dam
125 1999 205 2072 parte
217 1986 420 2078 speluncae,
435 1990 572 2090 magnis
588 1989 764 2079 lapidibus
776 1989 908 2058 aditum
922 1989 1149 2059 obstruentes.
1167 1989 1295 2058 Deinde

57 2067 131 2139 rllroc
147 2089 368 2158 recesserunt,
395 2087 428 2146 et
452 2077 563 2167 pridie
591 2078 800 2159 Palmarum,
825 2089 862 2147 ut
891 2077 1058 2160 solebant,
1078 2076 1119 2146 ad
1148 2082 1293 2146 Lauram

60 2165 257 2235 suntrerersi.

93 2248 108 2332 ξ
128 2253 189 2322 20.
207 2254 270 2323 Sed
299 2254 388 2322 baec
404 2252 545 2341 quidem
571 2265 664 2335 sunt,
686 2275 775 2342 quae
791 2276 811 2323 a
829 2255 926 2326 beato
951 2255 1039 2323 Saba
1055 2251 1142 2324 laeta
1166 2275 1241 2324 esse
1258 2254 1293 2322 in

62 2334 212 2430 solitudine,
227 2343 378 2414 tradidit
402 2341 459 2412 bic
483 2342 681 2433 praeclarus
705 2349 867 2414 loannes.
896 2343 1021 2412 Eodem
1047 2355 1162 2414 autem
1188 2363 1291 2419 anno,

59 2441 87 2490 rn
98 2443 150 2511 quo
161 2441 185 2500 rt
198 2444 301 2502 aucta
317 2443 368 2500 est
383 2436 504 2512 Laura,
517 2445 550 2500 et
563 2432 721 2501 divinum
740 2430 827 2502 illud
840 2432 1014 2522 templum
1035 2431 1100 2503 luit
1115 2453 1294 2502 consecra-

58 2522 121 2592 tum,
141 2531 165 2586 et
189 2521 297 2590 Sabae
329 2519 422 2590 lama
454 2519 616 2590 manabat
646 2521 679 2588 in
707 2542 845 2590 omnem
866 2534 1016 2610 partem:
1044 2522 1168 2590 accidit
1193 2533 1230 2589 ut
1254 2542 1294 2590 ex

51 2605 227 2690 parentibus,
254 2608 333 2697 qui,
364 2621 402 2677 ut
426 2608 523 2697 prius
551 2631 571 2678 a
596 2630 651 2678 me
674 2608 806 2678 dictum
832 2609 907 2690 luit,
934 2620 1032 2679 erant
1055 2609 1290 2690 Alexandriae,

49 2701 123 2776 pater
141 2697 276 2782 quidem
299 2697 404 2766 evita
428 2696 603 2786 praeclare
626 2699 802 2768 excederet
825 2698 860 2766 in
878 2699 1008 2788 insigni
1034 2721 1178 2769 numero
1196 2703 1293 2768 lsau-

47 2797 154 2850 rorum:
172 2797 281 2855 mater
307 2807 387 2856 vero
411 2785 538 2875 Sophia
557 2809 638 2855 cum
663 2798 741 2856 ante
755 2787 875 2857 oeulos
899 2787 1041 2856 vidisset
1058 2801 1200 2856 mortem
1220 2807 1294 2868 ma-

45 2867 97 2948 riti,
111 2883 140 2940 et
155 2873 285 2962 alioqui
310 2895 386 2944 eam
409 2874 506 2945 valde
525 2875 671 2946 traheret
688 2875 779 2945 lama
798 2874 872 2956 lilii,
892 2876 1039 2946 venditis
1054 2874 1290 2956 facultatibus,

43 2960 181 3032 continuo
214 2963 350 3034 venerit
380 2963 422 3032 ad
457 2963 592 3044 lilium,
622 2985 781 3064 magnam
806 2965 875 3034 vim
907 2966 985 3034 auri
1017 2965 1173 3034 ailerans.
1202 2970 1295 3048 Quae

42 3045 157 3143 quidem
172 3073 252 3122 cam
274 3073 357 3122 eum
379 3051 537 3123 lubenter
556 3052 779 3141 adspexisset,
799 3065 831 3122 et
846 3051 1086 3126 lubentissime
1103 3053 1194 3143 apud
1213 3075 1293 3122 eum

42 3131 184 3208 diversata
208 3152 312 3222 esset,
338 3140 370 3210 ei
389 3141 572 3230 persuadet
592 3141 697 3223 filius,
716 3154 755 3211 ut
778 3143 941 3212 omnibus
957 3163 1045 3230 quae
1070 3155 1151 3211 sunt
1170 3141 1293 3211 muudi

40 3228 215 3310 enunciet,
243 3243 278 3300 et
314 3227 418 3300 veluti
456 3251 617 3320 magnam
649 3243 681 3300 et
712 3230 783 3300 filio
812 3229 978 3320 dignam,
1013 3230 1105 3320 quod
1131 3228 1230 3299 illum
1257 3229 1293 3296 in

40 3315 189 3386 muudum
215 3317 429 3408 produxerit,
461 3319 504 3389 ab
529 3339 568 3390 eo
593 3319 740 3477 accipiat
765 3319 976 3400 mercedem,
1007 3339 1131 3408 nempe
1155 3317 1198 3386 ab
1218 3317 1294 3417 'boc

40 3403 151 3474 mundo
164 3407 432 3496 separationem.
450 3408 576 3478 Deinde
601 3429 705 3498 pauo
730 3419 806 3498 post
825 3421 935 3478 meter
953 3427 1090 3495 quoque
1106 3405 1241 3476 decedit
1257 3425 1292 3473 m

40 3487 89 3557 lilii
110 3495 327 3566 suavissimis
352 3496 527 3578 manibus,
550 3497 616 3565 'am
647 3509 804 3587 provecta
835 3509 965 3576 aetate,
992 3508 1024 3564 et
1048 3496 1135 3564 vitae
1159 3516 1198 3564 ex
1229 3497 1294 3562 Deo

39 3581 171 3666 agendae
202 3585 455 3654 institutionem
481 3517 635 3655 stultose
663 3597 696 3656 et
719 3586 844 3656 acriter
869 3605 1090 3676 persequens.
1121 3583 1185 3654 Sed
1218 3603 1293 3651 eam

39 3669 158 3749 quidem
182 3671 307 3763 sepelit
330 3687 472 3744 sanctus
496 3675 626 3754 Sabas,
656 3685 688 3745 et
720 3675 754 3742 in
786 3673 964 3744 communi
1001 3673 1157 3744 omnium
1185 3683 1294 3740 matre

40 3757 136 3827 condit
159 3760 412 3833 venerabiliter:
430 3762 526 3835 illius
549 3774 664 3832 autem
682 3763 847 3854 pecunias
863 3783 984 3832 omnes
1013 3767 1079 3831 Deo
1103 3771 1291 3840 consecrat,

40 3861 83 3912 eas
103 3862 296 3938 opportune
318 3863 351 3920 et
373 3863 411 3921 ut
431 3873 494 3942 par
515 3863 588 3922 erat
609 3852 819 3942 expendens.
846 3856 978 3921 Laurae
1002 3851 1094 3920 enim
1121 3850 1237 3920 hortos
1260 3859 1295 3919 et

41 3927 218 4006 habitacula
238 3959 279 4007 ao
293 3937 479 4010 diversoria
505 3961 566 4042 per
588 3961 646 4010 eas
670 3953 858 4032 comparat.
879 3945 1031 4023 Quorum
1049 3939 1195 4008 alterum
1214 3938 1293 4023 qui-

41 4015 101 4090 dem
123 4028 316 4096 construxit
334 4029 425 4130 apud
448 4029 595 4111 lerrcho,
618 4028 763 4118 alterum
789 4049 868 4098 vero
891 4028 984 4118 apud
1012 4029 1122 4118 ipsam
1145 4031 1292 4096 lauram

42 4109 215 4183 aedificavit
237 4136 278 4184 ex
303 4115 387 4204 ipsrs
409 4115 669 4206 fundamentis:
699 4128 737 4186 ut
768 4116 853 4186 illud
876 4117 1015 4203 quidem
1045 4117 1201 4194 viatores,
1229 4115 1294 4184 boo

43 4209 135 4268 autern
160 4203 353 4274 monachos
375 4205 526 4276 reliceret
552 4220 584 4275 et
609 4217 775 4294 recrearet
779 4259 846 4276 .....
1077 4291 1083 4304 1

74 4287 180 4370 ξπ.
208 4295 297 4360 Cum
317 4293 389 4380 jam
413 4307 526 4363 autem
558 4294 787 4384 praeteriisset
818 4307 953 4382 tempus
974 4292 1212 4382 Jejumorum,
1240 4309 1295 4358 re·

45 4375 164 4448 vertitur
199 4379 344 4468 quidem
386 4391 525 4454 sanctus
555 4381 661 4452 Sabas
694 4383 729 4450 in
763 4385 926 4464 Lautam,
961 4393 1000 4448 ut
1029 4378 1172 4451 solebat.
1209 4381 1295 4447 dum
