2954 4816
238 300 300 364 lli
597 317 636 363 or
660 317 687 363 s.
715 315 888 364 nntsrnsnt
913 317 1056 364 urruns
1304 299 1378 366 ott.
1398 301 1437 364 25

194 415 307 472 autem
338 401 462 473 Christi
488 413 615 491 martyr
642 402 818 472 Anastasia
842 401 1100 472 custodiebatur
1125 403 1219 492 apud
1251 399 1434 474 Praefectum
1476 396 1477 455 ὲ

193 490 334 580 lllyrici,
356 491 416 578 qui
439 511 519 560 cum
544 489 588 559 de
610 511 650 559 ea
673 491 1069 581 diligenterquacsisset,
1090 503 1123 561 et
1141 513 1217 561 eam
1242 491 1358 562 illustri
1374 493 1437 561 loco

191 601 265 650 esse
290 591 403 649 natam
426 577 668 659 intellexisset,
697 600 909 670 magnasque
935 601 1009 650 esse
1033 581 1108 671 ejus
1131 579 1334 662 facultates,
1356 594 1437 651 etex

194 669 235 738 iis
258 689 332 738 esse
355 680 477 749 ortam,
503 688 651 755 quorum
678 689 824 758 magnae
842 681 939 738 erant
955 690 1049 758 opes,
1068 691 1087 737 a
1104 669 1202 738 lucro
1219 681 1400 771 superatus,
1413 684 1441 736 et

190 769 311 846 captus
330 777 447 826 amore
465 757 641 846 pecuniae,
660 777 740 825 cum
758 777 832 826 eam
860 778 1012 826 seorsum
1032 756 1074 826 ad
1092 780 1127 826 se
1143 757 1274 828 adduct
1290 772 1426 829 curasset

192 869 210 912 c
230 846 316 926 Scio,
336 867 356 915 o
372 845 507 926 mulier,
528 845 651 935 inquit,
667 856 698 914 te
715 866 790 916 esse
808 844 904 914 valde
920 845 1060 917 divitem
1074 871 1081 912 ε
1095 846 1327 918 Christianam
1343 860 1433 917 auten

190 955 265 1003 esse
287 946 321 1003 et
346 947 381 1003 tu
405 933 504 1014 dicis,
530 948 563 1004 ct
585 955 648 1024 ego
664 933 735 1020 jam
755 955 833 1004 sum
853 947 1023 1023 expertus.
1043 940 1066 1004 Α
1091 955 1122 1016 e,
1143 956 1240 1026 ergo,
1260 957 1379 1027 parcns
1394 949 1432 1004 tto

191 1043 328 1112 sponso,
350 1023 411 1108 qui
431 1021 505 1112 lege
527 1033 645 1104 cavet,
672 1036 710 1093 ut
733 1044 853 1092 omnes
876 1022 1047 1112 despicias
1069 957 1235 1107 {initias
1269 1024 1347 1094 cede
1371 1021 1431 1091 mli

214 1111 347 1181 ecuniis
363 1125 395 1179 et
411 1111 696 1200 possessionibus,
714 1123 746 1180 et
760 1111 923 1182 omuibus
940 1113 1008 1182 tuis
1025 1111 1261 1183 facultatibus.
1280 1119 1329 1183 Tu
1344 1131 1430 1183 auen

191 1133 275 1268 flacc
299 1199 440 1280 iaciens,
462 1199 624 1288 utrinque
641 1199 850 1270 lucraberis:
877 1213 914 1269 ut
933 1221 1021 1288 quac
1038 1200 1146 1291 legem
1165 1201 1308 1290 quidem
1333 1203 1380 1272 sis
1390 1221 1432 1268 tm·

191 1287 336 1447 ssletura,
362 1299 395 1358 ct
418 1287 524 1358 libera
550 1288 705 1359 luturao
733 1288 839 1358 nostri
858 1301 960 1359 metu.
991 1289 1155 1378 Deinceps
1176 1293 1273 1360 enim
1299 1290 1361 1359 tibi
1377 1290 1432 1357 lce·
1476 1362 1477 1367 ἵ

215 1376 239 1446 it
255 1389 287 1446 et
303 1398 422 1446 secure
441 1377 646 1459 sacrificare,
663 1389 695 1446 ct
715 1376 819 1447 libere
834 1378 944 1448 colere
956 1383 1076 1460 Deum,
1094 1380 1154 1466 qui
1175 1402 1196 1449 a
1216 1393 1248 1450 te
1262 1379 1432 1449 adoratu.-

234 1467 252 1552 ξ
275 1469 353 1538 81.
380 1465 529 1536 adhaec
555 1466 658 1537 veluti
692 1487 780 1552 quae
807 1466 963 1536 animum
991 1467 1175 1549 erexisset,
1210 1490 1380 1558 supernae
1397 1487 1433 1534 sa·

192 1554 338 1644 pientiae
355 1554 454 1644 plena
478 1555 672 1625 Anastasia:
700 1556 813 1636 «Sed,
839 1577 860 1624 o
882 1555 1005 1637 ludex,
1025 1555 1149 1643 inquit,
1177 1556 1311 1627 alicubi
1330 1556 1431 1626 dictum

79 1685 82 1692 ·
189 1655 240 1712 est
270 1643 302 1710 in
337 1642 528 1734 Evangeliis
552 1665 570 1712 a
596 1663 671 1714 meo
696 1642 852 1726 Christo,
884 1645 989 1714 Vende
1019 1647 1133 1713 omnio
1158 1668 1250 1736 quoe
1275 1647 1389 1722 leodos,
1411 1651 1431 1706 tl

190 1732 235 1801 da
256 1733 481 1831 pauperibus.-
507 1743 538 1802 ct
562 1733 695 1802 habebis
717 1734 764 1802 sic
789 1733 985 1802 thesaurum
1016 1735 1051 1802 in
1074 1735 1174 1802 coelis
1200 1733 1341 1824 (nortl.
1364 1729 1431 1813 rul:

190 1820 263 1888 Tibi
288 1833 415 1899 autem,
438 1821 497 1908 qui
521 1842 557 1890 es
580 1821 687 1901 dives,
715 1821 794 1908 quis
823 1835 874 1890 est
901 1820 986 1890 adeo
1012 1821 1116 1891 miser
1135 1836 1168 1891 et
1191 1822 1282 1892 adeo
1306 1822 1431 1892 demens.

189 1908 344 1995 quicum
363 1908 441 1978 velit
458 1931 658 1980 succurrere
678 1909 925 2000 indigentibus,
947 1909 1044 1978 diviti
1066 1910 1229 2010 praebeat
1255 1933 1312 1982 res
1334 1926 1433 2002 paupe·

190 2018 280 2074 rum,
299 2009 331 2066 et
347 2019 400 2067 res
424 1997 650 2068 esurientium
676 1999 705 2066 ei
722 1999 782 2086 qui
798 1997 892 2088 degit
911 1999 945 2067 in
960 1997 1118 2069 deliciis?
1134 1999 1234 2082 Quod
1251 2001 1284 2072 si
1301 2013 1330 2070 tc
1346 1993 1431 2066 iidem

189 2085 409 2169 esurientem,
426 2098 458 2156 et
469 2087 651 2168 sitientem,
674 2097 706 2155 et
725 2085 870 2168 nudum,
895 2099 928 2156 et
952 2099 1197 2177 aegrotantem,
1215 2101 1251 2158 et
1267 2088 1431 2178 conjectum

103 2185 105 2192 “
192 2175 224 2242 in
244 2195 427 2256 carcerem,
449 2175 793 2245 tuncconvenienter
815 2175 858 2257 ei,
884 2175 975 2262 quod
1001 2175 1085 2246 dicit
1109 2197 1207 2246 meus
1235 2178 1393 2254 Christus,
1414 2185 1431 2236 te

189 2272 221 2332 et
235 2263 397 2344 nutriam,
416 2275 448 2333 et
466 2264 599 2353 potabo,
618 2276 651 2333 et
667 2262 820 2344 visitabo,
839 2276 872 2334 et
887 2263 1062 2355 colligam,
1077 2276 1110 2334 et
1125 2266 1359 2356 suppeditabo
1369 2279 1431 2349 quat

189 2364 290 2422 erunt
323 2353 526 2422 necessaria.
557 2351 619 2422 Sed
645 2353 736 2422 enirn
766 2351 956 2424 secundum
981 2374 1121 2422 carnem
1157 2367 1190 2423 et
1226 2353 1390 2424 mundum
1409 2361 1431 2416 tu

190 2439 329 2528 quidem
345 2461 381 2509 es
402 2439 500 2510 valde
523 2440 637 2512 dives:
652 2462 689 2510 en
708 2462 797 2522 vero,
815 2462 962 2528 quorum
978 2463 1016 2512 es
1034 2463 1164 2532 pauper
1177 2453 1211 2512 et
1227 2442 1328 2512 valde
1345 2442 1430 2526 inops

190 2541 222 2598 et
245 2550 333 2616 quae
357 2541 526 2622 oporteret
549 2543 672 2620 petere,
690 2553 753 2600 cur
777 2550 844 2599 non
871 2531 982 2620 petis?
1005 2553 1023 2596 »
1048 2535 1201 2621 Rogante
1220 2543 1338 2600 autem
1359 2533 1431 2597 Prac-

188 2615 290 2687 lecto:
307 2622 512 2700 «Quaenam
524 2640 564 2688 ce
577 2631 669 2700 sunt,
685 2631 717 2688 et
733 2639 883 2706 quanam
901 2640 964 2710 ego
982 2619 1098 2690 laboro
1112 2619 1256 2710 inopia?
1270 2643 1289 2685 n
1302 2640 1373 2682 -tt
1387 2618 1421 2682 lla

188 2706 424 2808 xima-inquit
443 2706 514 2789 illa,
534 2707 567 2776 in
586 2707 688 2778 rebus
705 2708 875 2790 maximis,
894 2728 1017 2798 nempe
1041 2709 1076 2776 in
1099 2706 1176 2787 lide,
1195 2721 1230 2778 et
1247 2706 1428 2796 cognitione

186 2805 219 2864 et
243 2806 392 2865 veritate.
416 2819 434 2862 n

231 2885 351 2971 §tra
378 2884 571 2954 Praelectus
595 2905 672 2954 vero
695 2905 735 2954 ca
762 2896 849 2966 tans,
876 2884 1084 2966 arridetur,
1119 2883 1271 2975 gloriam
1296 2879 1430 2953 acutioris
1474 2955 1475 2960 η

190 2972 221 3040 in
250 2971 331 3071 enii,
358 2973 426 3041 arri
454 2973 528 3042 iens
551 2972 585 3041 id
611 2971 701 3060 quod
726 2905 877 3042 dixerat:
900 2995 918 3040 tt
939 2977 977 3042 tt
1001 2983 1038 3044 tu
1061 2974 1242 3060 quoniam,
1272 2973 1386 3060 inquit,
1406 2987 1430 3034 cs

188 3059 209 3130 fi
237 3081 255 3128 e
279 3058 393 3130 drves:
421 2995 489 3142 ilie
516 3061 638 3150 inquit,
667 3061 767 3131 verbo
793 3062 921 3132 monti:
950 3073 1203 3142 transmovere,
1237 3075 1271 3131 et
1295 3062 1323 3130 si
1347 3073 1431 3129 trans·
1474 3111 1475 3139 2

190 3148 391 3230 movebitur,
414 3151 654 3220 convenienter
670 3149 713 3219 iis
729 3171 816 3238 quae
836 3161 916 3220 tuus
932 3150 993 3220 tibi
1016 3150 1169 3240 promisi,
1194 3151 1364 3242 Magister,
1377 3163 1430 3214 cre·

187 3237 321 3308 demus.
342 3261 360 3304 n
381 3238 443 3308 Illa
460 3251 574 3310 autem
597 3237 794 3328 (eratenim
817 3239 900 3309 satis
916 3237 1078 3328 erudita),
1101 3261 1119 3304 a
1140 3243 1179 3308 ttt
1194 3239 1282 3308 baec
1301 3235 1427 3325 quidem.
1473 3277 1474 3282 ,

189 3325 311 3414 inquit,
331 3327 434 3399 audet
458 3340 572 3397 nostra
588 3327 674 3398 fides
691 3339 724 3396 et
738 3349 779 3397 ea
797 3349 885 3414 quae
909 3339 990 3397 sunt
1013 3327 1068 3396 his
1093 3325 1194 3417 longe
1214 3328 1354 3416 majore.
1375 3327 1429 3390 lert
1473 3333 1474 3386 ξ

189 3436 266 3486 vero
297 3416 382 3484 mibi
405 3417 650 3497 testimonium,
684 3421 791 3486 Moses
815 3415 973 3504 quidem,
1004 3437 1071 3484 non
1097 3417 1132 3484 in
1158 3427 1249 3486 terra
1271 3414 1376 3484 solum
1397 3406 1429 3474 lt·
1473 3453 1474 3499 3

187 3504 282 3573 ciens
307 3504 484 3586 miracula,
512 3505 696 3575 sedetiam
724 3525 817 3574 mare
839 3504 995 3574 dividens
1019 3515 1052 3574 et
1070 3525 1192 3574 rursus
1217 3505 1426 3594 conjungens:

186 3598 290 3662 tosue
309 3606 422 3664 autem
441 3593 565 3664 sistens
580 3593 686 3663 solem
702 3594 762 3680 qui
786 3604 837 3663 est
857 3615 962 3683 supra
984 3615 1066 3674 nos;
1091 3605 1124 3662 et
1148 3592 1240 3662 Elias
1265 3593 1373 3682 ipsum
1395 3597 1427 3652 to·
1470 3633 1473 3672 4

189 3691 261 3750 tum
281 3682 414 3752 coelum
433 3681 619 3752 claudens:
648 3705 689 3751 nc
708 3682 822 3751 dicam
842 3681 966 3753 Christi
991 3683 1056 3752 mei
1077 3680 1282 3772 discipulos,
1303 3689 1425 3767 quorum
1472 3721 1473 3766 p

188 3769 238 3839 vel
265 3783 371 3842 vestes
386 3783 420 3841 et
436 3771 579 3841 umbrae
598 3771 689 3840 solae
708 3783 859 3841 mortuos
876 3771 1099 3846 suscitabant.
1117 3781 1161 3852 et,
1188 3770 1249 3858 qui
1266 3755 1425 3918 suntapud
1472 3829 1473 3852 ,

188 3881 246 3929 vos
269 3858 331 3941 dii,
357 3859 542 3930 daemones
566 3859 796 3951 expellebant:
819 3871 851 3930 et
865 3881 953 3948 quae
967 3858 1119 3951 quotidie
1144 3859 1240 3929 vobis
1257 3852 1425 3956 videntia}

186 3948 274 4019 liunt
298 3969 439 4039 percos
465 3949 525 4037 qui
549 3947 724 4019 decertant
759 3970 821 4039 pro
849 3950 988 4018 nomine
1015 3947 1162 4030 Christi,
1193 3948 1325 4018 etiamst
1357 3933 1422 4008 nihl
1471 3999 1472 4002 ,

185 4059 304 4108 eorum
334 4059 422 4125 quae
446 4036 546 4116 liunt,
576 4037 728 4108 conserat
755 4037 851 4108 vobis
875 4036 918 4107 ad
950 4035 1225 4126 intelligentiam,
1247 4033 1305 4104 sed
1327 4035 1423 4130 sponte
1471 4097 1472 4120 ,

188 4137 325 4215 propter
354 4135 501 4196 vestram
521 4127 698 4196 caecutitis
729 4125 907 4196 malitiam.
937 4125 999 4196 Sed
1024 4147 1089 4194 non
1114 4147 1193 4194 cum
1220 4121 1312 4193 vobis
1333 4129 1421 4185 nsum

188 4213 299 4296 luerit,
322 4225 373 4284 est
392 4213 509 4283 divina
526 4215 635 4284 virtus
651 4213 840 4284 invocanda
865 4235 885 4283 a
909 4213 1122 4295 Christianis,
1142 4207 1352 4306 assentiendo
1368 4215 1421 4271 ten·

187 4302 365 4372 tatoribus.
386 4304 629 4392 scriptumest
652 4303 757 4382 enim,
778 4323 836 4372 vos
853 4301 1010 4373 infideles
1031 4303 1154 4393 partim
1170 4299 1304 4388 quidem
1327 4307 1417 4392 signo

188 4389 310 4476 partim
332 4403 445 4461 autem
461 4411 624 4478 quaerere
641 4391 862 4483 sapientiam:
882 4413 944 4463 nos
960 4413 1037 4463 vero
1055 4390 1248 4483 praedicare
1264 4391 1418 4457 [tortunutt¹
