2960 4824
29 337 90 403 nic.
113 338 149 402 iu
1147 339 1211 405 349

103 533 158 633 m
189 534 227 634 s.
262 533 478 636 nusnnro
522 501 773 636 priscum
799 496 1146 637 trienninm

19 753 104 830 tutti
125 752 401 820 consulimus
421 752 658 820 IMPERATOR
676 755 814 820 russin
838 755 959 822 tainu
980 757 1022 822 lit
1044 757 1253 836 EliSlLlUli,

436 897 520 962 cuti
546 896 806 964 CONSTANTER

75 1038 278 1105 intonsum
303 1037 482 1106 tutinus
507 1038 631 1105 Fluunt
657 1039 911 1107 carnutium
937 1039 1167 1110 TUERETUR.

15 1253 133 1304 bristout
155 1260 181 1306 S·
198 1260 325 1308 russati
352 1258 494 1308 crisconi
519 1257 836 1319 vnnuttuuutts1S,nuu
858 1259 953 1306 ESSET
976 1258 1010 1306 ltt
1032 1257 1154 1306 nxsttio
1167 1235 1195 1318 ῃ,
1214 1259 1255 1305 ΑΒ

48 1363 240 1414 trasumenus
264 1368 303 1414 ΚΤ
328 1367 369 1413 ΔΙ)
395 1363 509 1414 efflans
543 1366 691 1422 QUASDAH
724 1367 849 1414 trauan
883 1325 1089 1424 transtisse,
1117 1367 1181 1424 otis
1216 1368 1258 1414 n}

47 1471 128 1519 stitit
146 1472 203 1521 SUO
223 1473 262 1520 ET
277 1473 350 1520 virs
370 1472 458 1520 ictos
478 1471 729 1522 consonantem.
756 1471 901 1520 utantur
920 1471 953 1520 IN
971 1470 1082 1520 conicit
1101 1473 1252 1533 anrtouo,

45 1578 195 1628 luntotaitt
219 1581 310 1627 TYPIS
336 1579 468 1629 EXCUSO.

87 1755 327 1826 upiaoopacum
347 1755 458 1815 tenuit
479 1759 521 1816 ab
543 1772 633 1815 anno
655 1760 721 1814 840
742 1771 852 1825 usque
873 1759 918 1814 ad
941 1771 1066 1814 annum
1087 1758 1153 1814 3¹71.

46 1937 109 2022 ll.
135 1939 376 2010 Dilectissimis
400 1938 587 2021 iratribus,
614 1951 647 2008 et
669 1939 753 2008 satis
778 1937 1082 2009 desideratissimis
1116 1940 1256 2030 presby-

15 2027 83 2104 teris,
103 2027 155 2096 sed
180 2041 214 2098 et
238 2029 369 2100 sanctis
389 2029 423 2098 in
449 2027 516 2098 lide
540 2027 808 2098 consistentibus
832 2025 1012 2116 plebibus,
1034 2026 1257 2098 vercellensi·

14 2109 61 2182 ltus
76 2114 115 2197 *ξ
146 2119 415 2188 Novariensibus
430 2117 493 2198 Μ,
520 2115 851 2208 Hipporegiensibus
866 2114 947 2198 W,
977 2137 1037 2186 nec
1062 2137 1129 2185 non
1152 2117 1254 2186 etiam

15 2203 248 2353 l[tertonensibus
265 2207 365 2288 *”**,
385 2206 553 2276 Eusebius
571 2206 762 2296 Episcopus
781 2204 816 2274 iu
834 2204 978 2274 Domino
1002 2218 1174 2276 aeternam
1201 2228 1256 2276 sa-

24 2301 106 2361 utem.

44 2381 115 2462 §²-
139 2385 230 2454 Licet
256 2406 319 2454 nos
344 2384 462 2456 multis
489 2385 655 2455 Dominus
688 2397 843 2454 postera
872 2383 966 2454 vobis
990 2406 1132 2487 corpure
1157 2406 1255 2474 sepa-

15 2478 83 2538 ratos
102 2471 223 2542 iuvaret
240 2473 354 2554 bonis,
374 2486 406 2543 et
421 2485 566 2544 vestram
585 2473 772 2543 admodum
792 2473 826 2541 in
848 2471 998 2544 adventu
1013 2486 1046 2543 et
1065 2475 1257 2545 visitatione

15 2552 211 2636 plurimorum
238 2562 384 2630 fratrum
412 2562 511 2632 nobis
531 2563 758 2652 praesentiam
779 2561 973 2632 exhiberet:
996 2575 1108 2632 tamen
1135 2564 1256 2633 moesti

13 2647 161 2731 artristes,
187 2663 220 2720 et
236 2651 314 2722 sine
334 2649 498 2740 lacrymis
522 2672 588 2720 non
614 2673 765 2731 eramus,
785 2651 866 2738 quia
890 2649 993 2742 longo
1013 2651 1177 2741 temporis
1202 2653 1257 2721 in-

15 2735 126 2806 tervallo
147 2752 279 2809 vestrae
298 2740 489 2810 sanctitatis
515 2761 581 2809 non
602 2740 813 2829 ‘accipientes
837 2740 977 2830 scriptu,
997 2741 1199 2810 verebamur
1216 2762 1257 2811 ne

13 2838 63 2914 qua
84 2847 136 2896 ros
159 2842 217 2898 aut
241 2827 432 2915 accepisset
458 2827 626 2899 diabolica
652 2827 834 2908 subtilitas,
856 2841 915 2898 aut
940 2840 1088 2919 potestas
1105 2829 1256 2900 bumana

13 2909 185 2986 infidelibus
201 2917 436 3007 subjugasset.

32 3125 41 3145 ¹
52 3127 145 3174 Epistola
154 3131 210 3172 baeu
220 3127 357 3178 conscripta
364 3128 460 3170 ridetur
470 3141 532 3172 anno
542 3131 587 3172 ³⁶6.
1277 3153 1280 3162 .

30 3177 51 3201 ¹'
62 3181 105 3220 Etsi
114 3185 140 3224 de
151 3183 275 3230 vercellis,
284 3181 308 3223 in
318 3181 484 3233 Martyroiogio
494 3181 614 3225 iltuastato
625 3185 653 3224 ad
665 3181 726 3225 diem
734 3184 760 3224 18
768 3184 908 3230 novembris,
917 3183 1024 3234 papati.
1032 3187 1082 3234 jam
1093 3186 1167 3227 locuti
1177 3189 1258 3232 simus.

12 3237 76 3274 sperne
88 3239 161 3277 umen
176 3235 281 3290 pretium
297 3233 438 3276 arbitramur
451 3234 488 3276 iric
503 3238 619 3286 quaedam
631 3237 677 3278 alia
686 3238 714 3277 de
725 3235 776 3286 ipsa
785 3237 879 3278 addere.
890 3237 1050 3279 vercellarum
1059 3239 1123 3284 urbs.
1135 3241 1174 3280 113
1184 3249 1257 3280 annos

12 3285 149 3331 retundam
162 3291 290 3336 conditam,
304 3293 416 3338 regnanta
434 3288 562 3340 uuqurnio
576 3293 664 3337 Prisco.
681 3301 708 3331 ex
723 3287 1016 3339 oattissaiyrs.1ortaeat
1033 3294 1108 3341 uapor
1118 3291 1201 3334 deindo
1212 3294 1258 3334 tuit

13 3339 70 3378 untia
82 3341 215 3384 Lihtoorum.
232 3349 300 3384 Anno
311 3345 371 3392 rpost
388 3343 414 3382 U.
433 3343 456 3382 c.
476 3345 521 3388 114,
539 3341 601 3384 inter
613 3355 720 3384 romanas
729 3343 812 3384 :tribua
824 3345 940 3392 adscripta
950 3343 1005 3384 ruit:
1015 3353 1077 3384 auno
1088 3347 1201 3392 ver02d65.
1211 3347 1255 3386 (in.

13 3386 90 3448 iunceo
102 3397 212 3438 strabone
228 3398 357 3443 adnitente.
369 3396 488 3438 civitatem
498 3395 739 3446 romanamobtiuutt.
750 3399 821 3440 anno.
831 3399 885 3437 ante
895 3398 1014 3438 christum
1035 3399 1079 3442 101.
1090 3395 1114 3438 iu
1126 3399 1257 3439 vercellen-

14 3447 58 3480 uum
69 3451 149 3498 eampis
163 3452 186 3490 0.
201 3451 293 3492 unios
307 3451 331 3489 et
345 3452 370 3500 Q.
387 3449 484 3490 catulus
495 3460 548 3490 curn
559 3451 659 3491 uimnrta
671 3451 918 3500 dimicaruntreosqne
928 3428 1026 3491 cruenti
1037 3450 1135 3490 riotorid
1145 3450 1258 3492 stravere.

14 3493 37 3531 ΒΕ
46 3497 83 3556 ¹luc
95 3503 148 3544 urbs
162 3504 195 3544 ita
209 3505 292 3544 (iioero
306 3503 340 3551 (in
357 3503 447 3552 Philipp.
464 3501 498 3554 rui
513 3501 601 3554 ajebati
611 3503 621 3524 “
631 3505 673 3545 Est
683 3505 745 3544 enim
756 3501 797 3545 itte
808 3504 851 3543 ilos
861 3504 950 3550 Italiae,
961 3505 1020 3545 iilud
1031 3505 1207 3546 firmamentum
1216 3505 1257 3544 inr-

13 3553 57 3590 l‘ffl
69 3554 141 3602 eonati
153 3558 261 3602 Romani.
274 3555 335 3596 ittud
351 3559 514 3596 oruamentum
523 3555 658 3606 ,nignianum
669 3585 680 3606 ,
691 3559 789 3599 denatat
798 3561 876 3598 autem
887 3555 968 3607 ipsam.
978 3560 1025 3598 tam
1036 3559 1081 3598 sub
1092 3559 1203 3599 Romanis
1214 3559 1258 3598 Im·

13 3605 140 3654 munituna,
153 3620 223 3658 quam
239 3611 284 3650 aub
298 3609 505 3658 Langobardorum
522 3613 547 3650 et
563 3611 708 3652 Francorum
725 3611 849 3661 potestate.
867 3611 1021 3659 amplitudine
1040 3611 1150 3657 ambitus,
1165 3609 1258 3652 aedium

14 3657 314 3712 contentionumque
329 3663 419 3704 divitiis
434 3665 561 3712 augustam
579 3661 737 3704 Taurinorum
752 3673 883 3712 superasse.
901 3665 987 3704 Varum
997 3675 1052 3713 prae
1062 3663 1163 3705 caelans
1174 3665 1258 3714 glorio·

14 3705 49 3744 sior
59 3716 90 3751 eat
101 3715 200 3763 dicenda,
214 3718 279 3766 quod
288 3718 313 3756 in
324 3713 373 3768 ipra
383 3714 459 3770 prima
468 3717 613 3758 cnrisuauae
632 3715 754 3766 religionis
772 3717 847 3765 aedes,
857 3714 890 3756 tin
905 3716 1050 3768 subalpinist
1060 3719 1201 3767 regionibus.
1213 3717 1261 3758 ool-

15 3751 72 3800 loeats
83 3765 154 3809 ruerit
165 3769 299 3810 &nullium
308 3770 342 3810 tbi
351 3766 495 3810 celebratum
505 3773 548 3816 est,
557 3771 582 3810 tn
591 3779 638 3820 quo
648 3767 967 3821 Borangariiundegavenats
977 3780 1068 3811 errores
1078 3772 1183 3812 damuati
1194 3771 1256 3817 sunt,

17 3827 32 3834 -
40 3817 92 3856 tuno
101 3821 206 3867 ultime
216 3823 275 3864 urbe
285 3822 413 3864 Sabaudiae
423 3823 506 3869 Duces,
515 3833 543 3864 ex
552 3825 644 3864 Ducatu
655 3825 823 3865 Mediolanensi
833 3825 993 3874 decerpentes,
1001 3827 1057 3864 sunt
1068 3825 1143 3874 potiti.
1169 3832 1205 3857 m
1226 3833 1259 3876 aa

34 3865 66 3892 ⁸¹⁸
78 3872 173 3922 domno.
186 3877 260 3926 vulgo
274 3878 372 3922 Novaro,
386 3877 415 3916 ad
431 3875 527 3922 flumen,
542 3878 605 3926 qnod
619 3879 713 3927 agogua
728 3879 832 3923 vocatur,
849 3874 902 3922 sita,
916 3878 972 3917 urbs
989 3875 1154 3926 antiquissima
1165 3879 1259 3924 eatenis

16 3913 101 3964 ianm„
112 3929 304 3978 imperatoribus,
319 3929 480 3972 firmissimum
494 3929 656 3980 municipium,
669 3931 698 3972 ad
708 3933 824 3972 Duoatuur
833 3930 1031 3972 Mediolanensem
1040 3929 1098 3971 olim
1113 3931 1258 3982 pertinebat:

19 3975 85 4024 rernm,
94 3988 149 4021 anno
160 3981 218 4030 1136,
230 3980 360 4024 sabaudiae
369 3985 445 4024 Duces
456 3994 507 4024 eam
517 3981 646 4025 obtinuere.

31 4025 78 4086 .'”⁸‚
91 4035 197 4082 Eporedia,
210 4037 283 4086 vulgo
298 4037 369 4082 torsa,
383 4037 411 4076 ad
425 4037 515 4078 iaevam
531 4039 613 4077 Duriae
627 4035 796 4083 Balteae.'nrbs
804 4034 949 4086 perantiqua.
959 4047 972 4076 a
981 4035 1092 4078 Romania
1103 4038 1205 4079 condita.
1216 4039 1259 4078 'R-

21 4079 62 4118 ntur
74 4089 127 4127 inter
139 4089 276 4130 firmissima
290 4091 472 4140 Transpadanae
487 4091 589 4139 regionis
599 4091 726 4139 municipia
736 4091 808 4130 simui
817 4100 871 4131 oum
881 4091 990 4136 Novaria,
1000 4093 1114 4135 recenset.
1123 4091 1206 4132 Deieto
1215 4093 1259 4132 Bo·

21 4134 112 4190 mmmm
124 4143 231 4191 imperio,
245 4152 273 4183 ea
286 4143 369 4184 habuit
385 4153 441 4184 suos
458 4145 565 4194 proprios
581 4145 656 4184 Dacos
675 4148 699 4183 et
716 4144 877 4188 marchiones.
891 4145 947 4192 iura
963 4145 1042 4185 umen
1060 4145 1120 4193 justi
1136 4142 1258 4195 municipii

23 4185 105 4230 taonem,
118 4195 219 4237 Tandem
234 4199 314 4238 aeonio
329 4205 368 4242 xv,
381 4199 408 4236 ut
424 4207 437 4236 a
452 4195 561 4238 uirilibus
577 4195 764 4238 dissensionibus
775 4197 940 4245 requiesceret.
950 4198 1108 4240 sabaudorum
1120 4199 1209 4240 Ducum
1219 4209 1258 4249 po·

24 4235 80 4279 itttatt
90 4245 147 4286 nitro
160 4248 269 4300 subjteoit
284 4250 409 4290 Memoriae
425 4249 540 4290 traditum
557 4254 594 4291 est
610 4251 670 4290 trano
688 4251 834 4300 provinciam
852 4259 865 4289 a
881 4251 903 4290 S.
919 4251 1027 4298 Eusebio,
1043 4253 1084 4300 Ep.
1101 4252 1213 4299 vercell,
1229 4253 1258 4294 ad

37 4293 112 4362 {rutum
120 4309 257 4344 conversam
266 4301 347 4343 inisse.
423 4307 428 4318 '
575 4304 627 4348 tet!

25 4385 38 4421 v
52 4343 94 4374 'm
106 4353 205 4402 nonme,
221 4353 292 4406 uulgo
306 4357 407 4402 Tortmru.
420 4366 433 4396 e
444 4354 517 4398 celtis
528 4357 628 4402 condita.
636 4357 699 4397 inter
709 4357 814 4398 Genuam
825 4357 849 4398 et
858 4358 1008 4405 Placentiam,
1018 4355 1075 4398 oiim
1084 4359 1142 4400 urbs
1152 4357 1258 4410 insignis.

40 4399 93 4445 ‘litt
103 4413 115 4441 a
126 4405 248 4448 Frederieo
264 4409 407 4456 Aenobarbo,
420 4420 482 4450 anno
498 4411 556 4455 115⁵,
570 4420 658 4456 eversa,
667 4411 712 4450 etei
722 4421 736 4450 a
744 4411 959 4452 Mediolanensibus
971 4413 1104 4453 restaurata
1112 4410 1190 4459 tuerit,
1200 4423 1260 4454 nun·

25 4449 75 4488 Μ]
82 4455 104 4494 *d
111 4459 229 4506 urbanam
240 4462 311 4504 rediit
321 4459 465 4512 munitatem.
476 4466 542 4504 Auno
553 4465 604 4505 ltttd
615 4463 742 4506 sabaudiae
752 4466 810 4515 Regi
819 4463 910 4507 tradita
918 4469 962 4506 eat.
