2960 4824
239 291 302 358 tta
487 314 525 360 oe
550 314 595 360 ss.
623 315 807 372 aestuario,
836 314 993 360 auxanuo
1017 315 1084 362 ete.
1111 315 1167 362 un.
1300 295 1374 360 but.
1398 295 1430 358 tt

195 400 262 484 Ego
286 395 391 478 enim,
420 397 571 477 bomine,
598 421 676 468 cum
705 421 757 467 ma
786 418 829 466 no
851 409 884 466 et
907 396 1011 468 alacri
1030 399 1137 468 animi
1157 397 1270 468 studio
1284 396 1322 466 ad
1345 407 1372 466 te
1388 417 1431 464 re-

196 485 264 554 nio.
281 511 299 553 n
319 491 409 556 Haec
424 508 503 555 cum
522 487 674 567 dixisset,
687 421 863 556 oscuicms
877 499 929 557 est
945 509 1026 556 suos
1045 487 1143 568 lilios,
1162 500 1195 556 et
1210 487 1307 556 dixit:
1324 485 1432 554 «Salsa

195 573 255 654 sis,
276 575 411 654 mulier,
429 587 461 642 et
486 574 554 644 noli
580 575 669 644 allici
692 575 838 656 tristitia,
859 597 919 644 nec
934 575 1031 657 llere;
1059 575 1114 646 sed
1141 575 1252 666 gaude
1274 587 1305 644 at
1326 573 1429 643 exulta.

196 667 240 732 Te
264 664 368 744 enim,
384 675 417 732 et
440 662 530 733 filios
555 685 659 745 meos,
675 665 871 733 etanimam
895 683 1005 734 meam
1030 664 1163 754 depono
1188 666 1223 733 in
1249 685 1349 734 manu
1370 662 1431 731 boni

198 753 253 821 bei
278 753 397 832 nostri,
416 753 475 838 qui
495 764 602 843 potest
621 753 749 822 omnia.
777 775 794 820 o

238 843 256 927 ἕ
279 842 350 913 n.
377 845 413 908 Et
437 862 516 910 cum
544 841 626 910 baec
649 841 801 922 dixisset,
827 840 956 910 cursim
973 854 1024 910 est
1040 863 1219 932 egressus:
1245 853 1277 910 et
1300 841 1380 908 renit
1402 839 1432 905 ad

195 928 378 1016 quemdam
411 929 548 997 nomine
573 935 795 1010 llucarorem,
818 930 877 1016 qui
904 931 936 998 in
962 931 1099 1018 regione
1123 935 1367 1000 duracenorum
1387 927 1435 994 ba·

194 1017 295 1087 bebat
311 1017 573 1100 habitationem
600 1032 632 1087 et
656 1020 690 1087 in
715 1041 754 1088 ea
778 1019 951 1088 obtinebat
976 1019 1106 1108 primas
1127 1031 1250 1107 partae,
1273 1029 1382 1088 eterat
1399 1017 1438 1081 rin

197 1106 293 1176 valde
309 1105 424 1175 clarus
440 1106 599 1176 etdives:
626 1121 760 1177 etcum
785 1127 863 1176 eum
889 1106 1080 1186 salutasset,
1107 1107 1210 1176 dixit:
1242 1130 1260 1174 a
1290 1113 1367 1176 Ecce
1387 1125 1436 1190 ego

196 1195 282 1264 vado
306 1195 347 1263 ad
373 1196 523 1264 amicum
550 1207 647 1265 tuum
672 1208 704 1265 et
727 1207 910 1286 cognatum
935 1195 1131 1286 Cyrisicem,
1158 1208 1201 1277 et,
1225 1201 1290 1265 Deo
1315 1193 1434 1264 volante.

196 1305 253 1354 ero
272 1284 301 1352 ei
325 1305 439 1354 comes
461 1284 493 1354 in
513 1285 576 1365 ria,
599 1298 728 1354 etcum
754 1305 793 1352 eo
813 1284 937 1354 subibo
960 1284 1145 1354 discrimen
1175 1285 1378 1354 certaminis.
1401 1287 1436 1348 Tu

195 1393 277 1463 ergo
299 1385 371 1440 esto
390 1386 464 1462 post
481 1377 583 1441 Deum
602 1373 759 1442 defensor
781 1393 875 1442 meae
890 1374 1005 1442 uxoris
1021 1385 1053 1441 et
1072 1393 1223 1443 meorum
1247 1373 1389 1443 filiorum
1412 1371 1435 1435 io

197 1461 260 1530 bac
279 1462 363 1529 vita:
389 1473 420 1530 et
447 1483 506 1550 pro
527 1462 590 1530 bac
607 1462 713 1552 gratia
732 1483 795 1550 ego
809 1483 945 1548 quoque
960 1461 1020 1531 tibi
1038 1483 1176 1618 operam
1197 1465 1328 1531 navabo
1351 1461 1381 1528 in
1394 1459 1439 1526 illo

196 1550 262 1632 die,
289 1549 428 1639 quando
451 1572 565 1618 coram
593 1555 657 1620 [leo
682 1551 854 1629 sistamur,
877 1563 915 1619 ut
940 1571 1049 1620 merce
1076 1572 1128 1620 em
1148 1551 1309 1640 accipias.
1334 1572 1350 1616 a
1371 1548 1435 1618 llinit

197 1659 274 1709 vero
304 1639 352 1706 vir
382 1637 437 1706 ille
463 1639 559 1729 pius:
587 1640 684 1710 «albi
711 1639 745 1706 in
773 1659 865 1727 pace,
894 1637 941 1707 tili
972 1639 1030 1718 mi,
1065 1653 1096 1708 et
1124 1639 1283 1728 pulcrum
1313 1639 1371 1708 boe
1393 1638 1440 1703 itm

196 1727 344 1806 corrfice;
371 1740 402 1796 et
419 1749 459 1794 ne
483 1727 525 1796 de
540 1749 579 1794 eo
595 1729 643 1796 sis
667 1726 852 1798 sollicitus:
880 1727 1086 1796 satisfaciam
1114 1741 1171 1796 tuo
1186 1727 1365 1797 desiderio.
1390 1729 1437 1793 Ero

195 1817 286 1884 enirn
313 1815 457 1905 spiritali
483 1817 659 1886 allectione
684 1816 798 1884 uxoris
820 1827 896 1885 tuae
917 1818 1072 1894 maritus,
1095 1831 1127 1885 et
1144 1831 1238 1906 pater
1263 1830 1391 1886 tuorum
1414 1817 1440 1879 tt·

197 1903 334 1974 liorum.
355 1929 372 1970 o
394 1906 453 1974 His
469 1905 608 1986 auditis,
637 1905 826 1974 blandarius
849 1927 927 1974 cum
946 1905 975 1974 ei
994 1905 1220 1985 valedixisset,
1236 1906 1308 1990 jam
1324 1904 1364 1972 de
1379 1923 1438 1970 eae-

196 2005 266 2062 tcro
293 2013 395 2083 prope
419 1992 596 2062 castellum
623 1995 712 2062 venit
748 1993 790 2062 ad
828 1997 986 2062 sanctos:
1017 1993 1123 2063 etsie
1151 1995 1281 2063 vocavit
1304 2003 1438 2062 sanctum

198 2083 426 2151 Eustratium:
454 2105 471 2148 <t
501 2083 640 2152 Domine
665 2081 829 2170 llyrisiee,
855 2081 1028 2169 quomodo
1051 2083 1124 2152 ovis
1149 2082 1295 2171 simplex
1319 2080 1360 2151 ad
1383 2101 1440 2169 pm·

198 2170 310 2259 prium
330 2171 437 2239 currit
453 2183 634 2260 pastorem,
656 2173 701 2240 ita
718 2191 780 2260 ego
796 2191 930 2256 quoque
950 2170 990 2240 ad
1019 2183 1059 2252 te,
1082 2170 1196 2240 volens
1216 2193 1292 2240 esse
1317 2170 1401 2239 vobis
1415 2169 1438 2232 in

199 2261 248 2328 ria
267 2281 392 2327 eomes.
416 2263 466 2328 lle
479 2280 559 2348 ergo
576 2260 723 2349 suscipe,
745 2273 777 2326 et
795 2259 891 2338 refer,
913 2258 989 2328 licet
1005 2259 1199 2350 indignum,
1221 2261 1254 2327 in
1280 2277 1438 2328 numerum

198 2348 306 2416 sancti
325 2347 373 2416 tui
393 2360 521 2428 coetus,
540 2360 571 2416 et
587 2347 701 2417 adduc
727 2369 790 2426 me,
810 2349 871 2416 etsi
891 2347 1086 2438 indignum,
1113 2361 1229 2418 testem
1251 2348 1379 2418 Christo
1395 2350 1439 2412 llo·

200 2437 305 2505 mino.
327 2457 345 2501 t>
362 2439 399 2503 Et
416 2435 498 2504 boec
513 2436 760 2510 cumdixisset
780 2435 941 2506 clamavit
958 2459 1037 2505 voce
1054 2458 1189 2526 magna,
1207 2437 1342 2506 dicens:
1360 2457 1376 2500 a
1391 2438 1440 2520 Ege

198 2545 335 2612 quoque
351 2546 427 2592 sum
454 2524 679 2604 Christianus
707 2525 796 2593 sicut
818 2526 919 2594 etiarn
944 2525 1107 2594 dominus
1134 2547 1229 2594 meus
1255 2523 1437 2595 Eustratius.

198 2613 328 2694 todire,
357 2613 504 2681 ministri
520 2613 661 2690 diaboli,
681 2614 843 2682 audite.»
868 2619 963 2682 Tunc
985 2635 1064 2683 cum
1084 2614 1197 2703 ipsum
1218 2614 1343 2682 milites
1365 2631 1439 2680 cont·

198 2701 469 2791 prehendissent,
489 2701 695 2791 colligarunt
711 2723 788 2770 cnm
807 2701 947 2788 reliquis
964 2703 1114 2786 sanctie,
1130 2717 1255 2772 etcum
1277 2704 1310 2771 in
1323 2697 1439 2770 castello

197 2811 275 2858 eum
297 2791 521 2876 conjecissent
537 2791 571 2859 io
594 2791 766 2879 publicam
784 2789 988 2870 custodiam,
1005 2790 1105 2860 de'eo
1121 2813 1258 2878 quoque
1277 2791 1319 2860 ad
1338 2796 1439 2859 Ducem
1466 2813 1467 2872 r

197 2878 397 2947 retulerunt.

240 2969 257 3053 ἓ
283 2969 351 3038 15.
379 2971 449 3035 Hac
473 2967 549 3058 ipsa
573 2979 685 3036 autem
714 2969 817 3038 bora.
847 2980 1019 3054 tamquam
1047 2967 1097 3037 leo
1123 2967 1281 3068 rugiens,
1310 2967 1390 3036 sedit
1409 2963 1439 3028 al

194 3054 501 3125 examinationem:
528 3067 560 3126 et
605 3077 640 3124 ro
666 3077 758 3124 more
782 3054 973 3126 adducente
996 3057 1134 3126 cohorte
1158 3057 1330 3136 lictorum,
1351 3053 1439 3123 addo-

195 3154 272 3213 ctus
288 3157 338 3212 est
363 3144 489 3224 nudus,
506 3077 647 3214 funibus
673 3165 795 3212 manus
814 3145 943 3214 babens
959 3145 1089 3214 vinctas
1104 3159 1245 3214 sauctus
1261 3143 1438 3214 Auxentius.

196 3232 328 3302 Sanctis
352 3231 579 3314 adstantibus,
606 3245 638 3302 et
657 3232 794 3323 singula
825 3232 1039 3303 videntibus:
1065 3247 1096 3304 et
1121 3234 1235 3304 adhuc
1259 3232 1354 3304 vultu
1373 3231 1440 3298 laeto

195 3325 268 3391 Dux
292 3322 420 3408 inquit:
448 3321 636 3404 «Autenti,
658 3343 718 3390 nos
735 3320 874 3408 quidem
892 3321 1041 3392 liberans
1056 3346 1074 3391 a
1092 3321 1279 3402 laboribus,
1300 3335 1331 3391 te
1344 3331 1438 3410 autem

194 3409 304 3480 salute
327 3409 472 3501 dignum
497 3431 652 3492 censens,
676 3431 769 3480 nunc
785 3409 903 3480 saltem
930 3411 1024 3492 doce,
1051 3433 1093 3479 an
1115 3431 1239 3480 avana
1262 3409 1322 3480 illa
1343 3423 1372 3478 et
1394 3403 1440 3472 tibr

196 3499 389 3588 perniciosa
406 3499 575 3569 destiteris
601 3499 800 3588 pervicacia,
820 3510 946 3568 etcum
964 3499 1030 3569 diis
1052 3499 1192 3569 redieris
1210 3501 1243 3568 iu
1261 3500 1408 3590 gratiam·
1427 3516 1439 3550 t

195 3591 341 3658 Sanctus
364 3587 449 3656 dixit
473 3589 678 3657 auxentius:
706 3589 863 3656 «Paucis
878 3587 972 3668 audi,
1001 3611 1020 3658 o
1047 3589 1158 3678 Lysia.
1180 3589 1262 3658 luro
1287 3587 1345 3657 tibi
1366 3605 1437 3653 earn.

193 3697 280 3762 quae
298 3689 429 3767 praeest
445 3688 477 3746 et
493 3677 610 3746 omnia
633 3675 790 3764 adspicit,
816 3677 997 3764 justitiam,
1023 3699 1098 3748 esse
1122 3678 1208 3746 mibi
1232 3689 1373 3746 mentem
1390 3673 1439 3740 inr-

194 3765 407 3846 mutabilem,
439 3787 617 3852 unumque
638 3769 742 3834 Deum
769 3785 823 3850 me
847 3785 958 3846 nosse,
984 3778 1016 3834 et
1041 3767 1154 3856 ipsum
1178 3764 1299 3846 colere,
1324 3757 1438 3833 etiamsi
1465 3791 1466 3794 ¹

194 3852 465 3924 innumerabiles
482 3854 568 3924 alias
586 3853 670 3922 mibi
698 3853 815 3943 plagas
835 3853 1043 3944 imposueris
1057 3868 1089 3924 et
1106 3855 1291 3934 cruciatus,
1311 3851 1438 3940 majores
1465 3895 1466 3940 ,

193 3941 237 4010 iis
259 3943 318 4044 qui
338 3943 547 4032 jampridem
575 3942 660 4011 mibi
684 3955 766 4012 sunt
799 3941 904 4026 illati;
937 3943 1072 4032 etiamsi
1103 3963 1156 4013 me
1188 3941 1298 4024 lerro,
1323 3941 1437 4009 etiamst
1465 3945 1466 3976 t

193 4051 248 4100 me
273 4053 351 4122 igne
375 4031 644 4122 consumpseris,
679 4051 857 4118 nunquam
891 4032 1018 4121 poteris
1042 4053 1152 4101 meam
1182 4032 1311 4102 flectere
1329 4025 1437 4116 cogita·

192 4118 332 4188 tionem.
360 4124 551 4190 Decaetero
571 4119 623 4190 lac
642 4119 731 4206 quod
758 4119 854 4190 velis.
878 4126 1005 4190 »Tunc
1030 4125 1102 4190 Dux
1127 4119 1436 4216 pronuntiavltsan·

192 4207 351 4276 tentiam:
371 4229 388 4274 «
403 4209 600 4290 turentius
614 4210 674 4296 qui
696 4220 770 4299 post
785 4207 892 4278 rnulta
908 4220 1075 4279 tormenta
1090 4223 1122 4280 et
1137 4211 1318 4287 anacletus
1333 4217 1434 4295 etramj

192 4315 286 4365 nunc
303 4310 478 4385 permanet
498 4299 531 4364 in
549 4318 613 4367 sua
634 4297 826 4387 perniciosa
839 4297 1045 4388 ignorantia,
1064 4299 1165 4387 perci
1183 4307 1329 4388 paratam
1344 4285 1432 4382 gladrt

192 4384 476 4472 amputationem,
502 4383 645 4454 ferream
672 4407 784 4466 suam,
806 4399 946 4474 atquae
967 4387 1093 4456 molliri
1117 4409 1186 4456 non
1202 4397 1315 4476 potest,
1335 4375 1433 4470 perdat
