3046 4838
113 279 202 352 tttt
549 315 591 363 nr
616 315 643 363 s.
664 315 764 365 erroro
787 317 837 366 ne.
863 315 995 366 norrorr.
1340 301 1360 366 7

114 391 242 478 protinus
267 397 320 468 ad
346 400 570 491 palatium,
595 401 797 490 tradiditque
824 403 906 494 Regi
929 423 1033 491 quam
1059 402 1242 474 donaverat
1268 402 1399 484 sellam,

118 479 195 584 altera
210 507 328 577 penes
347 512 407 572 se,
434 513 558 580 quarn
579 490 712 573 fecerat,
731 493 878 582 gratuito
899 505 1078 562 reservata.
1097 493 1210 583 Coepit
1229 507 1309 562 tnnc
1323 515 1404 563 eum

121 592 263 673 princeps
288 580 443 663 mirari,
476 579 590 650 simul
606 593 639 651 et
654 581 771 651 efferre
791 594 918 651 tantam
943 584 1056 672 operis
1079 582 1308 672 elegantiam:
1329 583 1405 673 jus-

125 677 218 764 sitque
239 666 341 738 illico
363 669 490 739 labro·
507 670 659 740 tribuere
683 671 872 740 mercedem
900 671 1026 744 laboris
1042 671 1195 762 dignam.
1222 676 1315 741 Tunc
1339 671 1405 740 Eli-

131 775 197 842 pus
209 755 317 828 altera
330 780 376 830 ex
396 759 546 830 occulto
562 761 597 830 in
619 759 730 830 medio
750 761 900 852 prolata:
927 760 1056 844 «Quod
1079 760 1260 851 superfuit,
1280 761 1402 848 inquit,
1495 795 1498 804 =

136 863 288 929 exanro,
312 871 360 918 ne
384 849 579 940 negligens
599 850 786 940 perderem,
814 850 896 920 huic
920 851 1014 952 operi
1038 851 1198 939 aptavi.»
1223 850 1403 921 Confestim

143 935 338 1023 stupetactus
363 938 567 1020 Clotarius,
593 951 625 1009 et
650 940 770 1029 maJori
795 939 1021 1010 admiratione
1044 939 1224 1022 detentus,
1252 940 1405 1009 sciscita-

147 1023 238 1094 batur
257 1027 444 1117 opificem,
472 1029 504 1098 si
527 1042 653 1099 cuncta
675 1051 714 1098 ex
737 1027 854 1099 eodem
889 1051 993 1119 penso
1023 1028 1133 1099 lacere
1166 1030 1341 1120 potuisset.
1369 1031 1406 1096 lit

153 1135 225 1182 cum
248 1131 496 1205 consequenter
509 1119 609 1208 juxta
633 1119 679 1200 id,
705 1117 797 1204 quod
823 1118 932 1188 suerat
956 1119 1171 1201 sciscitatus,
1201 1139 1403 1208 responsum

158 1205 337 1292 accepisset,
362 1206 545 1298 ingenium
563 1208 638 1297 eJus
654 1207 795 1276 sublimi
814 1207 925 1278 lavore
940 1207 1117 1278 attollens:
1144 1212 1222 1277 «Ex
1238 1207 1301 1277 boc
1319 1207 1403 1294 jam,

159 1292 268 1379 inquit,
286 1297 385 1365 etiam
411 1299 446 1364 in
470 1297 629 1366 maximis
652 1297 745 1366 credi
771 1298 943 1387 poteris.»
964 1301 1066 1367 Porro
1083 1297 1146 1366 boc
1166 1297 1231 1366 tuit
1254 1297 1404 1374 initium,

160 1401 301 1452 necnon
325 1397 358 1455 et
386 1385 621 1454 testimonium
647 1387 680 1454 in
708 1385 834 1476 palatio
857 1387 959 1477 Regis
984 1386 1201 1468 honorandi,
1233 1386 1407 1472 immoque

159 1469 336 1541 credendi*
352 1473 515 1564 Eligium.
543 1478 588 1543 Ex
612 1475 675 1544 boc
696 1497 818 1566 nempe
841 1475 1022 1546 adauctius
1045 1496 1269 1566 consurgens,
1297 1474 1407 1546 sactus

160 1573 209 1628 est
227 1561 347 1633 aurifex
369 1563 620 1654 peritissimus,
647 1578 749 1651 atque
772 1565 807 1634 in
832 1566 927 1634 omni
950 1565 1141 1634 fabricandi
1162 1579 1233 1634 arte
1252 1563 1407 1635 doctissi-

161 1669 242 1750 mus.
258 1652 453 1741 invenitque
473 1652 617 1742 gratiana
639 1654 674 1722 in
690 1652 799 1723 oculis
815 1655 929 1744 Regis,
948 1668 979 1724 et
1000 1675 1113 1725 coram
1140 1655 1303 1724 omnibus
1319 1655 1407 1744 opti-

162 1739 296 1810 matibus
310 1743 395 1832 ejus.
423 1743 568 1812 Domino
583 1764 663 1832 ergo
676 1741 829 1830 jurante,
851 1744 1031 1814 roboratur
1051 1744 1083 1813 in
1104 1743 1183 1827 fide,
1210 1766 1249 1814 ac
1274 1765 1293 1812 a
1317 1748 1407 1834 Rege

161 1843 356 1914 provocatus,
378 1832 552 1902 crescebat
566 1833 717 1919 quotidie
733 1833 767 1900 in
790 1831 925 1902 melius.

200 1919 279 2004 §lb
304 1925 354 1990 lle
377 1921 485 2022 igitur
509 1935 696 2011 praesente,
717 1922 830 1992 nescio
854 1944 956 2009 quarn
982 1921 1025 1991 ob
1045 1943 1199 2002 causam,
1224 1922 1289 1990 nisi
1315 1921 1405 2010 quod

160 2001 248 2076 facile
267 2009 366 2079 datur
394 2009 554 2100 intelligi,
582 2009 754 2080 fidelitatis
777 2011 929 2094 obtentu,
956 2009 1038 2080 dum
1060 2011 1152 2100 apud
1175 2016 1298 2101 Regem
1327 2033 1407 2112 pue·

158 2095 248 2166 ralus
267 2099 480 2181 habitarem,
508 2099 656 2186 quodam
682 2100 737 2169 dio
761 2100 893 2171 Rotoilo
909 2101 943 2170 in
961 2121 1043 2189 agro
1067 2101 1174 2170 accito
1193 2105 1263 2170 Rex
1286 2099 1405 2189 Eligio,

155 2205 260 2255 coram
284 2185 440 2276 reliquiis
472 2199 665 2258 sanctorum
693 2190 922 2280 praecipiebat
945 2190 999 2270 ei,
1026 2201 1063 2258 ut
1092 2189 1309 2279 impositione
1339 2211 1408 2258 naa-

154 2295 255 2372 riuum
282 2279 389 2348 saeris
414 2277 619 2369 pignoribus
648 2277 743 2348 daret
776 2290 1041 2350 sacramentum.
1069 2278 1131 2349 Sed
1166 2277 1223 2347 ille
1252 2278 1406 2347 divinum

152 2366 305 2436 intuitum
331 2388 465 2447 verena,
484 2388 645 2438 excusare
670 2368 846 2438 humiliter
862 2369 956 2438 onmi
976 2368 1056 2437 nisu
1073 2366 1234 2437 tentabat.
1257 2371 1409 2453 Cumque

151 2452 328 2527 instantius
362 2457 395 2526 id
428 2457 541 2526 facere
569 2477 642 2527 corn
671 2457 850 2539 elleretur,
884 2457 1008 2528 auxius
1039 2456 1158 2538 valde,
1192 2477 1250 2526 coe
1280 2457 1302 2526 it
1332 2478 1410 2525 mox

148 2541 289 2613 ubertim
315 2545 490 2636 lacrymas
514 2481 730 2637 profundere,
759 2561 913 2616 metuens
938 2545 1068 2616 scilicet
1083 2551 1208 2636 Regem
1226 2479 1408 2628 offendere,

147 2634 412 2726 septuplumque
443 2656 572 2725 pavens
599 2637 726 2706 sanctis
756 2635 958 2726 pignoribus
989 2657 1111 2704 manus
1143 2637 1328 2724 imponere.
1356 2639 1411 2704 In-

145 2733 244 2792 tuens
268 2725 383 2812 itaque
414 2728 484 2794 Rex
516 2723 593 2808 ejus
621 2725 800 2805 timorem,
828 2724 999 2812 simulque
1031 2725 1161 2794 mirans
1194 2737 1321 2795 tantam
1347 2725 1411 2793 viri

144 2809 371 2895 devotionem,
390 2812 493 2882 desiit
508 2813 599 2883 ultra
617 2835 694 2882 eum
712 2835 851 2904 cogere:
877 2814 936 2882 sed
953 2813 1064 2904 magis
1081 2813 1206 2884 blande
1224 2815 1412 2899 leniterque

143 2899 368 2982 demulcens,
404 2901 591 2972 laetissimo
620 2902 716 2972 illum
747 2903 843 2972 vultu
876 2902 1034 2982 dimisit,
1069 2903 1234 2993 pollicens
1267 2925 1303 2972 se
1333 2903 1412 3003 plus

143 3011 223 3090 eum
247 3013 288 3060 ex
312 2991 376 3061 boc
398 2992 469 3079 jam
495 2991 718 3074 crediturum,
745 3012 849 3079 quam
875 2991 903 3062 si
929 2991 1133 3063 multimoda
1153 3005 1235 3063 tunc
1263 2991 1412 3064 dedisset

156 3092 350 3150 uramenta.

140 3101 154 3168 J
187 3171 256 3256 §2
272 3175 344 3240 Non
366 3182 441 3260 post
458 3169 600 3261 longum
617 3171 781 3262 spatium,
809 3191 888 3241 cum
903 3169 975 3258 jam
998 3169 1129 3262 Eligius
1146 3170 1277 3240 virilem
1299 3183 1413 3261 ageret

145 3273 301 3340 aetatem,
331 3260 476 3349 cupiens
504 3281 540 3331 se
564 3281 622 3330 vas
638 3261 797 3330 exhibere
814 3263 880 3329 Deo
900 3259 1173 3342 sanctificatum,
1199 3282 1238 3329 ac
1259 3272 1413 3330 metuens

118 3419 122 3428 ,
147 3369 188 3416 ne
208 3349 327 3436 aliqua
346 3371 447 3418 suurn
475 3347 597 3418 delicta
616 3364 733 3438 pectus
763 3349 960 3429 fuscarent,
987 3350 1102 3418 omnia
1123 3348 1166 3418 ab
1185 3347 1413 3418 adolescentia

146 3459 208 3506 sua
224 3459 340 3508 coram
359 3437 533 3508 sacerdote
549 3438 725 3509 consessus
741 3451 792 3508 est
812 3451 904 3508 acta:
927 3437 1046 3526 sicque
1066 3437 1132 3508 sibi
1152 3452 1323 3507 austeram
1347 3437 1414 3506 im-

191 3548 278 3596 nens
294 3526 551 3617 poenitentiam,
578 3530 688 3618 coepit
707 3525 836 3600 fortiter
860 3526 1092 3597 colluctationi
1119 3527 1245 3608 carnis,
1272 3527 1415 3616 spiritus

157 3637 273 3685 errore
301 3616 469 3698 resistere,
495 3617 717 3686 dololoribus
744 3615 897 3697 scilicet,
928 3616 1120 3686 secundum
1141 3614 1352 3706 Apostolum,
1380 3615 1415 3683 ia

145 3707 284 3794 vigiliis,
306 3706 342 3774 tia
355 3706 510 3796 jejuniis,
533 3707 568 3775 in
586 3709 748 3788 castitate,
773 3708 809 3774 in
823 3707 990 3796 patientia
1013 3709 1134 3786 enolto,
1158 3715 1259 3796 atquc
1283 3705 1319 3772 in
1335 3703 1413 3772 cltu-

144 3796 244 3890 rt'tatp
266 3817 333 3864 non
347 3795 428 3882 ficta
448 3793 496 3895 (R.
516 3796 560 3864 ad
578 3799 650 3866 Gor.
671 3795 727 3884 vr).
754 3795 967 3886 Proponebat
992 3815 1140 3880 namque
1157 3794 1223 3862 sibi
1248 3791 1420 3862 adversus·

148 3896 342 3972 praesentes
370 3905 486 3954 carnis
510 3883 672 3963 ardores,
704 3883 811 3953 loturi
845 3883 1009 3974 supplicii
1034 3884 1153 3986 ignes:
1188 3905 1227 3952 ac
1253 3882 1417 3952 memoria

147 3972 278 4044 ardoris
307 3971 508 4062 gehennae,
536 3973 691 4043 ardorem
717 3971 919 4042 excludebat
943 3972 1109 4041 luxuriae.
1137 3972 1262 4042 Orabat
1289 3971 1418 4060 jugiter

147 4083 206 4152 pro
224 4061 328 4132 donis
351 4060 569 4143 coelestibus,
590 4062 794 4152 precabatur
813 4060 1056 4132 lleumdiebus
1076 4083 1115 4129 ac
1133 4061 1303 4142 noctibus„
1331 4059 1415 4128 illud

148 4173 184 4220 ex
200 4151 289 4221 libro
304 4151 368 4222 lob
386 4150 509 4220 crebro
533 4151 728 4221 revolvens:
755 4155 836 4242 Epo,
859 4150 982 4237 inquit,
1006 4151 1205 4252 deprecabor·
1227 4149 1415 4226 Dominam,

149 4251 177 4309 ct
201 4241 246 4312 ad
269 4245 374 4311 Deam
393 4261 521 4332 ponam
547 4243 714 4333 eloquiam
738 4263 875 4310 meum:
901 4241 963 4330 qai
982 4241 1065 4327 facet
1087 4261 1215 4328 moqno
1238 4247 1269 4307 ct
1293 4239 1420 4306 inccra-

34 4397 35 4422 ,
151 4331 278 4414 tadilio,
296 4341 329 4401 ct
352 4329 533 4400 mirabilia
545 4330 664 4423 absque
677 4353 827 4401 numero.
855 4331 921 4411 (lui
940 4328 1032 4418 ponit
1055 4328 1198 4398 humiles
1216 4329 1252 4396 c'n
1270 4325 1418 4404 sublimi,

173 4459 186 4484 ⁸
198 4459 286 4507 Iidem,
294 4457 416 4504 videlicet,
426 4456 450 4498 S.
463 4451 534 4504 nunti
544 4457 610 4500 valde
619 4459 750 4510 spectatam
762 4457 820 4498 tora.
