2954 4816
241 304 305 372 ³72
628 322 667 369 nn
691 321 719 370 s.
746 319 852 368 τηοιη
875 319 1032 370 arosrono
1305 301 1375 368 unt.
1394 301 1419 364 u

198 406 404 496 persuadere
421 406 506 496 (non
526 404 618 474 enim
635 405 812 496 oportebat
832 403 1024 484 infantiam,
1043 426 1131 496 quac
1156 417 1238 474 tunc
1261 417 1337 483 erat,
1350 403 1425 473 disei-

199 497 374 586 pulorum,
394 493 493 564 morti
509 515 608 584 opem
627 493 714 563 serre
730 492 895 564 adversus
911 498 1088 574 Lazarum,
1107 515 1217 579 neque
1237 492 1426 582 impedimen·

199 598 271 654 tum
297 583 508 654 liberationis
523 603 563 651 ex
588 581 767 670 sepulcris,
795 581 933 651 illorum
950 583 1045 651 cerni
1062 581 1306 670 timiditatem),
1322 593 1427 649 metuet

198 671 368 742 desiderio
384 671 557 741 distractis
572 691 691 740 eorum
708 671 847 752 animis,
870 671 1155 740 convertebantur
1168 670 1212 740 ad
1228 670 1332 740 animi
1346 667 1426 757 aegri-

199 759 365 830 tudinem.
382 758 445 829 Sed
460 759 607 828 Thomas
626 771 781 849 prompte
797 771 829 827 et
845 759 1003 828 alacriter
1023 759 1158 828 solvens
1177 759 1340 849 Apostolis
1354 755 1418 826 mole

199 850 312 920 stiam:
324 853 447 918 Eamus
463 857 495 916 ct
510 870 579 928 nos,
595 847 717 934 inquit,
733 857 766 916 ct
777 849 963 916 moriamur
978 871 1052 916 cum
1071 849 1142 938 ipso
1157 847 1223 937 (Jo.
1240 845 1426 936 musteum

197 937 316 1024 quavis
341 937 407 1004 vita
433 935 564 1016 melior,
582 957 671 1023 quae
694 957 774 1005 cum
802 936 944 1005 Domino
968 936 1157 1026 accipitur,
1187 937 1323 1006 occisio.
1353 937 1427 1018 ltqur

199 1025 282 1095 haec
294 1023 433 1126 quidem
449 1024 498 1094 sic
512 1046 547 1094 se
571 1023 755 1108 habebant;
770 1036 802 1092 et
815 1024 1049 1114 Apostolorum
1064 1025 1199 1094 animos
1219 1023 1379 1094 detinebat
1390 1020 1428 1088 ad·

198 1115 346 1192 miratio,
365 1113 553 1202 cogitantes
567 1111 798 1202 condiscipuli
810 1111 990 1182 audaciam
1008 1112 1051 1182 ad
1070 1125 1213 1182 mortem
1232 1109 1425 1184 subeundam

238 1203 324 1357 ῗιί.
353 1199 416 1271 Sed
440 1223 520 1270 cum
546 1205 632 1270 Crux
657 1201 723 1270 fixa
755 1200 885 1282 luisset,
917 1213 950 1271 ct
985 1223 1077 1271 mors
1106 1213 1196 1270 esset
1225 1222 1390 1291 suspensa,
1408 1209 1428 1264 ct

199 1289 233 1358 in
251 1310 357 1359 ernus
382 1289 572 1359 traheretur
604 1290 778 1378 captivus,
811 1300 843 1358 et
869 1301 998 1359 mutata
1031 1303 1120 1360 esset
1151 1289 1205 1359 lex
1239 1288 1392 1382 sepulcri,
1410 1297 1430 1352 et

197 1399 290 1447 mors
306 1377 429 1448 Christi
445 1377 563 1448 effecta
587 1389 675 1447 esset
693 1399 784 1446 mors
802 1378 931 1458 mortis,
951 1399 1097 1468 surgens
1121 1381 1277 1448 Salvator
1301 1389 1367 1468 post
1382 1394 1429 1442 ere

198 1478 251 1536 cta
275 1466 367 1556 apud
387 1465 512 1536 inferos
528 1465 693 1536 adversus
719 1478 860 1535 mortem
887 1466 1059 1555 trophaea,
1079 1479 1223 1556 apparet
1250 1467 1321 1536 suis
1342 1461 1430 1533 amicis

200 1553 398 1656 lugentibus
429 1567 461 1624 et
485 1555 658 1634 uentibus,
686 1555 720 1622 in
746 1553 811 1623 hoo
833 1575 969 1642 quoque
999 1554 1102 1624 hdem
1127 1554 1259 1625 faciens
1283 1553 1429 1623 victoriae:

197 1663 256 1730 qur
283 1664 396 1713 rerum
429 1656 517 1712 recte
552 1659 725 1734 gestarum
763 1642 839 1714 illos
870 1642 1000 1714 iaciens
1032 1655 1259 1734 spectatores,
1293 1651 1430 1712 certener

199 1730 314 1820 ipsum
339 1731 478 1819 quidem
508 1731 664 1822 permisit
686 1752 761 1800 esse
789 1743 958 1820 expertem
985 1733 1174 1822 primorum
1204 1730 1429 1802 miraculorum.

198 1823 236 1888 ln
261 1820 411 1907 quadam
428 1819 638 1890 domuncula
661 1818 747 1888 disci
778 1819 853 1890 ulos
876 1820 911 1888 in
929 1832 1062 1890 arctum
1087 1834 1169 1890 tunc
1191 1833 1304 1891 metus
1325 1815 1431 1907 cogebat

197 1907 421 1979 ludaeorum:
439 1929 509 2066 guo
525 1907 663 1996 quidem
689 1907 724 1976 in
749 1841 835 1989 hoo,
860 1909 1051 1997 periculum
1075 1909 1323 1998 praevidentes,
1349 1923 1430 1975 mane-

198 1996 291 2066 bant.
319 2001 357 2066 ln
384 2018 437 2067 me
465 1998 535 2066 ium
560 2017 641 2087 ergo
664 2017 781 2066 eorum
810 1995 988 2066 latentium
1013 1996 1144 2066 accedit
1167 2003 1291 2078 lesus,
1313 2017 1372 2066 non
1393 2012 1429 2088 vu·

197 2106 271 2155 cem
291 2087 450 2156 emittens
468 2097 650 2242 anteguam
669 2083 914 2173 adspiceretur,
937 2107 1004 2156 non
1022 2085 1217 2175 pulsatione
1239 2087 1316 2156 ostii
1340 2080 1430 2153 territa

197 2195 315 2244 eorum
340 2173 487 2243 animis:
510 2195 545 2242 se
595 2172 709 2262 pedes,
728 2173 787 2260 qui
804 2195 862 2262 per
880 2195 972 2242 marc
989 2187 1070 2244 sunt
1090 2175 1251 2264 ingressi,
1271 2174 1361 2245 ostiis
1375 2189 1429 2256 quo·

197 2283 263 2352 que
289 2283 356 2332 non
380 2262 507 2350 apertis
526 2259 874 2416 intraruntffnegabat
897 2263 989 2332 enim
1007 2283 1089 2332 suas
1108 2261 1201 2353 leges
1227 2277 1346 2334 natura
1363 2261 1428 2346 jussa

198 2349 404 2438 abomioo);
430 2349 544 2437 etqui
574 2351 691 2419 omnia
728 2363 850 2431 ecerat,
870 2351 905 2418 in
936 2372 1038 2421 sunm
1071 2350 1240 2440 templum
1277 2347 1430 2440 ingreditur
1462 2365 1463 2374 ¹

198 2437 326 2508 clausis
350 2437 467 2518 ostiis;
494 2451 526 2508 et
549 2438 609 2528 qui
636 2459 695 2528 per
719 2437 853 2528 lignum
881 2451 1021 2508 mortem
1054 2440 1234 2528 contrivit,
1272 2461 1358 2508 nunc
1386 2435 1428 2500 viffl

198 2526 295 2596 affert
312 2527 377 2617 ipsi
403 2526 488 2616 ligni
513 2539 667 2596 naturae.
689 2527 786 2595 Venit
808 2547 889 2628 ergo
914 2527 1066 2596 christus
1091 2529 1125 2596 in
1152 2529 1307 2598 medium
1330 2541 1429 2616 eorum.

199 2615 365 2686 miraculo
383 2615 557 2704 ingressus
581 2614 792 2684 confirmans
816 2615 1021 2685 miraculum
1054 2617 1325 2688 resurrectionis.
1353 2619 1384 2682 Et
1401 2626 1431 2676 stt

198 2702 337 2790 quidem
363 2702 527 2793 discipuli
555 2703 638 2792 ipsis
661 2702 772 2772 oculis
795 2703 882 2793 ejus,
909 2725 1011 2790 quem
1036 2703 1291 2786 desiderabant,
1316 2703 1430 2772 hoctun

198 2792 436 2880 percipientes,
464 2791 591 2861 laetitia
614 2789 862 2862 alliciebantur.
890 2791 989 2862 Solus
1013 2806 1125 2862 autem
1143 2795 1293 2864 Thomas
1315 2787 1431 2862 abluta
1460 2805 1461 2876 ζ

197 2879 413 2968 spectaculo:
440 2882 500 2967 qui
524 2879 639 2949 divino
663 2880 825 2968 quodam,
850 2892 887 2950 ut
903 2880 1048 2960 videtur,
1069 2881 1215 2951 consilio
1235 2904 1300 2953 non
1325 2878 1429 2950 aderat.
1460 2885 1461 2971 ζ

198 2981 235 3036 ut
258 2988 337 3037 cum
364 2967 569 3042 miraculum
597 2969 706 3058 magis
728 2969 968 3050 examinasset,
998 2983 1085 3040 esset
1109 2969 1318 3059 praeclarior
1341 2978 1430 3056 praeco

198 3057 471 3127 resurrectionis.
498 3056 562 3126 Sed
590 3056 741 3126 Salvator
756 3056 896 3142 quidem
921 3079 1001 3126 cum
1026 3058 1080 3126 sui
1106 3059 1303 3148 spectaculo
1335 3057 1430 3147 impet·
1459 3053 1460 3062 ’

199 3144 306 3216 tiisset
326 3144 512 3235 Apostolos
541 3145 679 3214 recessit
701 3146 869 3235 protinus,
901 3145 1134 3236 perfectiorem
1167 3143 1460 3236 contemplatione

197 3233 362 3304 visionem
388 3235 536 3302 Thomac
559 3234 682 3314 amico,
700 3245 738 3302 ut
754 3232 899 3316 videtur,
923 3255 1110 3304 reservans.

241 3325 325 3410 95.
352 3326 434 3392 Cum
456 3337 570 3392 autem
597 3343 751 3392 reversus
774 3335 862 3392 esset
885 3323 1044 3404 Thomas,
1076 3335 1108 3392 et
1139 3325 1286 3394 venisset
1309 3323 1340 3390 in
1363 3331 1429 3386 met·

198 3423 264 3480 tem
289 3409 472 3500 discipulis
487 3411 517 3480 ei
535 3410 668 3480 dicere:
691 3411 838 3480 Vidimus
856 3413 1041 3492 Dominum,
1068 3412 1126 3480 ille
1152 3427 1289 3502 propter
1305 3410 1345 3488 id,
1363 3395 1428 3494 qutd

197 3499 368 3580 audiebat,
390 3499 516 3569 laetitial
537 3499 690 3580 allectus,
709 3498 800 3586 quod
820 3499 893 3569 heri
910 3499 1137 3581 desiderabat,
1158 3501 1222 3571 hoc
1247 3502 1361 3571 lartum
1378 3504 1429 3586 etse

197 3587 353 3668 audiens,
373 3609 440 3657 non
459 3586 628 3657 credebat.
652 3587 766 3657 Solent
788 3588 880 3656 enirn
906 3588 1055 3678 ingentis
1076 3589 1222 3659 laetitiae
1238 3591 1429 3675 exsuperato

197 3697 269 3756 nes,
296 3697 370 3745 esse
396 3676 560 3745 tardiores
590 3675 631 3745 ad
657 3697 695 3746 ea
728 3675 918 3756 credenda,
953 3698 1040 3764 quae
1072 3677 1249 3748 dicuntur.
1284 3664 1428 3758 uiseipuls

197 3766 323 3854 igitur:
348 3767 431 3845 Nisi,
455 3764 578 3856 inquit,
596 3766 710 3834 videro
730 3766 765 3833 air
781 3767 934 3834 munibus
957 3767 1030 3855 ejas
1047 3769 1200 3855 fimurcm
1229 3772 1390 3837 clavorum,
1407 3756 1426 3816 et

197 3855 330 3923 mittam
354 3855 498 3943 dt'pitum
513 3856 673 3922 cucumin
691 3857 798 3922 locum
815 3855 998 3935 clavorum,
1015 3865 1047 3924 et
1063 3857 1195 3925 millam
1205 3874 1335 3925 monum
1345 3858 1423 3937 meld

197 3943 232 4011 r'n
252 3945 342 4012 lutus
372 3943 456 4032 ejus,
483 3965 548 4012 non
576 3942 709 4012 credam
740 3943 866 4030 (loon.
894 3942 969 4031 xx).
996 3942 1042 4011 Ad
1069 3943 1152 4013 haec
1181 3943 1264 4014 sorte
1286 3927 1423 4030 lpostoltf

200 4030 324 4113 «Quid
342 4030 408 4100 sibi
436 4029 519 4112 vult,
551 4051 571 4099 o
600 4030 740 4110 Thoma,
767 4051 878 4099 sermo
903 4031 1181 4102 incredulitatis?
1209 4034 1243 4102 Si
1268 4051 1326 4100 non
1346 4013 1424 4110 credtl

99 4197 101 4204 y
199 4119 417 4208 discipulus,
447 4117 618 4208 quomodo
644 4117 852 4188 crediderint
881 4118 1027 4188 ludaei?
1057 4120 1091 4189 Si
1115 4121 1291 4210 Apostolus
1313 4127 1341 4183 ct
1361 4123 1423 4196 ants,

198 4227 259 4275 cus
289 4229 355 4277 nou
384 4206 539 4296 ¹admittit
573 4207 876 4288 resurrectionem,
909 4207 1081 4295 quomodo
1113 4231 1189 4278 eam
1215 4199 1389 4279 admiserint
1407 4207 1422 4253 ¹¹

198 4295 258 4382 qui
283 4297 378 4366 cruci
405 4293 610 4364 affixerunt?
633 4296 698 4378 Qui
729 4295 877 4364 Thomae
910 4319 977 4365 non
1010 4312 1266 4386 persuaserunt,
1288 4275 1421 4382 qu0ffl0d⁰

200 4383 453 4473 reputabuntur
482 4383 578 4474 digni
602 4384 663 4471 qui
686 4383 951 4455 admittantura
975 4385 1159 4476 gentibus?
1181 4391 1250 4458 Non
1272 4399 1298 4455 te
1323 4369 1420 4469 pud⁰l⁸
