2946 4798
250 255 313 320 dil
560 273 599 320 uu
623 275 650 320 s.
679 271 801 321 rossan
826 274 876 320 ar.
903 273 941 320 ιτ
965 273 1116 320 uvsrvceu.
1311 251 1379 315 out.
1398 251 1426 312 ll

204 355 413 447 benignitate
431 343 563 425 Domini
583 357 690 427 nostri
717 363 802 426 lesu
829 356 970 426 Christi:
996 377 1076 426 cum
1101 377 1169 442 quo
1194 356 1281 425 Patri
1299 351 1382 422 simul
1400 373 1426 418 ac

204 446 345 535 Spiritui
360 450 484 546 Sancto
501 445 623 602 pluria,
644 447 841 535 imperium,
861 446 970 516 bonor
984 458 1017 515 et
1033 444 1196 523 adoratio,
1221 453 1349 512 nuncet
1364 461 1425 508 sen·

205 557 275 623 per,
302 547 334 604 et
357 556 391 603 m
417 555 535 604 secun
559 534 769 616 seculorum,
789 541 905 604 lmen.

532 839 669 906 SERHO
695 841 810 906 uuam
837 839 958 904 PETRI
984 839 1151 904 Dlttttttt

786 1071 900 1118 ratltts

244 1263 311 1338 oe
340 1259 703 1340 nxounnnnma
732 1261 769 1339 s.
801 1261 1014 1338 loannis
1042 1255 1407 1338 uvancumsvar

248 1510 328 1596 5¹·
356 1506 474 1588 Hodie,
508 1507 737 1588 dilectissimi,
770 1507 870 1578 nobis
899 1505 1047 1576 laetitiae
1079 1506 1208 1596 gaudia
1245 1505 1428 1597 geminantu.
1463 1551 1464 1584 q

203 1597 286 1684 quia
306 1596 433 1666 recenti
449 1595 563 1665 adbuc
587 1597 761 1666 nativitate
779 1595 968 1674 Dominica,
987 1594 1075 1664 beati
1095 1595 1241 1665 loannis
1259 1594 1389 1664 occurrit
1399 1610 1429 1656 so·

205 1685 366 1754 lemnitas
390 1684 551 1775 gloriosa.
583 1685 689 1756 Hodie
720 1684 918 1774 Discipulus
943 1705 1045 1771 quem
1074 1683 1244 1774 diligebat
1261 1689 1363 1758 lesus.
1379 1677 1430 1748 dile
1463 1729 1464 1746 r

204 1775 308 1844 ctoris
336 1775 391 1843 sui
415 1773 632 1864 amplexibus
662 1775 868 1864 stringitur,
895 1775 1055 1843 societate
1091 1771 1299 1862 perfruitur,
1324 1784 1352 1839 et
1374 1763 1428 1854 qucl
1463 1819 1464 1850 q

204 1864 345 1950 viderat,
364 1861 456 1950 quod
472 1863 638 1942 audierat,
654 1861 746 1950 quod
765 1863 929 1934 manibus
948 1873 1184 1932 attrectaverat
1201 1863 1245 1932 de
1261 1861 1355 1931 verbo
1369 1859 1426 1948 vilar.
1463 1905 1464 1940 q

201 1964 299 2022 tanto
318 1953 391 2040 jam
417 1951 597 2038 liquidius,
615 1964 744 2040 quanto
769 1951 958 2022 sublimius
982 1951 1250 2040 contemplatur.
1279 1949 1373 2020 llodie
1393 1965 1428 2040 sn·
1463 1991 1464 2030 3

205 2041 284 2112 licet
300 2040 360 2110 illa
378 2039 548 2110 mirabilis
565 2041 694 2132 aquila,
716 2061 821 2128 quam
846 2050 878 2110 et
897 2039 980 2110 olim
1001 2039 1153 2110 Ezechiel
1170 2041 1323 2110 eminere
1335 2047 1428 2129 coeunt
1463 2085 1464 2122 p

204 2142 353 2218 quatuor
369 2129 581 2200 animalibus
603 2129 698 2211 vidit,
716 2142 747 2199 et
772 2129 845 2220 ipse
868 2133 1020 2200 loannes
1044 2130 1171 2199 suimet
1193 2129 1251 2220 (ut
1274 2131 1320 2198 ita
1340 2127 1427 2212 loquat
1463 2165 1464 2202 t

206 2219 372 2310 propbeta
396 2215 518 2299 lactus,
536 2218 703 2290 volantem
730 2219 763 2286 in
792 2220 936 2308 mystica
960 2218 1091 2288 visione
1115 2219 1304 2308 conspexit,
1329 2214 1364 2284 ad
1386 2229 1428 2280 uu·
1463 2249 1464 2290 r

205 2330 280 2378 cam
307 2305 511 2397 Angelorum
532 2319 564 2377 et
589 2307 770 2377 bominum
798 2327 936 2386 escam,
965 2305 1089 2376 librata
1117 2309 1244 2396 pennis
1274 2301 1428 2376 sublimior
1463 2333 1464 2380 q

208 2397 420 2477 meritorum,
437 2393 581 2465 feliciter
596 2396 750 2466 evolavit.
771 2395 862 2466 Licet
879 2396 972 2464 enim
990 2394 1205 2484 ubicumque
1221 2395 1325 2467 luerit
1336 2404 1428 2480 corptt·
1463 2425 1464 2474 q

206 2484 278 2554 illic
302 2483 496 2554 necessario
519 2498 773 2575 congregentur
795 2496 828 2553 et
847 2483 1005 2585 aquilae;
1027 2485 1090 2554 istc
1120 2497 1237 2555 tamen
1267 2477 1431 2555 tantulam

206 2573 327 2644 liarius
348 2572 389 2642 ad
416 2573 503 2642 vitae
528 2573 709 2675 pabulum,
729 2573 962 2662 corruptionis
989 2572 1139 2644 vinculis
1160 2572 1235 2660 jam
1261 2572 1432 2656 solutusrr
1463 2639 1464 2642 ,

206 2663 307 2742 cedit,
327 2673 456 2749 quanto
475 2674 508 2731 et
532 2685 566 2731 m
591 2683 694 2732 carne
717 2662 832 2732 adbuc
859 2662 1002 2752 positus,
1030 2661 1065 2730 in
1091 2665 1207 2750 ipsum
1239 2660 1360 2732 aeterni
1379 2649 1433 2722 Solu
1463 2723 1464 2730 ,

87 2787 91 2797 ·
206 2752 336 2832 orbem,
356 2750 419 2819 boc
431 2764 482 2820 est
498 2751 532 2820 in
547 2749 684 2821 divinae
701 2751 915 2822 substantiae
926 2749 1129 2830 claritatem,
1146 2751 1264 2822 radios
1281 2745 1433 2840 purificata
1463 2797 1464 2806 ἶ

208 2839 332 2908 mentis
356 2839 478 2908 infixit.

250 2929 268 3014 ξ
294 2931 338 2998 ².
358 2931 383 2996 0
402 2949 506 3015 quam
529 2928 687 2998 miranda
712 2949 816 3018 super
832 2948 895 2996 nos
910 2926 1068 2998 coelestis
1087 2927 1225 2998 consilii
1247 2915 1433 3019 dispensatiol

207 3019 232 3085 D
256 3037 360 3104 quam
387 3015 559 3106 profunda
579 3016 715 3086 divinae
732 3017 921 3106 sapientiae
935 3028 987 3086 cst
1001 3015 1166 3086 altitudol
1186 3014 1361 3088 Descendit
1378 3014 1434 3078 Dru

207 3103 249 3174 ad
275 3104 463 3186 bominem,
483 3117 521 3175 ut
550 3105 719 3176 occultam
759 3103 960 3174 bominibus
991 3103 1194 3194 patefaceret
1233 3107 1389 3176 Deitatem.
1407 3085 1433 3158 ll

207 3195 380 3264 humanae
399 3195 617 3264 mortalitatis
632 3195 724 3264 exire
742 3193 907 3286 dignatus
924 3204 975 3264 est
992 3192 1185 3284 publicum,
1202 3207 1243 3265 ut
1259 3193 1351 3264 nobis
1365 3195 1434 3283 ualet
1463 3268 1464 3285 χ

208 3283 324 3352 nitatis
345 3304 428 3354 suae
448 3283 612 3353 revelaret
639 3305 817 3354 arcanum.
846 3281 907 3352 Sed
939 3285 968 3352 si
994 3304 1096 3364 mox,
1130 3282 1227 3353 utin
1259 3275 1434 3368 Evangelqt
1463 3335 1464 3344 a

206 3373 383 3442 doctrinae
406 3374 518 3460 coepit
543 3373 645 3442 verba
671 3393 917 3462 prorumpere,
951 3393 991 3441 ac
1020 3393 1128 3442 novae
1161 3372 1293 3462 gratiae
1316 3373 1434 3467 mpstem
1463 3369 1464 3462 p

207 3461 355 3532 rudibus
379 3459 494 3530 adbuc
525 3460 763 3552 imperitorum
791 3459 956 3530 cordibus
979 3461 1125 3550 aperire,
1148 3461 1263 3532 statim
1290 3459 1433 3545 divvnrtatt

206 3571 289 3619 suae
315 3549 479 3639 panderet
503 3562 771 3628 sacramentum,
790 3548 906 3638 cujus,
928 3569 1071 3636 quaeso,
1097 3547 1199 3620 lerret
1213 3549 1434 3624 audituscuvt

206 3645 361 3725 unqu'am
386 3649 523 3728 caperet
543 3637 763 3709 intellectus?
782 3642 864 3708 llam
890 3649 929 3707 ut
953 3636 995 3706 de
1018 3636 1197 3708 divinitate
1224 3658 1315 3708 nunc
1330 3641 1431 3728 umam·
1463 3687 1464 3728 3

206 3747 285 3795 cum
312 3729 478 3797 Dominus
494 3725 644 3798 diceret:
671 3729 758 3810 Ouio
779 3728 849 3796 ct'si
869 3727 1155 3798 manducaveritis
1170 3749 1305 3797 curnem
1318 3711 1432 3808 Filnlv
1463 3775 1464 3814 3

206 3816 318 3896 mt'nt's,
343 3827 374 3884 ct
403 3817 551 3886 biberitis
574 3819 647 3908 ejus
670 3818 881 3906 sanquinem,
906 3839 972 3886 nort
1000 3817 1162 3886 tacebitis
1184 3818 1291 3886 uitam
1312 3814 1342 3880 io
1363 3801 1431 3873 cdlv

206 3907 321 3996 etqui
349 3905 533 3974 manducat
551 3928 615 3986 me,
638 3907 707 3996 ipse
738 3906 827 3974 vivet
851 3915 992 3996 propter
1013 3927 1066 3974 me
1087 3906 1201 3994 (Joco.
1227 3905 1292 3993 vr);
1317 3901 1433 3995 pmltssl⁵
1463 3949 1464 3988 ;

205 3993 379 4083 aspernati
404 4005 485 4062 sunt
509 3995 666 4074 verbum,
686 4005 718 4062 et
734 3993 921 4063 exhoruere
945 3991 1117 4065 dicentes:
1139 3999 1251 4064 Durus
1269 4000 1313 4062 est
1334 3987 1431 4054 toso-

204 4106 280 4152 mo:
306 4084 381 4174 quis
398 4091 506 4184 polest
522 4104 598 4152 com
615 4082 754 4152 audire?
771 4082 899 4151 Deinde
919 4082 1096 4170 Scriptura
1116 4080 1312 4173 subjungit:
1331 4079 1377 4144 to
1394 4066 1431 4131 ill

206 4174 310 4268 molti
323 4172 565 4261 discopulorrtm
579 4171 740 4240 obierunt.
749 4179 850 4252 retro,
863 4183 895 4240 ct
904 4171 981 4271 jam
998 4193 1074 4240 cum
1091 4174 1151 4242 t'llo
1167 4193 1231 4242 non
1243 4157 1429 4255 ambutabunt:

209 4257 365 4328 videlicet
383 4281 450 4328 non
467 4258 509 4326 de
526 4259 638 4340 turba,
658 4279 724 4329 non
743 4258 889 4346 quilibet
909 4259 1072 4349 rmperiti,
1090 4261 1149 4330 sed
1168 4260 1233 4349 ipsi
1248 4257 1341 4326 etiam
1357 4247 1430 4314 duc·

210 4343 283 4431 puli
300 4348 528 4432 nequiverunt
546 4369 668 4438 capere
692 4349 834 4418 verbum
857 4347 1022 4439 mysterii.
1046 4348 1134 4432 Quid
1158 4369 1237 4438 ergo
1253 4344 1304 4414 isti
1320 4333 1430 4407 tacerel
