2932 4812
14 285 92 348 ΗΕΒ.
121 285 158 348 31
328 300 366 348 nn
390 303 420 349 s.
446 303 620 350 srrrasrnc
645 303 725 348 rari
749 303 786 350 ur
811 302 958 351 consess.
1174 287 1232 350 dot

11 385 88 455 dicit
113 386 239 456 etiam:
261 387 360 456 Sedes
388 397 448 455 tua
471 392 558 456 Deus
581 389 618 456 in
642 390 756 457 sectata
779 387 848 476 (Pr.
868 387 937 476 ii).
964 387 1133 456 Praedicit
1162 401 1280 458 autem

10 475 80 559 ejus
104 495 242 564 quoque
266 476 301 544 in
329 476 490 544 extremis
517 475 733 565 temporibus
756 476 1024 565 generationem,
1041 488 1180 566 propter
1204 500 1281 566 my-

10 565 151 633 sterium
174 575 351 654 susceptae
375 566 489 634 carnis
513 563 794 652 dispensationis.
822 564 1050 646 Quamobrem
1077 564 1278 654 subjungit:

9 654 114 720 Filius
142 675 232 722 meus
255 676 289 722 es
311 664 372 721 tu:
399 677 459 742 epo
490 653 586 723 bodie
609 655 715 742 penui
743 661 785 722 te.
813 658 875 722 Per
898 653 962 722 lroc
989 653 1143 740 quidem,
1166 657 1279 726 Filius

8 763 95 810 meus
110 763 146 809 er
162 751 208 820 tu,
229 742 393 830 temporis
409 755 579 830 expertem
605 752 638 810 et
655 754 810 829 quaeest
826 753 904 812 ante
920 743 1049 822 secula,
1072 743 1279 842 significans

9 829 272 917 generationem.
294 833 356 899 Per
381 831 444 899 hoc
467 843 594 910 autom,
613 835 683 920 Epo
704 831 800 899 bodie
823 833 929 921 penul
947 842 989 912 tc,
1017 829 1215 900 infertorem
1244 847 1277 903 et

8 939 77 986 eam
94 932 249 1005 quaeest
265 919 331 988 sub
349 931 512 1008 tempore.
530 923 600 988 Hoc
625 931 752 998 autem,
774 925 844 1009 Epo
868 921 965 988 bodie
988 923 1094 1010 penui
1108 931 1150 1002 te,
1172 921 1279 992 intro-

9 1007 148 1076 ductum
171 1021 221 1078 est
244 1030 265 1076 a
284 1007 462 1096 Propheta,
481 1007 681 1081 ostendente
702 1019 845 1096 patrem,
864 1029 940 1078 eam
961 1030 1098 1096 quoque
1112 1031 1202 1096 quae
1224 1009 1278 1078 in—

10 1096 210 1164 t'criuslacta
234 1109 285 1166 est
300 1097 567 1186 generationem,
591 1111 766 1183 tamquam
785 1097 961 1186 propriam
985 1097 1053 1167 sibi
1077 1099 1275 1181 attribuere,

16 1197 50 1249 ut
65 1205 148 1268 quae
170 1183 266 1254 illius
291 1185 463 1256 voluntate
479 1185 568 1254 lecta
587 1186 642 1255 sit.
1225 1224 1228 1230 ,

57 1273 167 1356 §m
183 1295 202 1340 «
220 1276 315 1356 Quod
332 1287 446 1344 autem
465 1287 576 1344 vestra
591 1273 768 1363 Scriptura
786 1273 935 1362 Spiritus
950 1295 1088 1362 quoque
1105 1276 1275 1352 meminit.

17 1357 97 1428 idem
119 1362 287 1451 Propheta
313 1363 416 1433 David
444 1375 597 1443 testatur,
617 1362 756 1432 dicens:
780 1364 880 1432 Verbo
899 1365 1030 1432 Domini
1046 1367 1131 1434 coeli
1147 1367 1279 1463 firmati

12 1460 90 1528 runt,
112 1462 142 1518 et
170 1453 293 1541 spiritu
319 1455 386 1521 oris
413 1455 485 1544 ejus
514 1454 621 1522 omnis
640 1454 748 1520 virtus
773 1473 887 1520 eorum
913 1451 982 1540 (Ps.
1012 1453 1080 1542 32).
1112 1457 1174 1522 Hic
1195 1473 1288 1544 ergo·

13 1538 107 1606 trium
132 1537 214 1609 l'acit
239 1541 459 1624 mentionem,
479 1541 598 1622 PatriS,
617 1541 773 1627 inquam,
791 1553 824 1609 et
847 1537 934 1619 Filii,
954 1562 1057 1626 quem
1080 1555 1175 1612 vocat
1195 1547 1276 1612 Ver-

11 1625 97 1706 bum,
121 1641 259 1719 propter
275 1651 461 1719 supernam
478 1630 746 1720 generationem,
764 1649 839 1698 eam
864 1628 1050 1699 ostendens
1070 1653 1145 1700 esse
1166 1631 1276 1721 impa-

13 1715 145 1798 tibilem,
168 1731 201 1787 et
229 1720 343 1789 Sancti
377 1719 535 1808 Spiritus.
564 1724 666 1788 Porro
693 1730 808 1788 autem
833 1715 916 1786 alibi
948 1740 1086 1806 quoque
1118 1721 1278 1790 meminit

14 1804 161 1890 Spiritus,
179 1809 344 1898 Spiritum
361 1819 456 1877 tuum
470 1811 643 1888 Sanctum,
658 1807 789 1888 dicens,
804 1829 846 1876 ne
862 1809 1001 1895 auferas
1018 1831 1040 1876 a
1053 1831 1106 1878 nte
1119 1811 1187 1887 (Ps.
1204 1809 1273 1896 50),

16 1896 48 1959 Et
76 1916 217 1966 rursus:
245 1901 313 1979 (too
330 1899 381 1966 ido
405 1921 428 1967 u
450 1898 582 1987 Spiritu
605 1907 661 1966 tuo
676 1899 692 1964 l
709 1901 777 1980 (Ps.
798 1895 895 1985 2138);
922 1895 981 1982 qui
1005 1909 1056 1966 est
1081 1897 1223 1977 scilicet,
1245 1911 1277 1966 et

17 1980 120 2069 implet
138 1985 313 2056 universa.
336 1991 374 2054 nt
394 2007 534 2056 rursus:
553 1988 692 2055 Emittes
706 1987 872 2076 Spiritum
897 1995 1004 2064 tuum,
1024 1995 1056 2054 et
1072 1987 1276 2054 creabuntur

14 2069 72 2154 (its.
91 2075 182 2158 toa).
208 2077 257 2143 dn
282 2096 351 2146 raon
373 2074 460 2157 ¹haec
484 2073 576 2144 dicta
600 2085 681 2142 sunt
707 2097 726 2144 a
753 2073 871 2143 divino
897 2073 1048 2143 bavidel
1071 2079 1142 2144 Non
1169 2079 1276 2146 Moses

17 2159 104 2228 etiam
118 2163 179 2248 qui
194 2167 301 2232 Deum
320 2163 414 2244 vidit,
433 2163 468 2231 in
490 2162 577 2232 libro
592 2164 733 2232 Genesis
753 2167 859 2232 iteum
887 2163 1073 2232 introducit
1090 2161 1272 2244 dicentem,

22 2250 182 2321 l'criumus
206 2252 371 2322 bominem
389 2253 434 2321 ud
457 2254 641 2342 imaginem
662 2261 693 2320 et
707 2251 965 2320 similitudinem
984 2253 1163 2321 nostrum?
1192 2255 1275 2320 Cum

22 2353 171 2432 undergo
195 2339 369 2410 disserens
393 2352 446 2410 est
469 2345 557 2410 Deus
583 2340 812 2419 introductus,
839 2340 868 2408 si
895 2361 962 2408 non
989 2340 1178 2410 dixerimus
1202 2362 1276 2410 esse

21 2421 219 2519 etiamnum
243 2450 313 2514 qua
338 2429 552 2515 loquebatur,
582 2433 788 2518 personam?
811 2433 881 2498 lion
910 2429 973 2497 hoe
997 2441 1111 2499 autern
1132 2431 1275 2499 omnino

20 2509 124 2585 duent
149 2519 326 2607 quispiam
352 2517 483 2588 dictum
509 2539 584 2588 esse
607 2518 650 2588 ad
675 2518 816 2588 virtutes
845 2516 1017 2588 coelestes.
1045 2516 1135 2587 lllud
1167 2518 1271 2599 enim,

19 2602 59 2668 ld
77 2605 254 2696 imaginent
282 2616 441 2686 nostram,
470 2629 537 2676 non
563 2607 720 2676 concedit
745 2606 810 2676 tale
835 2606 919 2692 quid
944 2607 1098 2695 cogitari.
1128 2609 1199 2676 Non
1225 2621 1275 2676 est

18 2691 97 2760 euim
119 2695 237 2764 eadem
265 2696 379 2784 imago
402 2707 436 2765 et
463 2694 656 2765 similitudo
689 2696 746 2764 Dei
781 2709 813 2764 et
842 2694 1073 2786 Angelorum:
1108 2697 1272 2782 quoniam

19 2797 74 2844 non
97 2795 144 2854 est
167 2784 287 2854 eadem
313 2797 446 2854 natura.
467 2785 665 2854 Necessario
680 2806 717 2853 er
742 2805 761 2853 ο
782 2785 950 2871 sequitur,
966 2785 1074 2854 alium
1090 2807 1165 2854 esse
1180 2807 1271 2864 eum,

17 2886 84 2964 cunr
106 2893 173 2957 quo
196 2872 398 2954 disserebat,
421 2884 461 2943 ut
483 2875 543 2960 qui
572 2874 616 2942 sit
639 2807 793 2958 ejusdem
819 2895 898 2942 cum
925 2873 984 2942 illo
1010 2886 1152 2944 naturae
1171 2886 1204 2943 et
1227 2871 1274 2944 si-

19 2956 219 3042 militudinis,
252 2960 317 3042 vel,
347 2975 402 3030 ut.
418 2963 528 3062 magis
553 2962 691 3062 proprie
714 2962 851 3042 dicam,
878 2962 1077 3032 identitatis.
1105 2963 1273 3046 Quisnam

19 3057 115 3115 autem
139 3049 168 3120 is
187 3050 377 3120 existimari
395 3064 513 3140 possit,
536 3051 604 3120 msi
629 3049 748 3130 Filius,
770 3050 830 3137 qui
848 3063 898 3119 est
916 3051 1071 3139 eiusdem
1090 3053 1270 3131 essentiae,
1371 3134 1374 3142 Ι

20 3130 128 3232 gloriae
143 3151 175 3208 et
192 3139 373 3230 potentiae,
392 3151 425 3208 et
445 3153 482 3210 ut
497 3139 602 3210 semel
619 3139 744 3220 dicam,
763 3139 878 3228 imago
895 3140 1004 3210 Patris
1022 3141 1274 3214 immutabitist

20 3223 170 3320 Quidnam
196 3250 278 3318 ergo
304 3229 381 3296 novi
406 3249 529 3298 sumus
548 3229 691 3318 opinati,
711 3227 772 3314 qui
791 3227 1011 3298 decernimus
1026 3250 1099 3299 esse
1124 3235 1269 3310 Patrem,

22 3305 126 3400 lilium
149 3329 182 3386 et
206 3317 401 3407 Spiritum?
429 3322 467 3386 Et
495 3318 525 3388 si
557 3316 745 3406 gentilibus
772 3315 855 3386 haec
879 3337 954 3388 esse
978 3317 1194 3387 incredibilia
1224 3318 1273 3386 vi-

22 3411 197 3476 deanturet
220 3406 351 3486 inania,
375 3428 443 3476 non
469 3418 691 3477 estuovum:
728 3406 892 3491 quoniam
930 3405 981 3476 illi
1015 3407 1141 3476 nostris
1174 3405 1273 3477 libris

24 3503 75 3585 nup
101 3507 178 3565 suut
200 3494 338 3564 imbuti.
369 3495 472 3564 Vobis
502 3507 616 3566 autern
642 3494 816 3582 quomodo
842 3494 924 3564 lraec
949 3507 1115 3584 putentur
1140 3495 1269 3577 inania,

24 3591 68 3654 lut
90 3579 281 3654 divinorum
305 3584 554 3674 Prophetarum
580 3605 679 3654 voees
710 3582 947 3654 meditamini:
974 3605 1121 3674 quorum
1153 3584 1273 3654 nullus

25 3671 138 3756 etqui
161 3672 203 3742 de
228 3677 403 3743 servatore
428 3695 495 3743 non
523 3673 829 3762 pronunciaverit?
855 3697 872 3740 o
1262 3724 1268 3738 ,

39 3759 73 3842 ,l
95 3763 159 3833 Μ.
177 3767 261 3832 Cum
287 3775 401 3832 autem
427 3763 567 3832 divinus
592 3776 688 3852 pater
719 3775 874 3852 pergeret
897 3761 1013 3832 adhue
1036 3762 1169 3844 dicere,
1198 3783 1273 3831 ora·

28 3847 129 3914 nonem
153 3850 410 3941 interrumpens
431 3856 630 3941 Imperator,
650 3851 735 3920 dicit
749 3851 902 3920 ludaeis:
922 3873 940 3916 <t
959 3851 1053 3921 Dicta
1067 3873 1156 3939 quae
1173 3850 1272 3919 nobis

30 3939 178 4076 proposuit
201 3939 379 4029 Scriptura
402 3952 434 4009 et
457 3941 671 4030 Episcopus,
701 3963 721 4010 o
744 3940 880 4020 ludaei,
907 3939 1011 4020 itane,
1040 3953 1078 4009 ut
1105 3939 1208 4018 dixit,
1235 3959 1272 4008 se

48 4015 130 4110 abent
150 4027 183 4096 in
203 4041 315 4099 vestra
337 4049 474 4116 quoque
495 4031 690 4119 scriptura?
705 4053 723 4096 n
741 4028 797 4098 Illi
821 4041 958 4098 autem:
978 4033 1063 4096 «lta
1078 4050 1114 4096 se
1130 4027 1268 4106 habent,

34 4097 170 4196 dixerunt,
192 4140 212 4186 ο
237 4122 438 4206 Imperator.
462 4142 480 4184 n
503 4157 548 4166 -
572 4123 706 4208 «drgo,
732 4117 837 4206 quod,
864 4117 989 4205 inquit,
1007 4117 1126 4186 attinet
1141 4113 1271 4214 adUTri·

36 4201 154 4282 rrrtrtem,
181 4205 267 4274 mihi
295 4205 458 4276 videmini
482 4207 586 4288 vinci,
606 4220 638 4276 et
661 4207 743 4276 dare
774 4206 943 4292 sylvestro
966 4203 1139 4276 calculum
1167 4217 1271 4273 victo·

7 4361 8 4364 ,
37 4292 305 4374 rlat-t--ullon,
321 4295 351 4363 si
365 4315 426 4366 nos
440 4316 578 4383 quoque
593 4295 636 4363 ad
654 4294 737 4365 haec
756 4295 998 4384 objecerimus,
1020 4315 1039 4360 0
1056 4291 1184 4382 optime
1202 4297 1271 4361 lm-

7 4419 9 4454 t
38 4379 155 4460 lerator,
180 4405 268 4472 quae
292 4383 523 4454 contradicere
540 4384 766 4474 potuerimus,
782 4405 856 4456 esse
868 4381 1085 4470 judicabitur
1103 4379 1272 4470 sylvester
