2954 4816
19 262 81 326 llll.
103 264 140 326 25
379 284 419 330 nn
443 283 471 329 s.
497 283 674 332 anastasia
696 283 842 330 ιιιιιιιιιιιι
1136 267 1194 332 tlt

18 363 150 452 perditus,
170 385 307 451 quaese
324 366 482 456 sperabat
505 365 690 446 lucturum,
714 365 787 455 ipse
812 366 909 456 prius
929 367 1021 453 juste
1044 388 1187 457 passus:
1213 379 1246 438 et

18 453 327 524 electuslnastasiae
348 455 549 526 conciliator
565 453 753 537 viduitatis,
798 475 862 525 uae
882 476 950 526 non
968 455 1099 526 luctum
1125 456 1244 526 allero·

18 541 65 621 bat,
85 541 136 611 sed
158 541 410 614 exultationem.
438 544 615 615 Anastasia
638 554 752 614 autem
774 477 923 616 itteram
950 566 971 614 a
994 543 1143 628 vinculo,
1169 556 1202 616 et
1225 568 1245 614 a

18 631 127 700 canibus
141 631 199 718 qui
212 654 287 702 eam
302 631 540 704 custodiebant
551 633 617 724 (sic
628 633 721 703 eninr
737 653 795 704 eos
809 633 967 704 convenit
982 631 1183 725 appellare),
1200 635 1242 704 ad

18 719 120 789 solitum
135 741 269 811 gregem
284 720 467 804 serebatur,
485 735 518 792 et
533 722 575 792 ad
596 732 758 794 consueta
778 721 913 812 pietatis
937 743 1085 813 pascua:
1110 737 1144 794 et
1168 745 1241 794 mo-

18 806 118 877 lestum
140 831 259 880 rursus
282 809 430 881 induens
449 811 619 892 habitum,
640 810 759 881 obibat
781 832 947 893 carceres,
966 823 999 882 et
1016 833 1070 882 ma
1097 833 1141 882 na
1160 834 1245 883 cura

18 918 39 964 ic
53 896 212 988 diligentia
235 919 303 969 non
322 899 433 969 solum
460 899 602 970 vulnera
625 921 665 970 ae
690 898 820 970 saniem
846 901 975 970 sanctis
995 923 1058 972 cur
1105 913 1155 972 at:
1183 901 1243 972 sed

18 983 39 1050 id
56 986 249 1075 propositum
263 1009 404 1078 -quoque
417 1001 589 1058 certamen
607 1009 664 1060 eos
682 986 855 1078 praeclare
870 989 1035 1060 incitabat
1050 1001 1084 1060 et
1100 1011 1244 1080 praepa·

18 1073 94 1178 abat.
115 1075 250 1158 Qualem
272 1097 349 1178 vero
363 1076 515 1148 fructum
533 1077 615 1148 binc
640 1077 818 1168 percipiat,
839 1077 1027 1150 declarabit
1045 1078 1122 1167 ejus
1140 1078 1240 1150 finis:

18 1183 92 1230 mem
112 1177 231 1246 aulem,
253 1176 373 1236 oratio.

44 1251 112 1335 lb.
132 1257 197 1323 Hoc
220 1266 373 1344 tempore
397 1255 526 1344 impius
549 1253 688 1344 quidem
715 1253 946 1325 Diocletianus
974 1253 1119 1346 degebat
1142 1257 1243 1343 lqui-

19 1339 85 1427 cjae.
99 1342 130 1411 lli
143 1364 219 1412 raro
238 1343 387 1414 aliorum
412 1343 552 1430 quidem
569 1363 653 1413 cura
672 1354 743 1413 erat
760 1343 945 1433 posterior:
963 1342 1028 1414 hoc
1052 1367 1130 1414 vero
1146 1366 1243 1435 prae·

18 1427 31 1494 l
53 1449 87 1497 ne
105 1443 168 1500 erat
181 1454 297 1514 curae,
311 1445 350 1502 ut
365 1431 484 1503 nullus
501 1431 714 1502 Christianus
733 1431 794 1521 qui
811 1432 948 1513 latebat,
968 1453 1048 1502 enm
1065 1433 1239 1524 effugeret.

18 1449 115 1588 lXenm
127 1543 202 1612 ergo
217 1520 370 1592 defertur
381 1522 425 1592 ab
440 1520 615 1602 omnibus,
636 1521 697 1609 qui
712 1525 840 1592 Romae
858 1531 966 1602 erant,
981 1522 1072 1623 quod
1092 1523 1243 1593 maxima

18 1605 158 1678 nultitudo
172 1610 458 1692 Christianorum,
479 1609 634 1698 conjecta
649 1611 684 1679 iu
701 1631 866 1692 carceres,
893 1621 926 1680 et
945 1607 1106 1699 plurimis
1123 1611 1243 1682 affecta

18 1694 166 1782 toppliciis,
185 1698 342 1770 nondum
361 1700 469 1790 potuit
484 1699 660 1771 dediscere
685 1699 855 1789 pietatem.
875 1703 1027 1782 Quorum
1052 1719 1127 1771 esse
1144 1722 1243 1790 prae-

18 1795 143 1868 :eptorem
165 1798 197 1856 et
221 1781 452 1860 indtitutorem
469 1789 740 1890 Chrysogonum,
765 1787 826 1876 qui
854 1787 1003 1858 babebat
1032 1809 1151 1858 omnes
1176 1789 1243 1860 sibi

18 1884 133 1944 carentes
154 1887 185 1946 ct
208 1877 398 1968 pendentes
424 1880 467 1950 ab
491 1879 566 1970 ejus
591 1877 722 1969 lingua.
749 1877 811 1948 Ille
840 1888 955 1948 autem
984 1875 1071 1950 alios
1099 1875 1240 1965 quidem

18 1977 102 2030 ιιιιιιει
118 1965 216 2050 iussit
239 1966 322 2036 dedi
345 1969 535 2048 tormentis,
561 1979 594 2036 et
616 1967 741 2038 deinde
764 1965 866 2036 etiam
892 1966 1006 2046 morti,
1033 1966 1063 2038 si
1082 1987 1150 2035 non
1168 1987 1242 2056 per·
1362 2029 1365 2036 .

18 2047 216 2140 traderentur3
243 2055 505 2146 Chrysogonum
530 2066 643 2124 autem
669 2055 781 2127 solum
812 2053 856 2126 ad
889 2055 1004 2144 ipsum
1038 2055 1149 2124 mitti:
1177 2054 1242 2125 lroo

18 2137 77 2219 tpud
92 2163 122 2210 se
141 2143 376 2225 considerans,
395 2142 487 2244 qnod
505 2143 535 2215 si
550 2143 652 2214 illum
672 2145 818 2225 vicisset,
844 2164 966 2214 omnes
985 2144 1143 2234 protinus
1166 2155 1241 2212 erat

18 2242 207 2312 tuperaturus.
240 2237 350 2319 Atque
381 2255 413 2302 er
445 2233 610 2320 quidem,
650 2254 731 2303 cum
765 2233 948 2304 duceretur
975 2233 1018 2302 ad
1052 2237 1241 2322 Imperato-

18 2333 76 2394 llffl,
94 2341 197 2392 comes
217 2320 284 2391 luit
312 2323 501 2403 Anastasia,
531 2321 685 2410 undique
708 2321 887 2393 conserens
915 2334 948 2392 et
971 2343 1178 2412 comparans
1202 2338 1243 2390 ar

18 2419 76 2484 tuac
94 2410 302 2496 pertinebant
325 2409 368 2479 ad
393 2409 585 2501 augendam
618 2411 727 2481 animi
752 2409 1048 2503 magnitudinem:
1075 2423 1107 2480 et
1129 2421 1243 2480 osten·

18 2487 71 2587 lens
95 2517 186 2568 sexus
216 2498 489 2569 imbecillitatem
516 2499 606 2570 vinci
638 2521 659 2570 a
691 2499 931 2590 magnitudine
964 2499 1073 2570 animi
1106 2513 1139 2570 et
1171 2499 1242 2590 spi-

18 2592 83 2650 lllllS.
557 2621 561 2628 ·

39 2669 109 2753 lb.
132 2678 312 2765 Postquam
339 2697 418 2748 vero
444 2690 523 2748 ante
551 2681 794 2768 Imperatorem
826 2677 957 2748 adstitit
982 2677 1239 2768 Chrysogonus,

19 2749 48 2822 lle
59 2761 180 2845 quidem
205 2765 322 2836 statim
349 2765 461 2852 verbis
485 2789 571 2838 usus
593 2777 645 2836 cst
669 2765 885 2836 mitioribus:
913 2765 1193 2846 «Persuadeare
1222 2787 1242 2834 o

18 2839 198 2943 {ltrysogooa
220 2854 350 2926 nostris
366 2855 532 2946 conjungi
550 2853 721 2944 partibus:
740 2868 774 2925 et
788 2853 856 2924 diis
874 2854 1017 2942 quidem
1032 2853 1239 2956 gratificari:

19 2929 49 3000 rbi
68 2952 168 3012 autem
190 2965 230 3014 aa
255 2965 346 3036 quac
369 2957 450 3014 sunt
468 2942 739 3033 jucundissima,
767 2942 937 3033 praeferre
962 2943 1181 3025 tristissimis,
1209 2955 1242 3014 et

18 3039 70 3104 pao
84 3043 155 3100 suot
169 3031 417 3113 conducibilia,
442 3031 586 3102 minime
608 3031 765 3103 utilibus.
788 3033 882 3103 Scias
901 3033 994 3102 enim
1011 3031 1094 3114 fore,
1113 3045 1152 3104 ut
1177 3032 1239 3103 tibi

18 3127 55 3178 ron
69 3116 165 3188 solum
190 3134 362 3193 tormenta
384 3122 611 3202 remittamus,
627 3134 660 3190 et
676 3120 765 3192 hanc
781 3121 1053 3211 pulcherrimam
1077 3122 1241 3193 omnibus

19 3205 259 3280 ocoodissimam
291 3209 403 3281 lucem
429 3211 639 3300 largiamur:
666 3209 725 3280 sed
758 3224 789 3281 tc
817 3211 919 3280 etiam
948 3210 1063 3282 statim
1093 3209 1238 3280 efficiam

18 3301 120 3377 bagnae
140 3299 236 3372 urbis
263 3303 392 3370 Romae
414 3298 637 3369 Praefectum.
654 3321 672 3366 ι
690 3298 752 3369 Ille
775 3311 971 3370 antemnae
994 3300 1241 3388 Imperatoriae

18 3386 146 3456 lotestatis
168 3387 427 3479 obstupefactus
444 3387 694 3478 magnitudine,
722 3409 832 3475 ireque
855 3387 1026 3458 donorum
1053 3387 1162 3458 llexus
1187 3388 1240 3457 in·

18 3469 75 3546 tenti
94 3473 269 3557 oblatione,
298 3477 404 3548 libere
427 3475 530 3546 dixit:
557 3481 661 3567 «Ego
685 3499 796 3548 unum
820 3475 933 3548 solum
958 3478 1038 3548 novi
1063 3481 1182 3557 Deum,
1208 3489 1242 3546 et

18 3565 65 3620 um
77 3561 202 3658 quidem
214 3564 338 3656 judico
361 3566 483 3654 quavis
497 3565 574 3635 luce
590 3567 803 3648 suaviorem;
821 3565 944 3654 quavis
968 3587 1047 3636 raro
1063 3565 1129 3636 vita
1149 3565 1240 3636 desi-

18 3631 228 3739 letabrliorem3
257 3655 421 3726 omnibus
445 3665 560 3725 autem
581 3655 737 3745 pecuniis
760 3655 1069 3743 quaestuosiorem.
1096 3658 1184 3724 llum
1208 3666 1241 3724 et

18 3741 96 3822 luna
111 3740 191 3822 colo,
215 3755 249 3814 et
270 3742 376 3815 labris
399 3743 575 3826 confiteor,
600 3755 634 3814 et
657 3743 820 3815 omnibus
840 3744 1037 3832 videntibus
1059 3741 1167 3813 adoro
1183 3763 1240 3835 ge·

18 3815 96 3890 nilus,
113 3831 250 3902 [lacrum
268 3844 383 3902 autem
400 3831 672 3916 multitudinem,
686 3847 718 3904 et
734 3831 882 3914 fabulas,
900 3845 933 3902 et
949 3832 1146 3914 daemones,
1164 3844 1241 3932 tan·

18 3909 63 3974 tm
81 3913 163 3988 abest
184 3931 221 3990 ut
251 3919 388 4002 colam,
415 3933 454 3992 ut
478 3922 542 3990 sim
566 3921 719 4010 ejusdem
751 3941 831 3992 cum
864 3926 1000 3992 Socrate
1026 3933 1237 4002 sententiae,

18 4005 129 4099 llltlere
148 4027 203 4080 eos
226 4009 347 4101 lugere
370 4030 432 4100 pro
457 4009 599 4090 viribus,
627 4011 742 4098 utqui
771 4010 841 4082 sint
864 4009 1044 4081 hominnm
1070 4009 1237 4101 deceptio,

19 4088 212 4168 lleomarum
233 4111 353 4188 aperta
372 4099 553 4189 pernicies.
573 4104 666 4183 Quae
689 4121 767 4170 vero
791 4121 811 4167 a
832 4109 863 4168 te
888 4098 973 4168 milri
999 4111 1240 4191 proponuntur

20 4181 118 4248 monera
139 4197 169 4255 ct
191 4187 350 4270 bonores,
376 4187 464 4258 nihil
490 4187 615 4269 melius
638 4189 766 4260 habere
789 4187 947 4270 arbitror,
974 4210 1079 4277 quarn
1105 4190 1239 4262 somnia

19 4261 40 4317 ll
55 4267 177 4354 notras,
196 4289 228 4346 et
243 4298 283 4347 ea
300 4276 401 4347 nihili
422 4276 522 4347 lacio.
544 4299 562 4344 ι

51 4345 105 4428 ll.
126 4365 189 4432 Non
206 4364 284 4437 tulit
298 4365 437 4438 dicendi
462 4366 652 4438 libertatem
677 4369 886 4456 Imperatore
910 4367 970 4438 sed
988 4365 1131 4458 perinde
1146 4389 1186 4438 ac
1202 4368 1236 4438 in
