3046 4838
84 321 147 385 ont.
170 321 179 384 Ι
444 343 488 388 nt
511 344 538 390 s.
559 344 658 392 antero
684 346 734 391 nr.
762 344 894 392 norton.
1219 329 1254 393 3t

75 423 194 512 jubebat
210 423 311 511 iisque
333 424 456 494 eodem
488 427 585 497 modo
610 429 781 508 serviens,
806 427 882 498 iilos
904 427 1158 500 humanissime
1176 430 1303 501 refove-

76 513 125 580 bat.
146 517 376 600 Nonnunquam
406 515 543 584 etiamsi
573 517 673 587 turba
706 515 857 618 plurima
895 520 1103 600 conflueret,
1143 518 1303 590 similiter

73 600 200 670 omnibus
217 601 365 671 faciebat.
384 607 424 673 ht
450 617 561 674 umen
586 605 733 696 singulis
756 606 880 678 diebus
905 619 1008 688 certo,
1035 605 1070 676 id
1091 619 1152 689 est,
1172 607 1301 678 duode-

71 690 153 769 nario,
175 711 307 760 numero
326 694 594 780 comprehensos
622 694 808 775 reficiebat,
837 697 910 785 ipse
931 696 1136 787 pierumque
1155 697 1302 768 cumeis

68 777 279 868 horacongrua
301 780 345 861 ad
370 803 477 851 unam
497 803 648 852 mensam
671 785 797 873 pariter
812 784 1009 867 convivans,
1037 785 1082 854 ita
1109 798 1235 867 tamen,
1260 799 1300 856 ut

68 867 141 954 prins
159 867 365 956 singularum
392 871 556 940 manibus
572 893 696 959 aquam
727 872 896 954 funderet,
923 875 1110 960 vinumque
1126 887 1159 943 et
1189 897 1297 964 panes

65 955 120 1024 suis
140 957 285 1026 manibus
300 959 490 1047 praeberet.
511 959 572 1029 Sed
588 960 672 1047 quid
691 961 744 1030 his
760 961 942 1031 narrandis
967 962 1099 1032 diutius
1117 962 1300 1032 immoror?

63 1043 196 1128 Equidem
218 1044 330 1128 fateor,
350 1069 532 1136 nunquam
560 1069 612 1118 me
637 1050 686 1120 sic
703 1049 829 1120 vidisse
859 1053 1065 1142 cujusquam
1092 1051 1206 1120 studia
1231 1051 1298 1120 fer-

64 1153 135 1201 rera:
158 1156 318 1222 nusquam
336 1157 405 1228 ego
421 1138 453 1205 in
469 1137 588 1207 Galliis
602 1138 772 1227 ejusmodi
792 1161 896 1240 opera
913 1141 961 1210 sio
981 1161 1189 1227 aquoquam
1215 1140 1299 1210 acti-

63 1223 109 1289 tari
123 1222 236 1292 audivi.
261 1229 374 1294 Potest
406 1226 747 1314 quilibetquodlibet
772 1233 829 1297 Der
848 1249 937 1316 opus
957 1229 1120 1318 arripere,
1149 1227 1207 1298 sed
1238 1240 1299 1299 aut

62 1310 110 1388 nr,
131 1323 182 1380 aut
203 1311 338 1382 difficite
365 1328 530 1405 perpetuo
546 1315 702 1384 retinere.
729 1316 792 1385 Hic
817 1337 893 1386 vero
918 1318 1010 1405 quod
1039 1316 1143 1386 semel
1171 1338 1296 1407 propo·

59 1399 119 1478 suit,
140 1415 290 1502 perpetuo
315 1404 480 1474 retinuit:
508 1403 598 1490 quod
632 1409 698 1474 Deo
719 1405 871 1494 primum
897 1407 1003 1486 vovit,
1038 1405 1144 1476 nuliis
1170 1406 1295 1475 mundi

58 1490 174 1644 nappis
194 1492 351 1581 impediri
367 1515 490 1583 passus
506 1506 573 1562 est:
589 1493 679 1580 quod
700 1493 796 1564 initio
821 1493 979 1585 arripuit,
999 1493 1164 1564 adfinem
1183 1516 1295 1582 usque

128 1590 197 1646 unt.

59 1595 108 1750 pe§
126 1669 163 1736 θ.
185 1671 278 1740 Porro
307 1681 427 1740 autem
455 1671 598 1759 pastoris
621 1693 704 1740 cura
722 1670 906 1752 sollicitus,
940 1671 1107 1740 lustrabat
1136 1671 1240 1741 urbes
1264 1682 1297 1741 et

60 1755 223 1844 municipia,
246 1759 523 1846 circumquaque
546 1759 611 1829 sibi
633 1762 829 1830 commissa.
852 1760 914 1830 Sed
940 1761 1166 1832 Fiandrenses
1193 1772 1296 1847 atque

60 1840 298 1938 tundovorpenses
316 1849 347 1929 ⁴⁸,
375 1848 532 1918 Frisones
555 1870 691 1935 quoque
705 1859 737 1916 et
754 1849 849 1918 Svevi
871 1849 916 1930 ⁸,
935 1861 967 1918 et
992 1849 1129 1919 barbari
1150 1851 1291 1942 quique,

61 1935 227 2005 nrcanaris
249 1935 370 2006 littora
394 1935 566 2025 degentes
586 1959 674 2024 quos
692 1937 782 2008 velut
801 1937 836 2006 in
862 1939 1022 2007 extremis
1039 1949 1198 2032 remotes,
1217 1937 1294 2007 nuf-

63 2012 108 2114 ius
123 2019 212 2092 adhuc
238 2024 512 2114 praedicationis
535 2047 669 2094 vomere
684 2038 850 2107 exararat,
868 2027 1049 2184 principio
1073 2047 1151 2096 eum
1177 2026 1294 2095 hostifi

66 2123 154 2176 anino
171 2125 195 2180 et
209 2135 331 2183 aversa
353 2125 467 2182 mente
483 2125 698 2201 exceperunt.
732 2119 867 2185 Postmo
893 2137 951 2184 um
978 2136 1075 2196 vero,
1103 2137 1192 2214 cum,
1209 2135 1295 2204 pau-

66 2187 136 2261 latin
157 2203 378 2300 pergratiam
405 2201 528 2271 Christi
550 2203 599 2270 eis
635 2203 774 2272 verbum
801 2205 858 2272 Dei
888 2203 1067 2274 insinuare
1098 2215 1289 2290 coepisset,

63 2301 123 2367 pars
142 2307 268 2360 narrma
302 2291 411 2360 trucis
443 2311 483 2358 ac
502 2291 637 2362 barbari
656 2291 792 2382 popuii,
821 2292 947 2362 relictis
970 2291 1093 2372 idolis,
1128 2311 1293 2362 conversa

60 2382 98 2438 ast
116 2373 264 2448 adrerum
289 2383 412 2460 Deum,
443 2391 476 2448 et
501 2379 631 2449 Christo
655 2380 817 2468 subjecta.
845 2381 967 2467 Sicquc
995 2381 1135 2450 demum
1165 2379 1292 2448 factum

60 2471 107 2538 tsi,
132 2475 161 2533 ut
176 2469 268 2554 quasi
297 2467 443 2537 coalitus
472 2465 585 2536 iumen
613 2481 800 2548 ostensum,
821 2482 880 2540 aut
901 2469 1019 2538 radius
1039 2467 1179 2555 quidam
1210 2466 1295 2537 solis

56 2567 214 2644 erumpam,
240 2569 350 2628 totam
384 2554 534 2646 regionis
566 2555 660 2626 iliius
693 2557 885 2626 barbariam
916 2556 1114 2627 illustraret.
1145 2562 1227 2626 Nam
1260 2567 1293 2625 et

55 2635 100 2717 rifi,
115 2642 250 2728 quicum
275 2647 391 2736 primo
405 2665 469 2713 ceu
493 2645 723 2716 ferocissimae
739 2645 867 2714 bestiae
886 2645 1080 2734 discerpere
1096 2647 1289 2735 cupierant,

55 2741 143 2812 postea
157 2735 367 2804 attendentes
387 2733 465 2821 ejus
489 2733 672 2804 bonitatem
693 2748 725 2804 et
749 2734 1069 2816 mansuetudinem,
1104 2735 1292 2804 imitatores

53 2815 107 2900 ejus
120 2817 182 2890 fieri
197 2823 397 2913 cupiebant.
425 2821 508 2904 Quis
532 2822 623 2892 enim
641 2823 686 2891 ita
702 2835 791 2892 esset
807 2823 1012 2901 obstinatus,
1039 2822 1100 2910 qui
1120 2823 1195 2913 ejus
1220 2843 1292 2891 mo-

53 2901 166 2978 destiam
193 2911 358 2992 intuens,
387 2931 456 2980 non
485 2910 662 2980 confestim
687 2911 892 2982 admirando
918 2913 1197 3002 obstupesceret?
1228 2915 1291 2981 hut

51 2995 109 3076 quis
130 3009 187 3069 tam
200 3021 383 3090 arrogans,
405 2998 463 3086 qui
483 2998 630 3070 sobriam
650 2999 726 3086 ejus
739 3001 841 3070 vitam
858 3001 1176 3092 consideransnon
1196 2999 1290 3069 iflico

51 3081 249 3169 adjustitiam
271 3110 347 3160 sese
369 3091 603 3158 converterat?
626 3089 803 3160 Crescebat
824 3089 989 3158 nimirum
1017 3090 1051 3158 in
1074 3110 1114 3158 eo
1137 3088 1290 3176 quotidie

50 3173 150 3258 opinio,
175 3178 310 3247 virtutis
337 3176 535 3267 pedisequa.
563 3177 758 3246 seminabat
777 3177 810 3245 in
836 3177 970 3267 piebem
995 3177 1098 3247 verba
1122 3178 1285 3258 veritatis,

51 3255 139 3357 fructu
160 3263 238 3334 fidei
259 3265 501 3348 redundantia,
523 3265 707 3336 sufficienti
724 3265 794 3334 saie
817 3267 966 3346 condita,
993 3278 1026 3335 et
1042 3265 1134 3334 velut
1155 3287 1289 3335 aroma-

50 3349 107 3420 ticis
126 3357 307 3445 unguentis
323 3354 449 3425 infusa.
477 3360 541 3424 Nec
564 3364 636 3423 erat
659 3365 816 3423 contenta
839 3353 914 3444 ejus
937 3354 1029 3424 fama
1051 3354 1289 3443 circumjectas

51 3434 196 3514 dumtaxat
219 3444 395 3513 iilustrare
426 3441 574 3512 Gallias:
606 3442 664 3511 sed
689 3457 819 3511 exteras
843 3444 944 3513 etiam
972 3443 1165 3532 provincias
1195 3463 1288 3510 com·

50 3525 151 3610 piabat,
188 3533 389 3602 meritorum
414 3531 488 3621 ejus
519 3532 628 3620 gratia
654 3545 905 3620 praecurrente.
939 3537 1032 3602 Inter
1062 3530 1286 3601 barbarorum

49 3615 115 3684 anim
129 3617 292 3700 fremitus,
315 3620 415 3707 quasi
431 3621 588 3709 egregius
609 3619 761 3710 signifer,
778 3621 931 3710 eorporis
947 3619 1131 3692 formidine
1157 3618 1284 3702 nudus,

51 3703 91 3768 sed
111 3707 181 3776 fidei
205 3707 335 3778 fervore
360 3709 512 3789 restitus,
539 3729 611 3779 sese
635 3709 822 3799 ingerebat,
850 3709 973 3780 Christi
996 3709 1162 3779 charitate
1191 3729 1288 3778 secu-

50 3807 105 3890 ros:
123 3795 405 3884 adversantesque
432 3797 497 3868 sibi
515 3797 646 3867 fortiter
668 3799 865 3887 superabat,
893 3820 958 3866 non
989 3798 1095 3869 lorica
1123 3819 1288 3888 corporea

51 3897 176 3974 amictus,
202 3887 261 3956 sed
277 3887 358 3956 ndei
387 3885 510 3956 virtute
542 3886 697 3958 indutus.
727 3891 751 3956 0
774 3888 908 3974 quoties
932 3887 975 3957 ob
1000 3887 1150 3958 veritatis
1179 3907 1288 3958 asser-

51 3977 157 4052 tionem,
181 3988 333 4062 paratam
366 3975 487 4044 hahuit
513 3989 668 4056 mortem;
694 3974 897 4062 fecissetque
921 3975 1004 4046 satis
1032 3977 1129 4055 votis,
1153 3976 1181 4043 si
1213 3997 1288 4043 sors

53 4055 151 4130 iniisset
167 4064 350 4152 temporist
379 4062 442 4132 Sed
469 4063 545 4133 ficet
567 4065 598 4132 ei
624 4064 709 4134 ratio
732 4065 895 4154 temporis
921 4085 987 4133 non
1019 4064 1163 4154 potuerit
1189 4085 1288 4152 prae·
1331 4095 1336 4102 ·

53 4155 114 4215 stare
129 4153 340 4243 martyrium,
369 4153 513 4242 gloriam
541 4166 652 4223 tamen
683 4155 936 4242 martyrisnon
963 4153 1094 4221 amisit:
1131 4151 1287 4239 quando-

53 4235 154 4314 ‘hidem
169 4264 230 4332 pro
245 4265 307 4336 spe
324 4241 534 4313 aeternitatis
545 4241 675 4332 jugiter
689 4241 867 4312 laboravit.
884 4239 980 4324 Quod
995 4241 1024 4310 si
1040 4241 1070 4310 ei
1085 4240 1288 4310 Neronianis

72 4398 161 4470 :Iacobo
170 4405 276 4464 intelligo¹
285 4403 350 4446 tllins
363 4405 582 4467 provinciamque
590 4405 677 4446 Anam
687 4401 806 4453 (flandrica
816 4401 955 4454 Antwomen)
965 4403 1001 4444 esi
1012 4402 1155 4453 meir⁰901¹⁸·

83 4453 90 4471 ¹
102 4458 186 4497 saxones
196 4457 234 4498 hic
244 4459 362 4508 intelligo.
