2972 4826
48 285 107 348 titt.
127 285 143 348 7
290 303 329 350 ne
352 303 379 350 s
404 302 559 350 aunaosro
585 301 635 349 nr.
663 302 779 352 uanior.
817 304 855 350 ur
878 301 968 351 nocr.
1155 287 1220 352 203

47 387 174 457 crescebat
196 386 275 458 fides
291 387 456 458 Ecclesiae
472 387 673 469 catholicae,
701 388 872 460 intantum
897 389 1100 458 Arianorum
1119 387 1264 478 perlid'ra

46 477 229 546 minuebatur.
251 477 399 564 Denique
424 499 464 547 er
492 477 557 547 boc
587 489 740 568 tempore
769 475 881 546 sedari
909 477 1021 567 coepit
1045 479 1260 566 persecutio,

43 587 101 650 quae
115 565 252 635 lactinae
266 565 379 636 lurore
401 565 664 648 accendebatur,
691 577 730 635 ut
753 565 913 636 sacerdos
930 565 972 636 de
995 565 1139 636 ecclesia
1161 567 1265 656 pelle·

43 668 113 722 rctur.
136 659 249 724 Tamen
275 657 361 724 iutra
391 655 556 745 palatium
583 653 769 725 multitudo
796 655 999 725 Asianorum
1025 676 1104 724 cnm
1129 655 1264 726 lustina

41 744 190 825 constituta,
216 744 389 814 deridebat
414 759 541 814 tantam
569 745 625 813 Dei
650 745 821 834 gratiam,
851 765 955 832 qnam
983 743 1153 814 Ecclesiae
1180 765 1264 814 suae

40 832 181 902 catholicae
206 833 367 904 Dominus
388 839 489 904 lesus
514 834 646 902 meritis
670 838 856 921 Martyrum
879 853 1021 904 suorum
1043 833 1197 904 conferre
1213 834 1265 902 di·

37 935 126 1009 gratus
146 935 209 1004 est,
235 920 532 1008 venerabilemque
557 922 666 990 virum
688 922 905 992 ambrosium
929 922 1090 992 narrabat
1115 923 1263 1012 pecunia

36 1031 211 1099 conparasse
235 1011 410 1093 homines,
436 1011 497 1169 qui
514 1031 550 1079 se
568 1011 678 1080 vexari
696 1011 739 1080 ab
758 1011 950 1081 immundis
970 1012 1151 1102 spiritibus
1170 1031 1266 1080 men·

34 1098 153 1180 tirentur,
176 1112 275 1187 atque
299 1101 344 1170 ita
362 1103 406 1170 ab
420 1101 442 1169 il
461 1122 492 1182 o,
511 1100 601 1169 sicut
614 1111 646 1168 et
669 1121 689 1168 a
705 1101 928 1187 martyribus,
950 1122 985 1170 se
1003 1101 1153 1188 torqueri
1171 1099 1265 1170 dicc-

35 1201 97 1255 rent.
118 1188 169 1257 Sed
195 1189 257 1260 boc
280 1188 425 1279 judaico
448 1210 506 1259 ore
527 1187 756 1275 loquebantur
778 1189 916 1270 Ariani,
946 1211 1115 1279 suppares
1135 1188 1266 1272 scilicet

33 1297 131 1344 eorum.
146 1277 196 1347 llli
215 1279 307 1347 enim
326 1277 369 1348 de
390 1278 532 1348 Domino
546 1278 722 1348 dicebant:
741 1280 957 1361 (leonianam
977 1281 1158 1349 Beelzebub
1170 1281 1265 1370 pria-

33 1367 331 1452 cipedccmoniomm
362 1369 454 1458 ejicit
479 1367 657 1437 daemonic
679 1366 719 1447 *;
756 1367 810 1436 isti
845 1367 887 1436 de
914 1368 1120 1458 Martyribus
1146 1367 1195 1437 vel
1222 1367 1265 1436 de

32 1455 131 1522 ttomini
146 1457 315 1526 sacerdote
332 1455 573 1544 loquebantur,
589 1455 679 1542 quod
702 1476 767 1524 nou
787 1455 841 1524 Dei
857 1456 977 1546 gratia,
996 1477 1083 1543 quae
1100 1479 1158 1545 per
1171 1457 1265 1544 ipsos

29 1545 206 1628 operabatur,
232 1544 409 1614 immundi
428 1545 571 1634 spiritus
592 1544 812 1634 pellerentur,
832 1543 890 1613 sed
909 1549 1047 1633 accepta
1067 1546 1211 1634 pecunia
1229 1567 1265 1614 se

30 1634 145 1716 torqueri
168 1636 404 1704 mentirentur.
433 1633 634 1704 Clamabant
657 1635 748 1703 cnim
775 1633 983 1702 daemones:
1011 1634 1182 1703 «Scimus
1208 1656 1265 1704 vos

29 1722 196 1806 Martyres.»
219 1729 257 1792 Et
272 1723 389 1792 Ariani
408 1723 591 1793 dicebant:
620 1722 830 1794 «Nescimus
854 1743 928 1790 esse
953 1726 1037 1790 llart
1064 1743 1162 1792 res.»
1187 1727 1263 1792 Jam

29 1807 74 1876 lroc
86 1823 111 1877 et
126 1813 154 1878 in
171 1811 353 1902 Evangelio
370 1811 531 1902 legimus,
550 1811 610 1881 ubi
628 1811 788 1880 dixerunt
812 1811 995 1880 daemones
1012 1744 1059 1879 ai
1082 1812 1263 1880 Dominum

30 1893 133 1964 lesum:
156 1903 281 1970 Scimus
307 1911 340 1969 te
370 1903 453 1990 quio
475 1903 522 1969 sis
538 1903 704 1988 lleifilius
718 1900 764 1969 *ἦ
792 1903 830 1968 Et
848 1899 974 1968 Judaei
993 1899 1176 1968 dixerunt:
1203 1903 1266 1968 llic

32 1997 111 2054 antem
131 1991 210 2058 unde
224 1991 281 2070 cit,
312 1991 476 2058 nescimus
491 1989 556 2055 aaa·
584 1987 646 2058 Sed
676 2011 741 2058 non
769 1987 825 2058 hic
846 1988 1078 2058 testimonium
1097 1989 1266 2077 accipitur

34 2071 208 2160 daemonum,
228 2077 288 2148 sed
319 2077 498 2148 confessio.
527 2077 623 2146 Unde
647 2077 841 2149 miseriores
865 2078 979 2146 Ariani
1001 2075 1050 2146 vel
1068 2077 1201 2157 ludaei,
1228 2087 1267 2145 ut

34 2163 93 2242 quod
113 2166 313 2238 confitentur
328 2167 524 2247 daemones,
553 2165 602 2234 illi
622 2178 760 2258 negant.
784 2171 872 2235 [leus
889 2179 1013 2246 tamen,
1034 2166 1093 2253 qui
1119 2165 1264 2254 gratiam

36 2250 160 2324 Ecclesiae
186 2278 271 2326 suae
297 2277 427 2355 augere
450 2255 639 2337 consuevit,
669 2276 735 2324 uon
762 2276 886 2345 passus
910 2267 960 2324 est
976 2255 1038 2324 diu
1063 2253 1222 2323 insultari
1247 2275 1266 2320 a

38 2340 144 2424 perfidis,
160 2345 291 2414 sanctis
310 2366 396 2413 sure.

40 2429 124 2520 ¹ll.
140 2437 231 2505 Unus
258 2435 378 2520 itaque
402 2454 441 2501 ex
467 2433 541 2520 ipsa
568 2431 789 2502 multitudine
814 2432 928 2501 subito
955 2445 1112 2522 arreptus
1141 2431 1267 2521 spiritu

38 2521 180 2605 inmundo,
206 2523 364 2594 clamere
388 2521 510 2612 coepit,
537 2534 654 2609 optare
675 2542 710 2592 se
731 2521 776 2590 ita
796 2521 943 2608 torqueri
961 2542 1030 2602 eos,
1057 2533 1095 2591 ut
1111 2521 1183 2610 ipse
1201 2534 1266 2588 tor-

34 2604 167 2701 quebatur,
185 2615 245 2699 qui
270 2623 439 2702 negarent
462 2616 637 2699 Martyres,
658 2608 708 2678 vel
734 2609 791 2698 qui
815 2631 880 2680 non
907 2609 1085 2678 crederent
1104 2611 1137 2678 in
1157 2609 1267 2677 Trini-

31 2704 82 2762 tatis
98 2701 262 2782 unitatem,
293 2722 400 2786 quam
427 2700 525 2770 docet
548 2699 759 2770 ambrosius.
787 2703 825 2767 tt
848 2697 899 2767 illi
925 2698 988 2768 bac
1004 2719 1083 2768 voce
1107 2697 1264 2778 confusi,

28 2783 67 2863 titi
86 2792 217 2859 converti
243 2790 457 2869 debuerant,
484 2799 516 2857 et
535 2788 675 2879 dignam
703 2787 759 2856 tali
786 2786 1000 2857 consessione
1025 2809 1124 2878 agere
1150 2786 1267 2877 poeni·

28 2873 145 2958 tentiam,
165 2879 196 2947 in
217 2878 358 2969 piscina
374 2877 570 2948 demersum
590 2877 763 2946 bominem
788 2889 1006 2957 necaverunt,
1026 2876 1190 2965 perfidiae
1208 2876 1267 2945 lro-

28 2959 167 3036 nicidium
193 2968 397 3058 jungentes.
433 2965 576 3034 Deduxit
606 2966 697 3034 enim
730 2964 805 3034 illos
830 2965 870 3033 ad
903 2964 996 3034 bunc
1028 2965 1129 3034 linem
1161 2965 1267 3054 digna

26 3053 180 3145 necessitas.
200 3061 354 3127 Sanctus
372 3076 449 3124 vero
466 3055 667 3123 Ambrosius
685 3053 874 3143 Episcopus
896 3053 1035 3144 majoris
1061 3054 1268 3123 humilitatis

26 3155 60 3202 ur
71 3139 175 3223 lactus,
191 3145 359 3215 donatam
374 3144 439 3212 sibi
454 3167 472 3211 a
491 3143 634 3211 Domino
650 3143 794 3230 gratiam
812 3145 1005 3222 reservavit,
1025 3143 1268 3228 crescebatque

24 3229 141 3306 *quotidie
157 3233 221 3304 ilde
238 3249 272 3304 et
293 3254 412 3302 amore
427 3253 540 3302 coram
561 3235 673 3301 Decet
691 3229 902 3300 bominibus.

54 3317 115 3398 §E
141 3323 310 3392 Paridem
336 3335 471 3422 tempus
493 3332 565 3389 erat
584 3320 725 3408 quidam
753 3319 805 3386 vir
827 3318 870 3386 de
895 3319 1026 3389 haeresi
1048 3319 1264 3400 arianorum,

25 3407 179 3480 reminas
202 3412 355 3482 nimium
381 3410 595 3499 disputator,
622 3421 654 3478 et
678 3409 789 3477 durus
806 3405 1199 3494 atque-inconvertibilis
1224 3406 1266 3474 ad

27 3489 99 3584 tidem
121 3501 338 3570 catholicam.
368 3503 400 3569 ls
423 3497 631 3568 constitutus
655 3498 688 3566 in
713 3495 870 3576 ecclesia,
898 3508 1062 3566 tractante
1087 3495 1265 3584 Episcopo,

26 3577 83 3648 ulit
101 3585 148 3673 (ut
167 3589 237 3676 ipse
259 3586 482 3678 postmodum
501 3585 720 3674 loquebatur)
743 3583 906 3675 angelum
928 3585 969 3654 ad
989 3607 1089 3654 aures
1108 3585 1269 3675 Episcopi

27 3675 165 3760 tractantis
189 3677 402 3764 loquentem,
426 3687 463 3746 ut
480 3675 580 3744 verba
601 3674 715 3764 angeli
741 3673 868 3763 populo
886 3675 1075 3763 Episcopus
1101 3672 1268 3743 nunciare

28 3755 171 3832 oderetur.
197 3770 273 3847 Quo
294 3765 368 3833 viso
392 3785 596 3845 conversus,
624 3763 740 3843 fidem,
767 3785 871 3849 quam
897 3763 1128 3852 expugnabat,
1156 3761 1269 3851 coepit

29 3863 75 3938 etse
94 3849 278 3924 defendere.
310 3858 460 3922 Fuerunt
475 3853 576 3922 etiam
595 3851 664 3920 duo
681 3850 887 3922 cubicularii
906 3862 987 3920 tunc
1006 3852 1171 3940 temporis
1186 3854 1268 3920 Gra-

29 3937 84 4001 tani
98 3943 323 4030 imperatoris,
346 3941 390 4012 de
408 3941 537 4010 haeresi
555 3941 771 4022 lrianorum,
790 3940 851 4027 qui
863 3939 1081 4025 ¹tractandam
1101 3940 1268 4030 Episcopo

31 4027 220 4101 ltaestionem
241 4043 497 4122 proponerent:
524 4029 688 4117 adquam
714 4027 924 4097 audiendam
950 4028 1056 4098 altero
1073 4027 1131 4102 die
1149 4028 1190 4098 ad
1210 4029 1269 4098 ba-

34 4107 126 4183 elicam
154 4122 351 4190 Portianam
384 4139 504 4188 omnes
535 4139 571 4188 se
604 4118 771 4186 allaturos
801 4117 1039 4205 promiserant.
1067 4121 1146 4186 Erat
1174 4117 1265 4186 enim

35 4206 147 4276 quaestio
160 4208 199 4278 de
216 4209 464 4280 incarnatione
489 4207 634 4276 Domini.
654 4205 716 4276 Sed
735 4205 803 4274 alio
818 4204 874 4274 dic
892 4206 1078 4276 miserandi
1095 4205 1266 4289 homines,

51 4357 83 4396 'tr
98 4366 162 4410 aava,
177 4379 217 4411 11„
627 4371 653 4393 ἢ*
670 4369 695 4406 tn
712 4367 763 4407 Lae.
780 4376 812 4409 ιν.

53 4411 76 4433 ”¹
88 4417 108 4456 lt
121 4422 170 4460 Jcarr
193 4435 225 4466 ttt.
