2920 4810
223 304 285 369 63l
616 320 656 367 os
680 321 709 368 s.
735 319 1015 370 acumicorum
1270 285 1338 354 llll]-
1357 283 1381 346 ll

180 406 385 477 mulieribus
409 404 662 496 magnifacere
687 406 876 496 jejunium,
902 417 935 475 et
959 405 1105 488 timeret,
1131 425 1168 473 na
1186 402 1216 469 in
1244 415 1279 464 eo
1306 398 1384 490 eran·

180 508 312 566 mantes
336 495 453 566 omnia
475 496 656 580 contineri,
676 496 763 564 alias
789 497 931 565 virtutes
956 494 1173 586 negligerent,
1194 485 1270 590 tales
1295 499 1334 548 ers
1347 474 1385 576 ad·

178 584 310 657 ducens
321 583 578 664 similitudines,
598 583 639 654 ad
655 585 809 673 ipsarum
828 584 996 654 excitabat
1011 583 1174 654 studium.
1185 572 1380 666 bracbaten'm.

178 675 330 743 animam
356 673 495 762 quidem
519 693 594 742 esse
627 693 774 762 sponsae
798 673 970 754 similem;
996 693 1086 759 quae
1116 681 1189 742 sunt
1208 675 1309 736 autem
1329 673 1381 723 ctttt

181 765 292 851 ipsam
318 763 485 841 virtutes,
513 762 730 850 nuptialibus
754 761 969 832 indumentis
1006 775 1271 849 unamquamque
1291 759 1377 840 pttltl

179 852 330 940 aliquam
367 871 426 921 cor
451 850 521 921 oris
545 871 679 921 ornare.
705 851 884 939 Jejunium
911 871 990 920 vero
1022 873 1097 920 esse
1121 850 1231 940 pedum
1254 853 1377 912 ornanu-

180 956 265 1010 tum.
284 872 460 1024 Quommfo
476 961 559 1030 ergo
574 962 654 1010 cum
668 940 747 1008 aliis
764 940 980 1010 indumentis
995 951 1127 1030 oportet
1141 939 1228 1008 etiam
1244 954 1279 1001 ea
1293 925 1375 997 habat

179 1050 267 1116 quae
299 1028 403 1119 pedes
426 1041 562 1110 ornant,
589 1030 636 1097 ita
658 1029 762 1098 etiam
795 1029 933 1098 animae
963 1050 1042 1098 curn
1072 1028 1151 1098 aliis
1173 1026 1276 1098 adessa
1302 1021 1380 1109 oportet

175 1119 362 1208 jejunium.
385 1117 420 1186 Si
443 1118 522 1205 quis
546 1130 660 1187 autem
681 1140 802 1187 rursus
817 1118 894 1207 ejus
916 1115 1057 1205 quidem
1083 1117 1189 1188 solius
1209 1129 1311 1208 curam
1324 1113 1382 1195 gent

179 1205 247 1276 alia
270 1227 349 1276 vero
369 1208 487 1276 omnia
510 1205 665 1298 negligit,
693 1227 761 1276 non
787 1218 838 1275 est
861 1228 901 1276 oa
932 1207 1049 1276 anima
1072 1202 1251 1301 dissimilis,
1265 1195 1308 1300 illr
1325 1189 1384 1287 puel·

180 1295 243 1377 lae,
268 1315 357 1382 quae
380 1316 459 1365 cum
481 1293 665 1366 duceretur
688 1295 732 1363 ad
752 1295 904 1384 nuptias,
927 1309 960 1364 et
976 1294 1087 1365 solum
1115 1293 1211 1385 pedes
1227 1289 1286 1390 srbr
1300 1281 1386 1353 radus

180 1397 240 1466 set,
258 1383 390 1471 reliqua
406 1384 524 1454 omnia
541 1383 679 1471 reliquit
697 1385 856 1453 inornata
870 1399 903 1454 et
918 1384 1024 1453 nuda.
1049 1389 1092 1454 lle
1113 1383 1289 1454 obedientia
1303 1385 1383 1470 auten

178 1486 211 1543 et
226 1472 317 1560 quod
335 1485 488 1562 oporteat
504 1472 763 1564 magistratibus
777 1474 909 1562 parere,
932 1474 1016 1542 baec
1040 1494 1178 1562 quoque
1193 1466 1308 1560 adiecit.
1319 1465 1386 1554 dnm

180 1565 214 1631 in
240 1563 295 1644 its,
317 1583 406 1649 quae
429 1561 472 1630 ad
490 1562 592 1631 vitam
620 1561 834 1632 mundanam
861 1563 1043 1651 pertinent,
1067 1562 1133 1631 hoc
1155 1553 1296 1646 estquod
1312 1565 1383 1621 aman

180 1652 327 1720 maxime
350 1651 519 1720 continet:
539 1649 678 1741 etquod
704 1651 875 1739 imperare
905 1649 1044 1736 quidem
1072 1650 1153 1720 lacit
1181 1655 1384 1740 Imperatorem,

181 1741 299 1828 parere
322 1753 436 1809 autem
461 1760 554 1819 eum,
573 1739 633 1826 qui
656 1753 708 1808 est
730 1741 762 1808 ei
779 1740 965 1828 subjectus.
984 1744 1023 1808 Et
1046 1740 1076 1808 si
1101 1739 1166 1809 hoc
1190 1734 1385 1808 sustulcnsn

179 1827 295 1898 dinem
319 1849 458 1918 quoque
478 1827 660 1909 sustulisti,
687 1839 821 1898 etcum
848 1828 1051 1898 nominibus
1079 1829 1209 1899 scilicet
1238 1847 1282 1895 res
1303 1831 1386 1910 quoqu

179 1917 377 1987 confudisti.
394 1918 508 2004 Neque
531 1937 609 1986 vero
632 1917 664 1985 ei
687 1916 829 1986 deerant
852 1915 1008 2073 exempla
1025 1918 1075 1986 sic
1099 1916 1248 1986 dicenti:

223 2008 339 2094 ξπ.
364 2005 511 2076 Accessit
535 2004 722 2092 aliquando
754 2005 897 2092 quidam
926 2027 944 2076 a
994 2025 1160 2096 magnum
1187 2001 1340 2092 quemdam
1359 2013 1385 2062 se

181 2115 271 2176 nem,
297 2093 372 2182 ejus
395 2093 537 2164 studens
555 2095 629 2163 fieri
653 2094 860 2183 discipulus.
887 2099 920 2163 ls
936 2108 1051 2165 autem
1076 2093 1120 2164 ab
1140 2093 1238 2165 initio
1254 2085 1386 2162 ostendens.

179 2183 316 2271 qualem
342 2193 474 2273 oportet
488 2203 563 2252 esse
585 2183 813 2273 discipulum,
830 2183 937 2273 jussit
960 2205 1039 2252 eum
1062 2195 1224 2262 statuam,
1239 2199 1310 2268 quae
1326 2190 1387 2266 port

180 2273 302 2350 stabat,
320 2283 489 2359 quantum
507 2286 621 2361 posset
645 2273 835 2352 verberare,
854 2285 886 2342 et
914 2273 945 2341 ei
975 2271 1142 2341 insultare
1166 2271 1316 2342 calcibus.
1336 2269 1388 2332 last·

179 2382 285 2448 quam
309 2382 388 2430 vero
412 2360 527 2450 paruit
543 2360 755 2442 adolescens,
776 2361 997 2452 interrogavit
1021 2381 1134 2442 senex,
1162 2383 1206 2430 an
1230 2380 1306 2448 quae
1320 2351 1387 2445 pulsa·

180 2451 282 2519 batur
297 2461 330 2518 et
352 2448 508 2520 calcibus
532 2449 761 2539 impetebatur
780 2463 904 2531 statua,
932 2449 1178 2520 contradixerit
1201 2463 1259 2518 aut
1277 2465 1348 2546 aegre
1363 2453 1387 2506 ιι·

182 2539 269 2608 lerit.
292 2542 375 2608 Cum
401 2539 430 2609 is
455 2550 569 2607 autem
587 2537 738 2619 dixisset,
764 2539 851 2607 nibil
876 2537 1006 2608 lactum
1034 2538 1220 2626 ejusmodi,
1247 2539 1331 2627 jussit
1345 2547 1386 2622 ean

182 2649 304 2697 rursus
327 2639 567 2718 percuterem
592 2640 726 2717 praeter
749 2625 871 2718 plagas
895 2627 1093 2696 cameriam
1122 2628 1290 2698 incessere
1305 2616 1388 2714 malett-

181 2719 256 2786 ctis.
284 2721 467 2803 Postquam
484 2737 563 2785 vero
582 2729 632 2785 ter
646 2714 725 2785 lecit
744 2715 877 2797 eadem,
900 2727 1013 2786 statua
1032 2729 1146 2786 autem
1167 2728 1239 2785 erat
1262 2713 1345 2784 solun
1364 2725 1387 2772 ιι

181 2806 297 2874 anima
317 2816 350 2874 et
370 2817 476 2886 muta,
504 2819 586 2875 tunc
602 2825 716 2874 senex:
739 2805 808 2873 «Si
829 2803 982 2904 quidem,
999 2805 1123 2892 inquit,
1151 2815 1189 2874 tu
1212 2807 1388 2892 quoquepoto'

181 2895 299 2963 eadem
324 2893 505 2976 sustinere,
531 2905 564 2964 et
580 2891 666 2963 nihil
691 2892 937 2975 contradicere,
955 2893 1128 2981 quomodo
1154 2915 1217 2963 nec
1238 2893 1313 2962 haec
1329 2899 1387 2988 statut

182 2993 345 3072 perpetuo
370 2981 505 3070 probris
528 2981 648 3052 allecta
671 2996 704 3052 et
728 2981 961 3064 contumeliis,
988 2982 1129 3063 accede,
1155 2997 1190 3052 et
1213 2995 1317 3051 nostra
1333 2979 1387 3046 tra

183 3070 276 3159 plina
300 3069 413 3140 {ruere
428 3093 435 3137 :
453 3070 506 3139 sin
522 3071 650 3152 minue,
677 3092 720 3141 ne
741 3084 771 3140 te
788 3071 830 3140 ad
845 3083 998 3140 nostram
1015 3071 1173 3141 conferas
1188 3071 1388 3162 disciplinam

182 3159 245 3228 llla
270 3157 377 3230 multa
393 3158 566 3246 ejusmodi
583 3159 737 3230 oratione
755 3160 977 3248 percurrebat
993 3159 1086 3250 apud
1110 3161 1272 3250 virgines.
1293 3159 1387 3228 ldsan·

116 3327 120 3336 ,
182 3270 274 3318 mam
299 3261 425 3328 autem,
476 3269 514 3316 ar
534 3269 657 3320 omnes
682 3247 872 3336 pervadens
896 3248 1049 3332 virtutes,
1067 3261 1100 3316 et
1122 3262 1291 3342 quantum
1306 3251 1330 3318 in
1345 3259 1387 3312 ιιι·

181 3358 319 3426 quaque
341 3349 430 3406 esset
453 3269 543 3407 lueri
566 3337 771 3419 ostendens,
797 3351 830 3406 et
852 3350 1022 3425 quantum
1043 3337 1177 3418 damni,
1204 3337 1234 3408 si
1263 3339 1386 3430 pigrae

182 3440 257 3497 sent
280 3448 320 3496 ac
335 3425 506 3504 socordes,
532 3447 591 3495 eas
613 3427 767 3517 erigebat
789 3440 822 3495 et
844 3427 1014 3496 excitabat
1032 3427 1200 3508 oratione,
1218 3439 1251 3496 et
1270 3417 1387 3518 persuade

182 3516 251 3598 bat,
269 3530 308 3587 ut
330 3533 467 3586 omnem
494 3514 645 3585 laborem
671 3515 836 3584 audacter
858 3515 1025 3587 subirent.
1043 3515 1172 3586 Deinde
1194 3516 1305 3596 etiarn,
1320 3525 1343 3584 ιι
1358 3523 1386 3598 ιιι

182 3617 265 3686 erat,
290 3605 341 3674 eis
363 3625 500 3692 quoquc
523 3603 691 3693 templum
706 3603 876 3686 acdificat,
896 3604 931 3673 in
948 3627 1018 3692 quo
1032 3617 1174 3695 possent
1197 3604 1335 3674 divinum
1350 3616 1386 3688 pn·

181 3715 281 3786 agere
298 3694 541 3774 ministerium,
567 3691 632 3762 boc
657 3705 854 3763 sanctorum
875 3693 1033 3780 reliquiis
1055 3713 1276 3776 consecrans,
1304 3687 1386 3779 Pnplt

182 3799 247 3867 tae,
266 3783 422 3872 inquam,
441 3781 623 3852 Zachariae
636 3794 669 3852 ct
683 3782 849 3873 Stephani
866 3782 971 3873 primi
988 3782 1163 3872 martyris,
1179 3794 1215 3853 ct
1230 3780 1386 3872 quadram

181 3875 282 3944 etiam
309 3873 433 3942 Clrristi
449 3884 658 3962 martyrum.

224 3963 343 4051 §²ss
366 3960 458 4044 Quid
481 3960 556 4030 vult
578 3959 626 4045 id,
653 3958 744 4047 quod
778 3973 830 4032 est
858 3973 973 4050 postea
1001 3971 1255 4042 consecutum,
1283 3959 1386 4030 declarat

181 4052 316 4120 oratio?
339 4050 535 4140 Apenianus
551 4049 611 4136 qui
635 4049 746 4119 luerat
761 4049 836 4137 ejus
851 4048 991 4136 quidem
1009 4043 1203 4120 secundum
1218 4069 1336 4119 earnem
1347 4061 1387 4142 att·

178 4141 253 4227 jux,
288 4137 392 4209 frater
421 4150 536 4216 aratam
573 4137 764 4207 secundum
805 4137 989 4228 spiritum,
1014 4137 1059 4206 iis
1090 4159 1181 4225 quae
1206 4151 1283 4209 sunt
1307 4136 1386 4218 intrat

184 4226 323 4307 relictis,
346 4228 470 4318 migrat
486 4227 529 4296 ad
546 4247 692 4316 superas
707 4225 878 4318 regiones.
904 4226 968 4296 Illa
991 4239 1105 4296 antem
1129 4247 1232 4297 suum
1256 4218 1385 4315 quoqnalr

185 4333 262 4412 ιιειιι
282 4313 356 4400 jam
385 4338 491 4408 prope
521 4315 642 4388 adesse
664 4317 886 4400 existimans,
919 4316 1088 4404 majorum
1123 4319 1330 4388 certaminum
1346 4311 1384 4380 lin

184 4399 249 4471 srbr
274 4405 422 4492 sumpsit
453 4405 692 4487 occasionem,
730 4407 820 4476 intra
845 4405 1012 4496 templum
1051 4405 1194 4494 quidem
1231 4391 1382 4482 macerati
