2960 4824
281 271 344 336 308
525 289 569 336 m
583 289 639 356 ss.
665 285 853 346 nomano,
881 287 1040 337 auxnnrro
1063 285 1131 336 xre.
1158 288 1214 335 n.
1347 268 1424 333 llllC.
1449 273 1469 332 t:

232 375 421 531 dixlisscnt,
449 373 558 444 secuti
589 386 669 442 sunt
699 385 856 444 sanctum
886 372 1120 454 Eustratium,
1153 393 1233 440 cum
1263 393 1321 442 eos
1348 383 1465 442 tenerer

235 466 282 533 mi
300 464 373 533 ites.

277 555 365 638 Μ.
392 556 474 621 Cum
500 561 613 619 antem
638 550 773 630 cohors,
800 561 839 619 ut
862 561 1102 630 consueverat,
1130 549 1316 620 adstitisset
1338 561 1408 618 ante
1427 554 1469 618 lu·

233 641 357 722 dicem,
380 640 484 728 jussit
503 638 621 727 Lysias
641 638 818 730 sigillatim
844 637 971 708 adduci
995 637 1038 708 ad
1063 661 1167 709 suum
1188 637 1339 708 tribunal
1361 639 1469 724 eosqui

235 729 330 818 prins
346 728 482 798 lucrant
498 727 708 828 interrogati.
732 727 925 798 Eustratius
940 727 1027 797 dixit
1046 727 1383 798 commentariensis:
1397 751 1412 792 c
1426 727 1469 794 lit·

235 819 315 888 teris
334 816 564 907 imperatoriis
587 816 698 906 pridie
722 837 843 886 rursus
868 815 963 887 lectis
992 815 1027 886 in
1053 815 1203 906 judicio,
1229 837 1319 904 quae
1341 814 1469 884 decerm-

233 906 326 989 baot,
354 919 391 974 ut
415 927 535 975 omnes
558 904 620 990 qui
642 905 772 991 ubique
792 905 1055 975 inveniebantur
1078 903 1275 986 Christiani,
1302 904 1469 990 cujuscum-

231 1015 299 1080 que
323 1005 437 1066 essent
460 994 494 1062 di
523 993 651 1074 nitatis,
677 993 811 1083 judicio
835 1005 893 1064 tuo
922 993 1187 1081 subjicerentur,
1212 993 1405 1073 Auxentins,
1431 991 1469 1078 qui

232 1082 313 1152 olim
335 1082 474 1183 quidem
498 1017 564 1150 {uit
587 1084 713 1172 opibus
735 1095 769 1152 et
789 1082 856 1182 sita
872 1084 948 1150 acte
963 1082 1123 1173 insignis,
1142 1082 1319 1184 probatior
1340 1094 1440 1180 autem
1453 1091 1469 1178 et

233 1182 387 1240 ornatior
408 1193 449 1240 ex
472 1193 511 1240 ea
535 1191 623 1258 quae
647 1192 741 1240 nunc
770 1192 801 1240 er
826 1179 964 1240 inventa
998 1184 1050 1241 est
1078 1184 1306 1260 generositate
1337 1183 1369 1242 et
1392 1191 1469 1239 narni

232 1259 443 1340 fortitudine,
471 1271 509 1328 ut
535 1260 593 1346 qui
616 1259 659 1328 sit
683 1281 802 1329 servus
827 1258 950 1330 Christi
975 1261 1078 1349 Regis
1102 1259 1272 1342 coelestis,
1304 1259 1416 1350 paucis
1436 1257 1469 1326 h'o

232 1361 310 1417 ante
341 1348 464 1418 diebus
487 1349 651 1418 assistens
675 1351 709 1416 in
736 1349 800 1417 hoc
825 1346 1011 1430 tribunali,
1044 1350 1208 1438 transegit
1231 1363 1399 1420 certamen
1429 1347 1469 1414 in·

234 1436 461 1512 mortalitatis,
489 1449 596 1516 tuam,
618 1457 638 1506 o
661 1436 783 1518 ludex,
809 1457 959 1528 arguens
987 1436 1215 1525 impietatem,
1244 1439 1416 1509 verborum
1437 1455 1469 1502 sa

233 1525 404 1612 pientidet
417 1545 560 1614 operum
579 1525 777 1594 tolerantia:
797 1537 830 1594 et
847 1524 1011 1612 quoniam
1025 1527 1069 1594 ab
1087 1524 1146 1595 illo
1160 1525 1216 1596 die
1231 1548 1312 1597 eum
1331 1525 1469 1595 inclusum

232 1615 267 1682 in
290 1614 427 1704 publice
441 1613 596 1684 custodia
608 1613 745 1702 jussisti
758 1612 886 1684 adduci
903 1612 1004 1684 hodie
1019 1614 1290 1686 examinandum
1309 1637 1385 1685 curo
1402 1623 1469 1682 coetu

232 1702 387 1789 quicum
408 1725 447 1772 eo
463 1714 546 1782 crat,
568 1715 662 1772 stans
680 1723 813 1772 mecum
840 1723 960 1772 omnes
976 1701 1052 1771 lorti
1069 1715 1101 1772 et
1119 1703 1260 1774 robusto
1284 1704 1405 1778 animo,
1420 1715 1469 1769 toas

234 1791 413 1862 machinas
436 1813 524 1878 quac
547 1811 567 1859 a
592 1803 686 1880 patre
707 1805 764 1860 luo
780 1789 917 1860 diabolo
941 1803 1022 1860 sunt
1047 1791 1107 1862 tibi
1126 1806 1321 1883 suggestae,
1341 1791 1469 1861 dedecore

232 1879 387 1949 affecturi
410 1893 442 1949 et
464 1879 606 1949 omnino
622 1878 780 1948 deleturi.
808 1880 904 1950 »llis
927 1879 1055 1949 auditis
1080 1881 1207 1969 Lysias,
1238 1881 1329 1952 hanc
1349 1879 1469 1967 inopim-

233 1980 301 2038 tam
326 1969 389 2038 viri
413 1968 604 2038 admiratus
624 1967 828 2050 libertatem,
849 1979 882 2037 et
896 1967 1033 2038 caedem
1056 1970 1270 2058 spirantibus
1291 1969 1396 2042 oculis
1417 1983 1468 2032 ono

232 2056 391 2138 intuitus,
416 2079 457 2126 ex
481 2057 550 2126 imo
575 2070 708 2148 pectore
731 2068 764 2126 et
783 2056 950 2126 iracundo
966 2056 1041 2144 ejus
1060 2059 1177 2128 animo
1192 2060 1322 2132 emisso
1341 2053 1466 2144 suspirio.

233 2167 313 2214 voce
332 2146 481 2215 intonuit
505 2147 554 2216 sio
572 2144 713 2216 dicens:
740 2145 939 2215 «locrbius
964 2145 1069 2226 mihi,
1094 2169 1198 2233 quam
1225 2171 1273 2218 un
1303 2169 1378 2219 uam
1401 2155 1469 2214 anta*

231 2233 340 2303 extitit
364 2234 428 2304 hoc
447 2233 634 2324 judicium,
661 2245 693 2303 et
717 2238 840 2324 graeca
864 2233 975 2322 patria
998 2236 1194 2304 austeritate
1220 2169 1397 2326 repletum,
1419 2251 1467 2300 ors·

234 2336 303 2392 tore
329 2322 413 2391 mihi
438 2323 611 2412 proposito
641 2321 804 2392 scelerato
838 2321 902 2392 hoc
933 2323 1107 2393 carnifice.
1143 2324 1190 2393 lb
1215 2345 1256 2395 eo
1286 2346 1365 2416 ergo
1391 2329 1465 2390 stante

232 2409 381 2491 tollatur,
399 2432 469 2498 qua
486 2410 629 2482 indutus
645 2423 705 2491 est,
733 2409 833 2479 laena
850 2423 884 2480 et
899 2433 1003 2480 zona:
1025 2424 1111 2482 etex
1133 2412 1187 2484 his
1211 2415 1325 2504 signis
1348 2405 1465 2483 ostendat

232 2499 397 2569 omnibus
423 2520 459 2569 sc
484 2499 635 2570 alienum
662 2499 705 2568 ab
721 2521 760 2570 ea
784 2518 872 2587 quae
890 2499 932 2568 ad
953 2500 1067 2589 ipsum
1094 2501 1287 2590 pertinebat
1312 2505 1463 2582 hucusque.

235 2587 368 2658 militia.
396 2588 521 2658 Deinde
545 2588 662 2658 nudus
687 2609 839 2678 corpore,
870 2587 1081 2676 funibusque
1100 2592 1263 2681 expansis
1289 2591 1465 2680 manibusve

233 2677 401 2778 pedibus,
429 2677 527 2746 humi
551 2689 736 2758 extensus,
763 2690 882 2768 pergat
904 2679 1022 2764 exequi
1047 2699 1149 2760 eam,
1176 2702 1245 2766 qua
1273 2702 1310 2750 se
1337 2671 1467 2764 defendit

231 2787 444 2834 concionem.
472 2788 490 2832 a
1466 2793 1467 2812 ι

276 2855 295 2940 ξ
320 2855 357 2924 1.
387 2859 457 2923 lloc
476 2865 590 2922 autem
618 2852 707 2923 facto
736 2853 886 2924 maxima
909 2854 1092 2936 celeritate,
1114 2854 1200 2924 dixit
1216 2861 1289 2927 Dux
1305 2880 1312 2924 :
1326 2879 1343 2922 «
1357 2850 1464 2924 Nullat

234 2943 392 3022 Eustrati,
413 2941 550 3012 duceris
568 2941 775 3032 poenitentia
795 2941 838 3012 ob
859 2964 909 3024 ea,
932 2965 1020 3044 quae
1044 2965 1063 3012 a
1091 2956 1121 3013 te
1145 2959 1227 3014 suot
1247 2945 1396 3014 inchoato
1417 2955 1464 3026 ott·

233 3029 372 3110 niciose,
400 3043 449 3110 ut,
500 3030 666 3100 uaemihi
682 3031 771 3101 inest
787 3031 982 3112 clementia,
1004 3032 1150 3123 effugias
1173 3033 1404 3123 supplicium?
1423 3017 1466 3106 set

232 3118 398 3201 exordire,
424 3133 457 3188 el
475 3052 531 3188 dic
554 3130 633 3188 ante
650 3131 828 3200 tormenta,
848 3141 929 3190 cum
947 3135 1005 3191 tuo
1026 3121 1175 3204 nomine,
1197 3123 1340 3211 patriam
1364 3119 1466 3205 quoqut*

231 3229 319 3293 quae
343 3208 491 3279 tetulit:
517 3220 548 3277 et
572 3209 666 3296 aperi
695 3207 795 3278 nobis
815 3209 996 3278 novitatem
1018 3210 1104 3299 ejus,
1135 3211 1278 3296 quaein
1300 3226 1329 3279 te
1352 3205 1461 3276 latebat.

234 3295 420 3387 religionis.
448 3323 460 3362 ι
489 3296 576 3366 Dixit
600 3309 741 3367 sanctus
771 3297 989 3369 Eustratins:
1014 3303 1158 3369 «Natus
1183 3322 1260 3370 snm
1288 3300 1320 3369 in
1337 3285 1462 3385 oppidulo

230 3391 485 3455 Araocenorum
504 3441 511 3468 ,
543 3387 681 3455 nomine
700 3387 918 3469 Eustratius,
945 3388 1151 3476 cognomine
1175 3389 1339 3479 Cyrisices
1358 3391 1465 3474 patema

231 3495 401 3544 sermone.
430 3479 511 3543 Sum
529 3487 643 3544 autem
672 3495 792 3546 servus
819 3475 888 3557 Dei,
916 3475 1048 3546 Domini
1076 3477 1337 3556 universorum,
1364 3465 1461 3560 etado·

232 3562 331 3635 randi
355 3565 431 3654 ejus
448 3562 511 3632 lilii
534 3563 614 3632 lesu
635 3562 771 3645 Christi,
789 3575 821 3633 et
837 3566 951 3636 Sancti
969 3565 1127 3655 Spiritus.
1150 3571 1196 3636 Ex
1212 3561 1367 3638 maternis
1379 3554 1461 3628 fascio

231 3651 357 3732 didici,
381 3673 485 3741 quem
510 3650 596 3732 colo,
629 3651 876 3743 religionem.»
908 3657 980 3722 Dux
1008 3653 1116 3724 dixit:
1144 3659 1327 3745 «Deponat
1350 3647 1459 3745 cohors³

231 3752 313 3828 qtiot
329 3762 439 3811 annos
464 3741 630 3830 transegit
654 3741 688 3809 io
711 3741 774 3810 hac
798 3741 918 3811 militie
933 3743 982 3809 l»
1007 3743 1253 3814 Cohorsdixit:
1279 3740 1464 3810 «vicesimus

232 3830 400 3920 septimus
424 3851 538 3900 annus
565 3829 757 3919 completur
788 3829 852 3900 hoc
876 3852 980 3911 anno,
1004 3853 1043 3900 ex
1068 3854 1149 3918 quo,
1175 3853 1254 3902 cum
1278 3839 1359 3901 esset
1378 3819 1458 3892 alto

234 3939 358 4008 parvus
370 3930 489 3998 aetate,
507 3917 645 3988 iunctus
657 3932 709 3989 est
722 3940 865 3990 munere
878 3919 1109 4006 Exceptoris*.
1128 3943 1146 3988 s
1164 3925 1235 3992 [tux
1247 3919 1343 3990 dixit:
1357 3915 1455 4006 «lull

231 4007 431 4087 oEustrati,
453 4007 571 4078 videns
590 4008 680 4094 quod
698 4029 738 4076 ex
763 4020 818 4077 tua
844 3993 1077 4079 inobedientia
1102 4009 1163 4080 tibi
1186 4010 1338 4080 imminet
1358 4013 1457 4103 perico-

232 4095 318 4175 lum,
337 4111 368 4164 at
386 4096 591 4185 resipiscens
606 4119 646 4165 ex
665 4119 716 4177 co,
743 4097 803 4187 qui
825 4097 885 4167 tibi
911 4097 1036 4168 accidit
1064 4097 1201 4179 lurore,
1232 4097 1364 4188 sapienti
1385 4095 1455 4156 utens

232 4184 503 4264 ratiocinatione,
533 4206 574 4254 ne
598 4186 773 4275 relinquas
790 4207 878 4268 eam,
901 4207 1025 4272 quasa
1045 4199 1077 4256 te
1098 4199 1144 4258 tot
1168 4187 1267 4256 annis
1287 4193 1365 4254 recte
1384 4185 1454 4273 etot·

231 4271 312 4342 dinc
336 4286 431 4362 gesta
455 4284 505 4343 est
531 4273 702 4356 militiam,
726 4274 909 4364 propitiam
934 4275 1078 4346 deorum
1105 4277 1265 4347 invocans
1288 4277 1452 4363 potentian·

256 4397 268 4421 ⁴
282 4399 388 4448 exceptor
397 4399 526 4442 rocsbstnr
538 4397 579 4450 qul
589 4399 794 4451 satsjudlcioxum
803 4401 960 4454 describebat,
971 4403 1091 4454 ettndlols
1100 4402 1242 4446 ιιιιιιιιιιαιι
1251 4395 1370 4449 cxciiiim
1461 4441 1462 4464 ,
