2934 4810
234 292 337 362 ’11οΥ
581 311 845 361 utnuruooootuu
869 311 1087 360 rmusrnnruu
1263 293 1265 298 ’
1294 271 1361 338 ΒΈΙᾸ·
1379 263 1401 326 37

189 403 278 469 rent,
307 395 372 472 ejus
395 394 482 470 jussu
505 392 683 456 uerberibus
711 393 822 468 aiiecti,
852 393 911 471 ipsa
927 409 996 456 cum
1012 390 1191 455 familiaribus
1203 397 1235 446 ea
1255 389 1319 468 oute
1336 381 1400 472 oete·

188 475 280 539 exilio
301 472 501 550 relegantur:
526 472 596 546 sed,
617 489 653 535 eo
682 480 823 546 mortuo,
850 473 926 535 saria
940 481 1029 535 eraut
1045 471 1230 544 baberettuut
1249 451 1402 532 titularii?r

188 570 293 616 rursus
332 553 499 631 Tbeopbiio
536 552 735 631 Imperatori,
770 555 823 631 qui
851 553 1066 632 suppeditaret.
1081 534 1398 635 Quinetnrobumanraus

187 634 294 696 eadem
326 633 483 710 impietate
513 633 724 704 detinebatur,
752 648 823 694 con·
851 633 1005 696 alacritate
1020 649 1126 694 rerum
1143 623 1303 692 honestarum
1315 609 1397 714 stubs

187 719 306 775 stanter
321 715 506 785 resistentes,
523 713 696 775 verberibus
711 716 823 775 iterum
851 713 996 786 existens,
1011 713 1112 774 omnis
1121 707 1220 790 generis
1229 695 1340 784 remedii
1350 701 1396 796 ore·

188 795 277 869 caesi,
292 795 322 853 iu
336 792 464 854 erilium
477 791 552 869 puisi
565 799 648 865 sunt,
662 793 714 854 ubi
726 793 823 860 ibeo·
853 792 974 872 parebat
999 791 1034 854 in
1063 803 1211 870 pauperum
1225 780 1396 876 *tttfflliffliffl

188 872 280 934 dorus
297 873 327 933 in
342 887 462 932 carcere
477 871 647 948 expiravit;
664 872 823 951 'ibeopba-
854 887 963 947 usum,
991 871 1103 950 quibus
1130 879 1166 934 ex
1187 877 1272 930 amicas
1290 867 1341 945 suis
1358 861 1398 939 siit

188 967 243 1013 nes
259 969 342 1024 vero,
359 967 430 1028 pace
449 951 575 1013 uenum
589 951 737 1014 Ecclesiae
757 952 824 1013 reri-
853 950 955 1014 moitis
980 951 1157 1029 frequenter
1177 959 1256 1032 ortem¹
1271 936 1338 1003 tulit,
1354 942 1397 1033 ut

186 1029 260 1104 dita,
276 1032 369 1094 iactus
383 1029 409 1091 N
413 1035 534 1093 icaenus
547 1029 725 1111 Episcopus,
739 1033 822 1108 quie·
851 1030 1065 1108 adjuvantibus
1092 1047 1144 1093 eos
1167 1025 1271 1090 medicis
1287 1019 1389 1100 consueta

187 1113 233 1172 rit
248 1113 278 1172 in
294 1109 433 1172 Domino.
444 1107 492 1188 tii.
505 1112 648 1186 Satrium,
661 1128 727 1191 pag.
742 1110 821 1188 492).
854 1127 924 1174 nem
944 1111 1051 1172 diuino
1073 1111 1197 1188 quodam
1215 1108 1289 1193 nutu,
1305 1089 1391 1190 quidun·

852 1192 1020 1267 inceperat,
1044 1191 1082 1252 ati
1103 1189 1211 1252 ieiicen
1224 1189 1319 1270 estium
1333 1168 1398 1278 biiii·

318 1303 348 1366 Ν
372 1303 560 1370 ΝΝΝΝ
851 1255 1399 1412 triutttrrrmrrurrtu

237 1427 315 1492 Obiit
324 1427 450 1508 probat).
466 1431 589 1492 ineunte
602 1431 722 1493 soeculo
742 1433 774 1492 V.
852 1430 888 1492 de
903 1431 1011 1506 dignas
1026 1428 1118 1491 aliam
1130 1426 1236 1490 nuliam
1243 1425 1397 1504 cognobit?-

851 1510 887 1572 ad
906 1515 1021 1572 tantam
1038 1509 1214 1586 probitatem
1232 1518 1261 1565 ac
1272 1500 1396 1578 grantsiti.

227 1587 455 1650 binnrrnot.-
469 1586 584 1650 ibidem
599 1597 719 1652 sanctae
733 1589 824 1652 Nrou·
851 1596 882 1650 et
911 1589 1060 1667 reliquam
1090 1591 1231 1650 virtutem
1254 1573 1390 1668 conscendit

187 1685 277 1730 naris
291 1666 439 1744 Virginis,
454 1683 532 1747 quae
552 1671 609 1730 sub
623 1669 751 1732 Arcadio
766 1669 824 1731 lm·
852 1668 909 1730 Sed
933 1669 1006 1730 baec
1029 1666 1154 1746 quidem
1174 1663 1276 1729 tametsi
1288 1657 1338 1721 tabs
1352 1663 1398 1712 est.

187 1754 324 1827 peratore
340 1747 448 1810 claruit
461 1749 631 1812 sanctitate.
829 1809 832 1816 ,
853 1748 963 1825 tulgus
979 1755 1081 1810 tamen
1098 1746 1197 1809 latuit:
1208 1734 1397 1822 siquideuobu·

228 1827 269 1889 iie
283 1827 388 1888 eadem
404 1827 489 1896 haec,
504 1843 580 1904 quae
596 1828 705 1901 refero,
723 1835 824 1890 narrat
852 1828 979 1890 destiam
995 1827 1112 1902 ingenii
1128 1823 1312 1902 aesonieotiac
1324 1813 1400 1877 sitiat

192 1907 633 1969 insuaHistorioSozomenus:
648 1907 826 1986 othuam·
852 1915 998 1986 perpetuo
1022 1906 1117 1969 tatere
1139 1905 1241 1974 uoluit,
1263 1904 1296 1964 ita
1314 1901 1401 1986 ntuetr

188 2001 282 2065 ouant
311 1987 460 2048 tumuitus
487 2003 521 2048 ac
545 1986 643 2048 luctus
672 1989 824 2049 maximus
853 1987 912 2066 ipso
929 1987 1067 2048 studeret
1080 1985 1116 2047 ati
1134 1987 1281 2047 ministros
1293 1980 1400 2056 dignitati

187 2066 520 2144 (praetersumus
544 2067 748 2144 Citrysostomi
760 2068 824 2129 eci·
851 2067 1025 2140 ascendere,
1053 2081 1165 2143 neque,
1189 2064 1295 2125 Jonnne
1311 2063 1402 2142 mettii·

189 2145 279 2222 iiiam)
310 2161 361 2224 per
388 2147 495 2207 urbem
517 2147 692 2219 accidisset,
722 2153 822 2208 tanton
853 2147 1012 2218 hortante,
1039 2161 1176 2222 unquam
1203 2134 1400 2222 virginuuitti

189 2224 823 2303 nesicquidemdeamoreergaioannem
851 2227 1042 2288 siasticerum
1071 2225 1237 2302 primatum
1263 2223 1396 2294 susurrii*

185 2312 330 2382 concepto
346 2305 541 2366 remiserunt.
557 2305 658 2383 itooue
672 2306 709 2368 ari
724 2305 823 2367 Ecoic·
852 2305 931 2380 (bib.
955 2319 1019 2379 rm,
1034 2321 1099 2382 cap.
1122 2303 1185 2381 23).
1200 2303 1280 2366 Hauc
1298 2303 1359 2380 iouu
1370 2303 1400 2352 tii

186 2385 261 2446 siam
278 2383 426 2462 publicam
443 2401 502 2446 uon
518 2386 647 2462 amptius
662 2388 823 2446 convenie-
851 2386 1007 2446 existimat
1021 2383 1181 2454 Batonius,
1197 2397 1283 2460 quam
1299 2380 1321 2442 S.
1332 2377 1400 2438 iotam

186 2464 280 2540 bont,
294 2481 328 2526 ac
343 2463 431 2524 muiti
456 2481 493 2525 ne
516 2465 546 2526 in
569 2464 668 2526 iorum
688 2465 822 2544 quidem,
850 2463 1093 2543 chrysostomus,
1109 2463 1144 2525 ad
1161 2461 1344 2547 Olympiadem
1353 2468 1375 2514 ii
1386 2451 1402 2506 i·

187 2560 287 2620 uentre
311 2545 342 2606 iu
368 2543 475 2605 batnea
502 2545 702 2606 ventitabant.
726 2543 823 2606 Immo
852 2543 985 2617 robisso,
1015 2543 1190 2620 posterioris
1213 2545 1259 2604 sui
1286 2535 1399 2622 eriiniou.

183 2623 515 2700 quibusdamnodomi
537 2624 662 2700 quidem
686 2627 822 2700 utanbre,
851 2623 1012 2692 scribens,
1054 2622 1137 2683 bisce
1178 2621 1276 2684 verbis
1312 2623 1399 2681 nour*

185 2709 287 2765 tutum
310 2704 384 2765 iuit:
406 2717 500 2779 quare
520 2712 551 2764 et
570 2703 658 2764 exilio
679 2704 734 2765 sibi
752 2704 823 2781 ipsis
858 2701 1087 2777 «Quamobrem
1109 2710 1138 2764 te
1152 2717 1218 2774 oro,
1233 2699 1398 2768 micturiunt

186 2783 340 2862 injuncto,
364 2781 495 2845 Ciuitate
515 2792 729 2853 excesserunt,
752 2799 822 2846 cum
852 2784 987 2862 ritusque
1002 2781 1132 2844 medicos
1146 2781 1301 2854 adhibeam
1318 2779 1400 2840 aisne

183 2862 238 2924 aiii
266 2862 357 2924 multi
386 2862 453 2924 viri·
477 2863 596 2924 bonesti
618 2879 652 2925 ec
677 2863 823 2926 mulieres
851 2863 1033 2925 dicamentis
1060 2862 1177 2934 utaris,
1206 2875 1282 2938 uuae
1308 2860 1399 2938 injusto*

186 2941 305 3019 probae,
323 2949 386 3003 tum
402 2941 494 3003 etiem
510 2941 674 3004 Nicerate*
691 2941 824 3021 Bitbyua
852 2942 972 3005 morbos
997 2940 1109 3022 peilere
1134 2949 1263 3018 queant:
1288 2937 1398 3016 quaritur·

184 3021 263 3098 sputi
279 3020 528 3084 Nicomedienses
542 3025 622 3084 iuter
635 3019 752 3084 nobiles
767 3038 822 3099 ge·
851 3021 923 3083 dem
948 3037 1002 3084 nos
1022 3022 1116 3084 etiam
1140 3021 1244 3097 peusis
1262 3028 1324 3082 ante
1336 3015 1400 3079 iirbu.

186 3116 262 3162 nere
289 3099 426 3173 illustris,
442 3117 476 3163 ac
503 3103 628 3179 perenni
645 3103 823 3180 virginitate
853 3117 920 3162 oum
942 3101 981 3162 ob
1001 3101 1078 3163 aeris
1099 3107 1211 3160 statum
1233 3091 1399 3178 proclirisuir

186 3181 432 3259 praestantiaque
454 3181 536 3242 vitae
561 3180 699 3244 celebris.
726 3181 822 3244 biode·
851 3179 888 3241 ati
905 3183 1056 3242 vomitum
1071 3181 1242 3241 stomachus
1255 3175 1398 3254 essetatutti

185 3260 353 3321 stissimam
383 3259 465 3320 iuter
492 3259 624 3323 laudatos
651 3260 823 3334 foeminas,
851 3259 918 3322 aliis
932 3261 1097 3322 curationis
1111 3259 1398 3338 generibusetpiam

186 3355 262 3418 quas
283 3353 336 3400 nos
358 3341 567 3414 meminimus,
584 3340 659 3403 boue
680 3341 822 3418 cognovi,
852 3355 886 3400 oo
900 3355 945 3412 eo,
965 3339 1045 3418 quod
1065 3356 1081 3401 a
1102 3338 1228 3399 domina
1241 3355 1301 3402 met
1314 3335 1397 3400 iotisiu

183 3433 258 3480 cum
283 3425 313 3479 et
339 3420 487 3493 moribus,
503 3429 532 3480 et
558 3419 673 3491 uerbis,
687 3425 718 3482 et
743 3420 823 3482 vitae
851 3426 883 3480 et
897 3419 1088 3481 ornatissima
1109 3416 1265 3479 senatrice
1280 3420 1398 3481 nisano

187 3513 300 3575 genere
314 3499 462 3561 concinna
479 3500 582 3575 tuerit,
595 3515 628 3561 ac
644 3515 692 3561 res
706 3499 824 3562 divinas
853 3497 898 3560 usi
920 3514 1064 3572 essemus,
1080 3513 1135 3560 nec
1157 3496 1237 3560 ultra
1251 3505 1303 3560 tres
1321 3492 1396 3560 creir

187 3579 330 3656 usquead
344 3586 471 3640 mortem
491 3579 632 3640 humanis
648 3593 823 3656 praeposue-
851 3579 996 3640 adbibere
1019 3578 1105 3639 nobis
1121 3591 1243 3638 necesse
1255 3575 1397 3654 fuissetioii

188 3658 242 3730 rit,
253 3674 287 3719 ac
299 3665 362 3720 tum
377 3659 567 3734 tortitudine,
579 3669 645 3720 tum
663 3658 823 3736 prudentia
853 3658 1093 3721 imbeciiiitatem
1116 3658 1302 3720 correximus.
1317 3657 1397 3738 itacui

186 3737 331 3800 aduersus
346 3753 450 3800 rerum
462 3753 546 3798 casus
556 3737 747 3800 sustinendos
759 3755 823 3802 sese
850 3754 970 3816 quoque
985 3738 1090 3818 hortor
1104 3745 1195 3815 utque
1209 3745 1294 3799 orout
1304 3739 1396 3800 btsuoo

186 3817 402 3892 corroborarit,
417 3815 491 3879 adeo
511 3822 659 3896 uinoque
676 3817 823 3896 ambiissi·
850 3817 962 3897 desque
983 3832 1105 3895 operam
1134 3824 1167 3877 ut
1190 3817 1340 3894 uujnsnoui
1354 3811 1396 3877 aoi-

187 3897 247 3958 mis
270 3897 357 3959 bouis
374 3896 487 3973 injuste
508 3896 630 3975 spoliata
652 3899 822 3960 stomecba-
851 3903 1025 3959 cementum
1053 3897 1089 3958 ad
1116 3911 1172 3958 nos
1201 3911 1293 3958 rursus
1317 3901 1395 3959 mitur.

187 3984 285 4050 retur,
298 3983 328 4037 et
338 3993 376 4039 er
388 3979 587 4054 paucissimo
599 3977 716 4051 reliqua
726 3985 822 4053 erant,
851 3976 927 4039 Nam
949 3991 1020 4038 cum
1040 3975 1205 4054 quamdam
1227 3977 1396 4038 stomacbioo·

187 4056 422 4132 prudentissima
444 4057 676 4136 disponsationis
692 4057 831 4132 ratione,
850 4059 966 4119 sionem
994 4071 1099 4118 rursus
1132 4056 1330 4131 sensissemus,
1350 4053 1397 4118 eoitt

178 4135 352 4212 etquidem
377 4135 423 4198 au
437 4138 557 4200 senium
581 4144 733 4216 protecta,
757 4144 822 4200 tum
851 4152 975 4199 rursum
999 4134 1396 4212 r·e1nctiiigenereusi.uabn

850 4220 975 4282 omnino
1000 4216 1256 4297 suspiravimus,
1281 4215 1397 4296 titubo·

215 4317 228 4344 Ψ
244 4318 286 4358 Vel
301 4322 407 4370 Nicen-eta,
420 4327 482 4367 tuest
496 4329 567 4368 cirtae
580 4325 701 4374 victorioso.
710 4328 823 4370 velviritt·
851 4298 905 4382 Ep·
927 4299 981 4379 lv)-

189 4387 216 4425 tte
227 4389 344 4436 victoriam
359 4395 447 4442 graecis
458 4400 578 4442 vocubulis
593 4391 647 4449 νίκη
662 4399 686 4440 ci
701 4391 790 4461 ἀρετή.
1152 4429 1190 4441 ...
