2972 4826
71 290 167 354 litat
316 307 358 354 os
381 308 407 354 s.
433 305 590 356 iunnosio
614 309 664 356 ar.
692 307 818 356 arcion.
846 308 883 354 ar
907 305 994 356 oocr.
1185 293 1249 358 207

68 391 152 461 relatio
165 405 210 460 cst
225 391 288 462 snb
304 391 444 461 nomine
463 396 607 463 Senatus
624 415 644 462 a
661 392 881 483 Symmacho,
903 405 974 463 tuni
994 393 1163 482 praelecto
1178 395 1291 474 Urbis,

67 481 93 548 dc
107 480 265 570 repetenda
287 502 348 550 ara
375 480 533 564 Victoriae
552 495 586 551 et
600 504 677 552 suni
708 481 799 552 tibus
823 481 1131 552 caeremoniarum.
1150 483 1293 554 sedulii

64 569 190 659 conperit
206 569 374 650 sacerdos,
397 569 501 640 misso
517 570 635 642 libello
650 503 703 640 as
709 576 968 662 Imperatorem,
991 572 1175 662 postulavit
1192 583 1229 641 ut
1249 571 1293 642 ad

64 657 256 728 sarelationis
283 657 489 748 exemplaria
518 658 772 750 dirigerentur,
799 659 928 747 quibus
955 660 1028 750 ipse
1054 682 1114 749 pro
1137 660 1293 751 partibus

61 747 112 817 siris
127 768 344 837 responsurus
363 759 463 818 esset.
489 753 564 831 Qua
595 748 756 819 relatione
778 759 942 840 accepta,
974 748 1291 839 praeclarissimum

61 834 176 906 libellum
193 836 407 925 conscripsit,
425 850 599 908 utcontra
617 837 703 907 nihil
727 859 882 924 unquam
900 837 1042 908 auderet
1063 839 1293 928 Symmachus

60 925 94 994 vii
109 923 395 1012 eloquentissimus
411 926 629 1016 respondere.

84 1015 175 1099 §ld
213 1014 276 1084 Sed
314 1031 495 1104 postquam
535 1026 704 1106 angustae
742 1015 928 1086 memoriae
958 1015 1220 1086 Valentinianus
1257 1016 1290 1085 iii

54 1100 199 1171 Viennensi
223 1103 359 1172 civitate
380 1103 501 1192 (quae
523 1117 575 1174 est
604 1103 792 1174 Galliarum
819 1103 968 1194 civitas)
993 1107 1093 1175 vitam
1121 1105 1233 1175 linivit
1249 1106 1288 1186 *,

52 1191 192 1347 lipacius
214 1191 369 1283 suscepit
398 1191 583 1281 imperium
613 1193 667 1272 *ἦ
694 1193 754 1280 qui
781 1193 841 1262 ubi
868 1194 1037 1284 imperare
1062 1195 1194 1283 coepit,
1224 1215 1290 1264 non

52 1291 229 1377 mutopost
258 1280 454 1368 petentibus
478 1280 638 1351 Flaviano
669 1293 751 1352 tunc
781 1281 949 1370 praelecto
972 1295 1004 1352 et
1027 1286 1213 1374 ilrbogaste
1237 1305 1293 1354 co·

51 1381 230 1465 mileciam
258 1369 424 1440 Victoriae
447 1382 480 1439 et
503 1383 663 1459 sumptus
691 1371 986 1441 caeremoniarum
1007 1372 1111 1458 (quod
1148 1371 1293 1442 Valenti·

50 1477 147 1527 iiianus
165 1467 331 1549 augustae
344 1458 530 1528 memoriae
546 1459 661 1530 adhuc
685 1459 718 1528 iii
739 1459 933 1531 minoribus
953 1461 1054 1535 antiis
1069 1463 1289 1542 constitutus,

47 1546 210 1632 petentibus
229 1545 494 1637 denegaverat),
521 1547 649 1618 oblitus
673 1547 754 1617 lidei
778 1570 877 1630 suae,
913 1550 1093 1620 concessit.
1127 1554 1198 1620 Hoc
1231 1549 1293 1620 ubi

46 1633 151 1704 audivit
172 1635 349 1718 Sacerdos,
378 1637 495 1706 relicta
519 1637 655 1707 civitate
677 1636 934 1716 Mediolanensi,
964 1638 1005 1708 ad
1031 1660 1135 1725 quam
1162 1638 1220 1708 ille
1245 1637 1293 1707 l·

44 1721 144 1794 stinato
159 1725 324 1806 veniebat,
352 1725 393 1794 ad
413 1727 660 1820 Bononiensem
682 1727 853 1796 civitatem
871 1727 1062 1816 emigravit,
1091 1741 1193 1815 atque
1212 1727 1292 1798 inde

45 1813 211 1912 Valentiam
248 1835 362 1901 usque
391 1815 548 1915 perrexit.
578 1816 641 1886 Ubi
669 1837 748 1884 oum
774 1815 961 1902 aliquantis
985 1815 1123 1974 degeret
1146 1816 1289 1898 diebus,

44 1915 179 1974 inritatus
205 1925 221 1972 a
248 1903 469 1984 Florentinis,
504 1904 546 1973 ad
573 1905 731 1973 Tusciam
759 1925 867 1990 usque
897 1904 1019 1990 descen
1050 1904 1085 1984 it,
1113 1903 1293 1978 declinans

44 1989 212 2079 adspectum
242 1991 406 2080 sacrilegi
431 1992 515 2073 viri,
557 2014 622 2060 non
649 1990 840 2062 formidans
875 1993 1078 2084 imperantis
1111 1994 1290 2082 injuriam.

44 2080 104 2146 lam
127 2080 305 2170 epistolam
331 2079 375 2149 ad
406 2081 552 2150 eundem
579 2079 684 2162 dedit,
712 2081 745 2149 iii
772 2102 838 2168 qua
864 2083 1023 2152 convenit
1045 2081 1291 2153 conscientiam

46 2165 124 2248 illius,
145 2169 185 2239 de
206 2192 278 2258 qua
307 2191 418 2259 pauca
433 2169 475 2240 de
499 2169 618 2240 multis
633 2169 793 2271 ponenda
817 2169 920 2239 durii:
941 2173 1046 2241 «Etsi
1073 2171 1293 2262 imperatoria

47 2267 160 2339 potestas
176 2258 380 2350 magnasit,
408 2271 520 2328 tamen
544 2258 736 2340 considera,
753 2263 953 2348 lmperator,
973 2272 1124 2348 quantus
1149 2260 1213 2340 sit,
1231 2259 1292 2345 qui

48 2346 124 2414 corda
141 2347 326 2417 homiuum
348 2346 449 2428 videt,
476 2347 722 2419 conscientiam
749 2347 945 2418 interiorem
971 2349 1169 2440 interrogat.
1197 2348 1293 2418 Novit

50 2435 143 2517 omnia,
164 2449 357 2523 antequam
383 2436 485 2518 liant,
517 2437 610 2506 novit
632 2449 665 2506 et
693 2437 828 2506 interna
861 2437 1005 2526 pectoris
1037 2438 1097 2508 tui.
1125 2437 1196 2528 lpsi
1220 2435 1292 2506 lolli

51 2541 152 2593 iosnon
170 2524 352 2616 patimini,
378 2536 411 2595 et
433 2529 540 2596 Deum
568 2525 671 2595 vultis
694 2523 805 2595 celare
818 2525 833 2592 l
848 2529 919 2596 Hoc
932 2547 999 2596 noii
1019 2526 1143 2596 cecidit
1162 2526 1196 2594 in
1215 2525 1292 2594 ani-

45 2629 115 2680 muin
130 2626 237 2684 tuum.
258 2615 428 2697 Quamvis
451 2615 543 2684 enirn
562 2614 617 2683 illi
631 2613 779 2706 agebant
799 2627 1156 2704 tampersevaranter,
1179 2635 1293 2684 nonne

42 2709 113 2770 tuiioi
131 2701 204 2784 luit,
225 2708 434 2792 Imperator,
461 2724 522 2793 pro
548 2704 602 2772 Dei
629 2703 757 2772 sumini
781 2715 815 2772 et
838 2705 907 2773 veri
931 2715 964 2773 et
984 2703 1050 2773 vivi
1075 2703 1292 2773 veneratione

40 2793 291 2872 perseverantius
308 2791 484 2873 obsistere,
500 2804 533 2864 et
554 2813 690 2882 negare,
710 2791 887 2879 quoderat
902 2792 1042 2882 injuria,
1062 2791 1292 2884 sacrilegislii

36 2879 64 2944 Et
82 2879 217 2952 iteruin:
246 2880 462 2962 «Quomodo
476 2881 582 2972 igitur
608 2881 692 2950 meis
708 2880 849 2951 vocibus
865 2893 898 2952 ct
914 2881 1004 2971 apud
1028 2887 1134 2952 Deum
1152 2894 1214 2952 eto
1243 2880 1291 2950 ud

35 2987 131 3038 onnes
154 2970 319 3043 homines
351 2973 485 3040 teneor?
507 2969 606 3040 lllind
647 2967 732 3046 milii
768 2969 964 3070 non-licere
1000 2969 1162 3051 intellexi,
1197 2903 1292 3040 aliud

34 3074 124 3128 nono
171 3073 286 3140 itere,
324 3059 391 3128 nisi
415 3059 631 3130 consulerem
662 3057 759 3140 milii,
786 3080 866 3146 quia
894 3081 960 3130 non
1016 3060 1089 3129 otui
1114 3059 1226 3130 tibi.»
1253 3063 1295 3128 ln*

33 3165 117 3232 supra
144 3149 208 3220 icta
224 3149 346 3234 itaque
369 3147 504 3218 civitate
527 3147 813 3222 Florentinoruin.
832 3169 911 3218 cuni
928 3148 960 3216 iii
1002 3169 1080 3218 omo
1104 3147 1292 3218 clarissimi

32 3235 185 3316 cuondam
213 3235 280 3306 viri
299 3239 466 3318 Deceptis,
488 3247 521 3306 et
545 3236 637 3324 quod
656 3249 706 3306 est
720 3258 775 3306 am
806 3236 885 3318 lius,
908 3236 1105 3312 Christiani.
1125 3248 1289 3316 maneret,

32 3319 107 3414 tilius
129 3326 242 3414 ipsius
262 3326 480 3415 Paosophius
493 3325 643 3405 nomine,
668 3258 855 3396 admodum
876 3325 1052 3415 parvulus,
1068 3347 1147 3395 curn
1166 3324 1292 3414 spiritu

32 3414 192 3485 inmundo
216 3413 404 3494 laboraret,
431 3414 598 3502 frequenti
614 3414 766 3484 oratione
781 3427 815 3483 et
838 3413 1057 3504 impositione
1089 3435 1214 3483 manus
1240 3434 1292 3482 sa-

31 3501 158 3573 cerdotis
188 3503 307 3593 ipsius
330 3516 381 3572 est
405 3517 557 3574 sanatus.
586 3501 649 3572 Sed
698 3515 751 3574 ost
782 3501 977 3590 aliquantos
1006 3501 1080 3572 dies
1104 3502 1217 3573 subita
1240 3501 1290 3570 iii·

32 3584 173 3662 limitata
195 3601 381 3680 correptus
404 3590 608 3673 infantulus,
635 3525 803 3660 eiissalavit
836 3592 1010 3682 spiritum.
1044 3589 1151 3680 Cujus
1186 3601 1292 3660 mater

31 3676 109 3772 valde
128 3681 308 3771 religiosa,
334 3691 367 3749 et
383 3680 484 3770 plena
504 3680 572 3750 lide
595 3702 635 3750 ac
652 3680 773 3750 timore
798 3681 868 3761 llei,
899 3680 1013 3750 ablato
1037 3679 1097 3750 illo
1122 3678 1164 3748 de
1189 3699 1292 3770 supe·

32 3784 101 3860 tiore
119 3781 216 3859 parte
241 3768 383 3862 domus,
409 3769 450 3840 ad
472 3767 635 3840 inferiora
658 3768 847 3852 descendit,
870 3790 911 3839 ac
936 3769 969 3837 iii
993 3767 1078 3838 lecto
1105 3767 1291 3839 sacerdotis

32 3873 88 3940 ipso
111 3859 255 3929 absente
281 3859 485 3948 composuit.
507 3864 614 3941 Quem
640 3877 719 3928 cum
736 3869 908 3928 revertens
931 3857 1091 3928 sacerdos
1109 3857 1143 3926 in
1166 3856 1292 3926 lectulo

50 3997 59 4020 ¹
70 3997 250 4042 valentinianus
268 4002 283 4042 J
286 4001 362 4047 autor,
377 4001 406 4041 ab
421 4001 556 4052 arbogaste.
566 4001 693 4042 stauarum
702 4001 828 4050 praelecto.
838 4001 941 4041 Viennae
951 4000 975 4039 ln
987 3995 1069 4044 Gallia.
1079 4001 1135 4040 dnm
1145 4001 1165 4040 ts
1175 4001 1293 4050 negligen-

34 4051 67 4108 tias
77 4055 107 4094 tbi
120 4059 268 4105 moraretur,
284 4065 346 4095 auno
361 4055 408 4100 Μ.
419 4059 517 4096 necatus
533 4057 582 4095 aaa:
597 4055 631 4094 tta
648 4053 813 4095 Grallanorum
827 4055 907 4103 protae
922 4051 1020 4094 interiit.
1029 4053 1141 4102 munderis
1151 4063 1237 4102 corpus
1247 4055 1294 4094 Ma·

36 4101 130 4148 antinum
144 4111 255 4149 delatum
272 4111 316 4154 cat,
330 4107 358 4148 ul
375 4103 399 4146 lii
413 4107 457 4147 hac
474 4109 531 4148 urba
548 4108 714 4148 tumularetur.
725 4105 871 4148 Theodosius
881 4107 910 4147 de
920 4106 1047 4148 honorifico
1057 4107 1180 4154 sepultura
1190 4107 1294 4148 curanda

36 4155 78 4197 Vll.
85 4161 233 4203 ambrosium
243 4157 423 4207 transmeante,
434 4159 480 4210 qul,
490 4163 517 4202 ut
525 4161 573 4208 lani
585 4161 754 4210 adnotulnina,
762 4159 847 4201 habuit
857 4161 887 4200 ite
896 4161 948 4210 lpso
955 4157 1104 4208 magnificam
1114 4169 1212 4210 prorsus
1221 4169 1293 4209 pana·

38 4211 269 4257 memorationem.
280 4215 336 4255 Erat
346 4209 410 4253 anim
421 4211 599 4256 Valcattiiiaiiiis
610 4211 631 4254 ai
640 4223 697 4263 praa
706 4213 807 4256 acetaria
817 4222 889 4256 carus
899 4215 923 4254 et
932 4214 1040 4254 allectus.

53 4264 72 4287 '⁸
85 4267 200 4314 Enaanlus
216 4269 250 4309 ad
265 4267 395 4317 imperium
410 4271 504 4307 evectus
518 4267 563 4307 lutt
579 4267 608 4307 ab
622 4265 757 4316 arbogaste.
770 4265 818 4316 qut,
832 4267 876 4306 liae
891 4268 937 4311 vta,
955 4265 1047 4314 sceptro
1062 4275 1087 4306 iic
1102 4263 1234 4314 potiturum
1244 4276 1294 4316 spa-

39 4315 89 4370 Vlst
102 4321 144 4362 Sed
158 4323 321 4368 Theodosius,
336 4328 399 4360 anuo
412 4320 457 4367 394,
470 4317 597 4370 aquilejae.
617 4320 709 4368 tynniit
727 4319 805 4368 coplas
816 4317 923 4368 protudit
932 4321 958 4359 et
966 4317 1060 4364 delevit,
1069 4319 1201 4368 ipsumque,
1212 4329 1224 4359 a
1234 4317 1294 4360 initt-

40 4368 81 4454 {aaa
95 4373 141 4414 anis
154 4379 264 4424 captum,
278 4370 352 4417 morti
367 4369 461 4414 addixit.
474 4373 539 4422 Quod
553 4374 694 4424 arbogastes
711 4373 750 4414 ubl
766 4369 870 4418 rescivit,
884 4375 910 4413 ut
925 4371 1067 4412 cruciatibus
1082 4381 1108 4412 se
1124 4371 1294 4420 eximeremus

45 4429 73 4466 tta
80 4436 145 4469 maun
154 4427 281 4471 occubuit.
