3046 4838
261 296 303 360 66
515 311 553 356 nu
578 309 623 356 ss.
650 307 833 366 errrouvro,
860 307 1005 366 susurro,
1031 307 1100 356 ore.
1127 309 1184 356 xx.
1344 291 1417 356 ont.
1439 295 1455 358 l

215 397 397 487 conjugem
411 398 458 462 l»
482 393 692 483 Respondit:
712 393 788 462 «Hi
808 405 889 462 sunt
914 414 1047 463 mecum
1074 387 1261 463 catenati'»
1281 393 1378 464 ludex
1394 395 1450 464 ait:

215 483 527 556 «Introduoantur.
550 505 567 550 n

257 577 336 662 51.
363 571 560 642 Introducta
584 585 635 640 est
658 571 747 639 intra
774 569 885 651 velum
917 569 1060 640 Paulina
1092 593 1172 640 eum
1203 571 1293 642 liliis·
1310 577 1409 644 Neooe
1428 585 1454 640 et
1499 581 1500 622 ἐ

212 664 340 756 Hariay
372 661 605 748 sequebantur
632 681 689 728 eos
720 656 900 728 Hareellu's
923 671 955 728 et
987 659 1204 750 Hippolytus.
1231 661 1334 730 ludex
1362 660 1451 728 dixit:

213 756 319 822 «Ista
348 763 398 838 est
425 751 550 837 conjux
575 761 652 827 tua,
680 759 712 816 et
738 748 771 815 bi
796 747 859 816 filii
885 749 993 818 tuil»
1019 748 1206 838 Respondit
1230 750 1366 819 adrias:
1391 748 1453 816 alli
1499 755 1500 818 l

212 853 305 912 sunt.
323 862 341 906 v
361 844 453 908 Tunc
466 837 572 927 judex
597 836 640 905 ad
666 834 742 905 illos
763 858 959 918 conversus,
987 837 1091 906 dixit:
1120 861 1137 904 v
1157 838 1262 907 Dicite
1284 861 1322 908 ex
1344 859 1396 908 ore
1413 857 1454 904 ve·
1499 875 1500 918 3

212 943 292 1010 stro,
310 949 378 1015 quo
396 928 532 996 nomine
551 925 780 995 vocamini‘l»
807 926 993 1014 Respondit
1013 925 1215 995 Marcellus:
1242 929 1369 997 «Dicor
1383 931 1454 994 Har·
1499 987 1500 1020 ,

211 1018 319 1088 callus
348 1016 526 1085 diaconus
549 1037 566 1081 »
593 1014 702 1082 ludex
728 1013 814 1083 dixit
840 1015 881 1082 ad
908 1014 1155 1104 Hippolytum:
1183 1017 1274 1086 «llic
1292 1031 1327 1086 tu
1349 1036 1454 1084 nomen
1499 1025 1500 1076 t

212 1123 324 1177 tuum.
342 1129 359 1171 v
377 1104 582 1194 Hippolytus
599 1103 704 1172 dixit:
722 1125 740 1169 «
758 1102 966 1192 Hippolytus
979 1125 1097 1173 servus
1112 1124 1288 1173 servorum
1306 1103 1426 1174 Christi.
1441 1125 1455 1168 v

211 1201 306 1265 Tunc
320 1193 431 1264 ludex
442 1193 547 1282 jussit
563 1191 742 1262 Paulinam
758 1203 790 1261 et
807 1191 896 1261 filios
910 1193 1094 1283 segregari,
1116 1204 1147 1262 et
1160 1192 1246 1263 dixit
1261 1194 1304 1262 ad
1317 1193 1453 1263 Adrion:

214 1309 229 1349 r
252 1282 392 1372 Divulga
415 1282 615 1360 thesauros;
642 1292 674 1349 et
697 1302 777 1350 cum
803 1281 844 1349 iis
867 1281 996 1368 quibus
1020 1281 1240 1351 intromissus
1266 1305 1323 1363 es,
1346 1279 1456 1351 sacrifi·

211 1383 330 1443 eateet
355 1371 476 1450 vivite;
503 1370 588 1438 alias
612 1369 714 1439 eitius
733 1369 936 1439 exhalabitis
960 1371 1134 1452 animam,
1161 1371 1348 1441 amittendo
1371 1371 1466 1437 vitam·

211 1474 404 1532 vestram.»
428 1458 615 1550 Respondit
639 1457 867 1547 Hippolytus:
895 1463 994 1530 «Nos
1010 1459 1192 1528 amisimus
1213 1481 1300 1529 vana
1319 1458 1455 1536 consilia,

210 1562 243 1620 et
272 1549 468 1620 invenimus
499 1548 684 1616 veritatem.
712 1569 730 1613 »
762 1547 849 1616 Dixit
879 1547 1010 1618 ludex:
1042 1569 1059 1614 a
1086 1551 1178 1630 Quae
1209 1549 1386 1620 consensio
1406 1545 1457 1615 luit

210 1637 464 1712 amissionisl»
489 1634 701 1725 Respondit:
728 1639 802 1704 «Ut
823 1637 1068 1725 projiceremus
1092 1659 1178 1704 vana
1204 1637 1307 1720 idota,
1333 1653 1365 1708 et
1383 1638 1458 1704 inve·

209 1729 364 1797 niremus
381 1725 562 1796 Dominum
584 1723 681 1805 coeli,
700 1735 819 1804 terrae,
836 1736 868 1794 et
890 1727 994 1796 maris
1010 1725 1138 1814 abyssi,
1162 1725 1334 1796 Christum
1352 1725 1457 1794 Filium
1499 1755 1500 1826 y

208 1818 288 1898 Dei,
318 1837 420 1904 quem
450 1813 636 1884 credimus.
658 1836 675 1878 v
701 1817 794 1882 Tunc
817 1813 928 1883 ludex
947 1814 1052 1902 jussit
1075 1836 1154 1882 eum
1178 1815 1213 1882 in
1237 1816 1391 1886 custodia
1411 1835 1459 1902 pu·

208 1905 305 2005 blica·
324 1905 430 2006 poni,
456 1918 488 1972 et
520 1925 586 1972 non
620 1902 796 1991 separari;
823 1902 986 1990 ductique
1017 1915 1098 1973 sunt
1128 1902 1161 1970 in
1187 1905 1378 1974 custodiam
1405 1906 1459 1970 Ha·

208 2007 358 2064 mertxnr.
1499 2037 1500 2070 ,

251 2086 269 2170 ξ
293 2086 334 2154 8.
360 2087 437 2151 Post
461 2079 628 2160 triduum,
654 2078 809 2148 adhibito
832 2079 868 2148 in
892 2079 1036 2148 consilio
1057 2079 1273 2150 secundiano
1299 2093 1331 2151 et
1355 2079 1457 2154 Probo,
1499 2073 1500 2164 l

208 2172 243 2240 in
267 2170 406 2240 Tellude
431 2169 498 2238 sibi
523 2167 673 2239 tribunal
700 2168 813 2257 parari
836 2167 937 2248 secit;
963 2168 1081 2254 ibique
1110 2169 1225 2238 omnia
1255 2191 1382 2259 genera
1408 2181 1460 2238 tor·
1499 2183 1500 2276 y

208 2273 401 2329 mentorum
428 2258 554 2326 allerri.
579 2262 618 2326 Et
642 2257 836 2327 introducto
861 2259 949 2338 Aria,
977 2257 1098 2326 iterum
1115 2257 1271 2343 quaestio
1292 2259 1405 2328 habita
1421 2268 1459 2324 est

206 2347 249 2418 de
274 2347 442 2438 pecuniis.
460 2352 499 2416 Et
518 2368 584 2415 uon
603 2345 760 2422 inventis,
780 2367 839 2415 ara
850 2346 950 2436 jussa
970 2358 1020 2415 est
1035 2345 1174 2416 incendi
1192 2359 1270 2416 ante
1287 2347 1458 2420 Palladem

200 2437 375 2526 jussitque
397 2456 455 2504 eos
480 2434 559 2505 thus
582 2435 713 2505 ollerre.
740 2434 805 2518 Qui
828 2456 949 2504 omnes
978 2448 1199 2524 respuentes,
1227 2435 1389 2506 Judicem
1413 2434 1460 2502 de·

204 2525 373 2595 ridebant.
390 2529 484 2592 Tunc
502 2523 583 2594 ‘ussi
601 2523 795 2613 exspoliari,
812 2523 896 2592 nudi
911 2523 1051 2604 extensi,
1068 2523 1218 2593 fustibus
1228 2525 1458 2595 caedebantur.

205 2619 298 2684 Tunc
312 2615 409 2683 beata
423 2545 577 2693 Paulina,
597 2634 677 2682 cum
694 2612 810 2682 acrius
825 2612 1034 2692 caederetur,
1052 2611 1201 2682 reddidit
1219 2616 1283 2682 Deo
1298 2615 1458 2704 spiritum.

203 2702 418 2784 Hoevidcns
441 2701 566 2780 Judex,
594 2701 798 2770 sententiam
822 2702 945 2791 capitis
969 2701 1054 2770 dixit
1077 2701 1112 2770 in
1129 2702 1317 2772 Eusebium
1339 2715 1371 2772 et
1388 2707 1461 2770 Her-

135 2872 138 2880 ,
202 2789 353 2860 cellum:
380 2789 440 2877 qui
465 2788 558 2858 ducti
583 2787 729 2858 suntad
754 2793 885 2859 Petram
911 2789 1122 2870 sceleratam,
1139 2791 1235 2878 juxta
1256 2792 1461 2881 amphithea-

203 2891 307 2959 trum,
333 2878 376 2948 ad
402 2879 514 2948 lacurn
542 2877 701 2959 Pastoris,
730 2877 856 2946 ibldem
881 2878 1040 2948 decollati
1064 2892 1145 2948 sunt
1162 2878 1282 2949 beatus
1307 2880 1463 2950 Eusebius

228 2968 391 3055 resbyter,
418 2980 450 3036 et
474 2966 653 3036 Marcellus
670 2966 848 3048 diaconus
876 2966 1009 3037 decimo
1025 2968 1121 3037 tertio
1142 2967 1313 3038 Kalendas
1331 2975 1461 3040 Novem·

201 2990 285 3126 iris.
306 3061 451 3146 Corpora
476 3055 613 3124 illorum
632 3054 748 3123 relicta
768 3069 849 3125 sunt
862 3056 1032 3138 canibus3
1051 3079 1177 3146 eorpus
1198 3057 1364 3127 Paulinae
1383 3057 1462 3125 foras

195 3145 361 3232 jactatum
386 3158 457 3215 est:
484 3165 573 3232 quae
596 3157 721 3213 cuncta
743 3143 834 3214 alius
865 3145 931 3232 Hip
958 3145 1093 3234 olytus,
1129 3145 1244 3232 quiet
1274 3146 1459 3222 diaconus,

199 3232 286 3303 colle
312 3235 347 3314 it,
369 3245 403 3302 et
419 3233 573 3324 sepelivit
593 3232 626 3300 in
645 3232 698 3302 via
722 3233 841 3323 appia,
869 3167 1031 3304 milliario
1050 3233 1094 3304 ab
1113 3234 1210 3316 urbe,
1238 3235 1272 3303 in
1294 3234 1460 3310 arenario,

198 3322 260 3392 ubi
280 3256 474 3410 licquenter
492 3322 752 3392 conveniebant.
1499 3349 1500 3414 y

242 3415 322 3502 §⁹-
351 3411 590 3482 Seeundianus
608 3423 683 3501 post
702 3411 785 3480 haec
802 3410 954 3498 suscepit
968 3410 1105 3480 idriam
1121 3421 1153 3480 et
1169 3412 1259 3482 filios
1272 3412 1305 3480 io
1323 3412 1458 3482 domurn
1499 3417 1500 3498 y

196 3521 295 3572 suam
320 3523 400 3570 cum
419 3500 614 3589 Hippolyto,
641 3499 785 3569 sollicite
811 3500 1013 3588 perquirens
1029 3499 1071 3568 de
1091 3502 1247 3588 pecunia.
1270 3499 1464 3590 Responde·

183 3601 276 3660 'runt
301 3589 372 3659 illi:
400 3589 537 3673 «Quod
568 3589 757 3680 habuimus
781 3588 815 3655 in
844 3603 1012 3676 pauperes
1037 3589 1289 3678 expendimus:
1315 3586 1461 3659 thesauri
1499 3599 1500 3668 t

192 3678 302 3748 nostri
326 3679 464 3747 animae
490 3689 624 3746 nostrae
648 3689 751 3748 sunt:
778 3698 865 3763 quas
900 3677 1041 3764 perdere
1071 3677 1269 3749 nullatenus
1294 3677 1460 3747 volumus.
1499 3699 1500 3766 y

192 3771 261 3835 Fae
278 3769 369 3853 quod
392 3767 452 3841 titt
472 3777 691 3856 pracceptum
716 3777 778 3834 est.
802 3791 814 3830 v
842 3770 936 3834 Tunc
955 3766 1194 3836 Secundianus
1219 3765 1297 3838 lecit
1317 3764 1461 3853 torqueri
1499 3767 1500 3852 ζ

191 3853 295 3924 filios.
322 3855 369 3924 td
393 3877 480 3942 quos
505 3867 600 3945 pater
617 3853 748 3940 inquit:
775 3857 1012 3924 «Constantes
1027 3866 1143 3937 estote,
1171 3855 1247 3926 filii.
1263 3879 1281 3923 »
1299 3855 1365 3938 Qui
1381 3855 1461 3924 dum

192 3943 427 4024 caederentur,
454 3943 614 4013 dicebaut
638 3954 795 4012 tanturn:
822 3943 991 4024 «christe,
1015 3943 1143 4031 adjuva
1158 3967 1261 4014 nos.»
1286 3949 1364 4013 Post
1382 3943 1461 4012 haee
1499 3971 1500 4032 y

192 4031 367 4122 praecepit
391 4033 516 4121 subjici
526 4030 712 4102 tormentis
734 4031 871 4102 adriam
896 4045 928 4101 et
951 4033 1203 4122 Hippolytum;
1229 4054 1356 4120 eosque
1380 4031 1460 4100 lam·

190 4121 341 4277 pedibus
358 4120 529 4209 praecepit
553 4121 646 4190 inuri
661 4119 837 4190 lateribus.
856 4121 1063 4212 Hippolytus
1078 4121 1232 4192 dicebat:
1260 4127 1357 4191 «Pac
1372 4117 1460 4208 quod
1499 4161 1500 4164 =

143 4239 144 4242 ¹
204 4209 287 4277 aeis.
306 4231 325 4274 v
348 4208 586 4278 Secundianus
600 4207 708 4276 dixit:
736 4231 755 4274 a
770 4209 977 4292 sacrificate,
996 4233 1203 4281 eonsensum
1221 4211 1390 4301 praebete,
1409 4207 1460 4274 di·
1499 4213 1500 4302 y

190 4309 318 4378 centes,
339 4297 509 4366 Facimus.
526 4319 544 4364 v
569 4296 630 4366 llle
646 4295 802 4367 dicebat:
831 4303 948 4366 «Eece
964 4300 1086 4388 epulae
1102 4301 1175 4372 sine
1196 4299 1427 4390 corruptione.
1444 4317 1460 4361 a
1499 4307 1500 4342 ³

190 4389 345 4474 Cumque
370 4383 478 4454 multa
503 4385 595 4474 passi
619 4399 744 4466 essent,
772 4384 857 4455 dixit
884 4388 1147 4460 Secundianus:
1176 4391 1283 4461 «Cito
1310 4389 1463 4459 leventur
