2954 4816
247 261 312 326 408
541 279 579 324 ne
602 277 789 326 nrrrvrraro
813 275 1003 328 saavarovus
1026 277 1139 326 ,rosam
1179 337 1182 342 Ι
1319 259 1396 324 ont.
1417 259 1464 322 25¹

204 373 343 434 secutus
355 362 486 432 luisset.
499 368 571 434 lton
587 363 698 433 solum
713 375 826 432 antem
841 363 1028 434 adversarii
1041 383 1124 432 suae
1138 361 1338 432 temeritatis
1352 371 1449 430 testem

203 456 328 522 Lucam
354 449 597 541 evangelistam
622 451 774 608 prolerre
797 452 946 534 audent,
972 451 1032 522 sed
1058 450 1266 520 hetthaeum
1290 451 1385 519 etiam
1404 449 1464 536 ea}

202 539 280 609 dem
317 541 521 610 scribentem
559 554 751 628 preerunt:
786 541 870 628 quin
906 541 1007 611 etiarn
1045 539 1265 610 manifestius
1292 539 1353 608 hoc
1375 537 1464 627 apud}

202 627 409 698 Matthaeum
423 627 666 718 evangelistam
680 651 754 700 esse
765 628 988 710 contendunt,
1009 651 1089 698 cum
1106 628 1161 698 his
1179 628 1296 698 verbis
1312 628 1345 696 in
1359 627 1464 715 ipsiust

202 717 385 806 Evangelio
410 719 577 807 scriptum
601 717 753 808 legatur:
777 721 926 809 Angelus
948 720 1081 788 Domini
1102 719 1268 820 apparuit
1295 719 1330 785 in
1350 715 1464 798 somna}

201 807 334 896 ioseph,
355 807 489 875 ilicone:
507 808 585 876 Noli
601 809 717 876 timere
736 810 885 898 occipere
899 810 1044 877 chariam
1059 827 1236 898 conjugem
1254 817 1368 875 tuom:
1382 803 1464 894 qnod

202 897 290 964 enim
314 896 348 964 in
372 917 412 964 eo
435 906 553 964 notum
569 905 628 976 eat,
656 896 696 964 de
712 898 842 986 Spiritu
857 899 977 965 Soneio
1000 907 1059 966 ost.
1087 900 1126 964 Et
1149 905 1225 984 post
1254 915 1378 984 pauca:
1397 891 1464 960 lio-l

201 1004 341 1074 surgens
364 994 476 1054 autem
499 984 621 1074 ioseph
651 1007 674 1052 o
696 1007 827 1063 somno,
861 987 940 1072 fecit
966 986 1052 1054 sicut
1074 1007 1196 1074 praece
1221 985 1248 1052 it
1273 985 1307 1052 ei
1327 984 1447 1070 inpetus

202 1073 345 1151 Domini,
368 1083 400 1140 et
419 1075 545 1162 occepit
569 1075 743 1163 conjugem
758 1095 875 1142 suant.-
897 1083 927 1144 et
946 1095 1011 1142 non
1026 1095 1163 1162 cognosc
1230 1082 1243 1139 t
1267 1093 1353 1150 eant,
1371 1071 1447 1138 donec

201 1163 330 1250 peperit
352 1162 463 1250 filiunt
486 1183 584 1230 suum
606 1162 1013 1252 primogenitumihlotth.
1032 1161 1068 1250 1).
1097 1165 1140 1231 Ex
1165 1160 1221 1229 hvs
1240 1159 1351 1229 verbis
1375 1157 1446 1227 simi·

204 1249 280 1318 liter
303 1247 489 1320 adversarii
513 1265 683 1320 conantur
709 1251 863 1339 probare,
882 1250 1021 1320 Mariam
1047 1248 1134 1320 alios
1151 1249 1244 1320 lilios
1261 1247 1445 1336 concepisse.

247 1340 353 1424 §ss
381 1337 444 1407 Sed
468 1360 549 1408 cave
568 1339 631 1408 hoc
654 1340 859 1427 suspiceris:
886 1337 1037 1409 absurda
1053 1339 1145 1407 enim
1170 1338 1318 1407 omnino
1342 1345 1443 1404 resest.

203 1430 285 1496 llam
314 1425 478 1516 virginale
504 1425 589 1496 illud
606 1427 809 1510 claustrum,
827 1427 862 1497 in
882 1449 950 1515 quo
966 1427 1107 1496 divinus
1132 1426 1321 1496 thesaurus
1345 1423 1445 1512 reposi-

203 1528 258 1583 tus
283 1513 358 1596 luit,
378 1517 473 1585 omni
489 1537 529 1584 ex
547 1529 641 1606 parte
658 1537 785 1606 purum
805 1529 908 1603 atque
924 1514 1145 1605 impollutum
1172 1513 1372 1605 permansit.
1394 1516 1444 1580 lton

202 1603 463 1688 coinquinatum
485 1604 550 1674 luit
568 1604 759 1674 secundum
781 1604 868 1674 illud
885 1605 1033 1686 coelum,
1051 1625 1163 1694 neque
1176 1601 1443 1673 commaculatum

202 1702 235 1760 et
259 1704 435 1779 tamquam
461 1692 583 1762 inutile
606 1693 733 1764 lactum
759 1706 810 1764 est
834 1715 892 1764 vas
917 1693 1052 1775 itariae,
1080 1693 1137 1762 Dei
1162 1713 1276 1783 capax
1300 1692 1441 1784 effecturo-

203 1779 368 1850 Dominus
392 1796 519 1862 autem,
547 1782 797 1873 primogenitus
821 1781 945 1852 Mariae
970 1803 1046 1852 vere
1069 1780 1184 1852 dictus
1207 1794 1273 1863 est,
1302 1800 1364 1850 non
1386 1797 1444 1863 qun

201 1877 234 1938 et
253 1868 338 1938 alter
353 1870 397 1939 ab
413 1869 533 1939 eadem
559 1882 660 1940 natus
685 1871 739 1953 sit,
759 1870 818 1940 sed
842 1871 1006 1959 quoniam
1033 1870 1302 1960 primogenitus,
1321 1869 1381 1937 hoc
1400 1875 1441 1940 est

202 1957 390 2048 singularis
403 1958 808 2049 atqueincomparabilis‚
820 1960 957 2050 genitus
968 1958 1082 2029 fuerit.
1097 1963 1220 2029 Beatus
1236 1960 1318 2028 item
1330 1953 1440 2026 Paulus.

202 2045 280 2116 licet
298 2045 341 2116 de
357 2048 491 2116 Domini
508 2069 548 2116 ex
565 2053 661 2118 Patre
684 2048 743 2135 qui
763 2049 906 2118 estsine
932 2047 1113 2137 principio,
1140 2047 1302 2118 scribens
1324 2043 1439 2132 origine.

201 2134 293 2204 dicat
308 2135 407 2206 illam
426 2137 537 2226 primo
583 2137 692 2206 nitum
710 2137 824 2206 omnis
841 2148 1028 2218 creaturae,
1056 2157 1123 2206 non
1149 2148 1332 2226 propterea
1354 2144 1383 2202 et
1401 2150 1440 2197 m·

201 2223 344 2293 turalem
370 2224 518 2312 aliquem
560 2238 681 2295 ratrem
699 2225 731 2294 ei
747 2223 853 2295 luisse
869 2225 1002 2302 innuit:
1022 2226 1255 2313 nequeenim,
1278 2245 1356 2294 cum
1370 2239 1439 2288 aun·

201 2311 278 2382 dem
304 2312 455 2402 appellat
483 2313 751 2405 primogenitum
781 2325 1020 2394 mortuorum,
1053 2315 1119 2384 'arn
1144 2313 1297 2382 similem
1322 2311 1438 2395 aliquem

203 2400 391 2471 introduxit
415 2400 589 2472 infernum
608 2401 881 2473 conculcantem.
909 2335 1139 2485 Quamohem
1165 2401 1251 2473 haec
1277 2400 1439 2488 Scriptum

201 2490 302 2560 verba
328 2489 514 2580 prudenter
531 2490 714 2582 intelligas,
734 2504 767 2561 et
783 2491 838 2581 pie
861 2490 993 2561 credas.
1018 2490 1183 2562 Dominus
1208 2503 1381 2580 propterea
1401 2503 1437 2549 vt·

200 2591 298 2648 catur
315 2579 566 2668 primogenitus
589 2578 780 2660 amortuis,
800 2599 819 2648 a
835 2585 930 2650 Patre
949 2593 1014 2650 eta
1029 2581 1086 2649 Vir
1111 2580 1178 2662 ine,
1197 2592 1238 2649 ut
1253 2601 1292 2649 ex
1306 2573 1438 2647 omnihus

200 2667 255 2736 his
280 2669 390 2737 notior
405 2667 500 2738 lieret
515 2667 703 2758 singularis
715 2671 790 2756 ejus
813 2667 964 2758 dignitas
980 2689 1049 2756 qua
1064 2603 1158 2740 fihus
1174 2669 1232 2738 Dei
1254 2681 1315 2739 est.
1333 2671 1437 2734 Incom-

201 2755 366 2846 parabilis
390 2757 482 2827 enim
508 2755 573 2828 suit
598 2757 732 2826 Domini
756 2757 863 2858 origo.
891 2756 995 2842 Cujus
1017 2759 1110 2827 enim
1141 2770 1251 2828 mater
1278 2757 1350 2845 ipsa
1365 2751 1437 2834 Virgo

200 2857 261 2925 est,
280 2844 355 2932 ejus
378 2845 475 2935 origo
491 2867 560 2933 qua
576 2845 709 2916 ratione
723 2857 846 2934 poterit
861 2845 1047 2937 explicari?

248 2935 362 3019 §te
401 2933 496 3016 Quod
533 2947 647 3005 autem
673 2933 757 3004 dicit
781 2935 901 3005 beatus
925 2934 1133 3005 Matthaeus:
1160 2939 1232 3004 Dim
1256 2925 1435 3023 cognoscebat
1461 2975 1464 3018 a*

200 3043 298 3100 cam,
326 3021 426 3092 donec
457 3026 589 3114 peperit
618 3025 729 3114 fitium
761 3045 860 3092 suum
889 3025 1175 3115 primogenitum,
1217 3044 1285 3093 noo
1323 3021 1355 3088 in
1382 3023 1464 3081 eant

199 3110 401 3180 sententiam
420 3112 662 3202 accipiendum
681 3125 751 3193 est,
777 3113 811 3180 in
862 3133 940 3182 uam
973 3113 1030 3182 isti
1059 3133 1161 3202 prave
1180 3111 1362 3201 accipiunt.
1378 3107 1434 3194 lete
1460 3107 1461 3116 ’

199 3219 266 3268 non
288 3201 516 3290 cognoscebat
540 3199 636 3270 illam
659 3199 813 3291 Joseph,
836 3134 948 3271 donec
977 3201 1108 3291 peperit
1133 3199 1247 3270 filium
1272 3217 1366 3269 suum
1385 3208 1433 3280 ptt·
1463 3231 1464 3248 κ

200 3287 426 3376 magaritam,
457 3288 626 3375 quamdiu
650 3287 780 3358 scilicet
810 3289 911 3379 Virgo
936 3290 1022 3390 ipsa,
1049 3309 1151 3376 quam
1181 3293 1383 3376 conceperat,
1403 3273 1433 3341 lt·

199 3376 293 3446 rebat
308 3377 344 3445 in
370 3389 497 3447 ventre.
516 3382 670 3466 Namque
685 3377 811 3467 loseph
836 3377 920 3465 quid
945 3399 980 3446 m
1004 3398 1045 3448 ea
1069 3377 1188 3448 lateret
1215 3372 1391 3468 ignorabat.
1410 3371 1432 3428 el
1463 3437 1464 3440 ,

197 3466 309 3552 quale,
335 3478 545 3552 quantumve
577 3465 663 3536 illud
687 3479 787 3548 esset,
813 3478 844 3535 at
874 3477 977 3558 quem
1005 3466 1049 3537 ad
1074 3466 1179 3536 finem
1205 3487 1258 3536 res
1282 3461 1428 3552 spectaret

198 3575 264 3624 non
283 3567 381 3624 antea
407 3565 623 3646 perspectum
649 3555 781 3636 habuit,
811 3576 915 3643 quam
942 3556 1043 3646 Virgo
1068 3555 1210 3645 peperit.
1242 3559 1330 3624 Tunc
1350 3559 1429 3645 enlm·

196 3657 325 3730 quanta
340 3656 428 3713 esset
451 3644 526 3734 ejus
551 3643 658 3715 virtus
674 3667 713 3714 ac
729 3645 880 3734 dignitas
896 3641 1062 3714 divinitus
1080 3644 1110 3714 ei
1128 3643 1263 3722 collata,
1285 3631 1430 3728 maminoti

197 3733 365 3824 cognovit.
395 3737 489 3802 Tunc
521 3732 605 3802 vidit
632 3753 819 3802 mammam
841 3729 964 3802 inlanti
987 3755 1006 3802 a
1031 3732 1170 3889 Virgine
1199 3731 1331 3807 datam,
1354 3733 1428 3805 caps

198 3820 377 3911 virginalis
400 3821 464 3892 llos
489 3821 637 3892 intactus
653 3832 902 3912 permanserat.
934 3825 1028 3890 Tunc
1052 3822 1083 3890 vi
1112 3822 1137 3890 it
1165 3821 1330 3910 Virginem
1353 3822 1429 3907 title*

197 3911 282 3980 risse
298 3908 452 3996 quidem,
478 3910 537 3980 sed
558 3909 645 3980 nihil
662 3931 781 3980 corum
800 3909 949 3981 sensisse
971 3931 1060 3998 quae
1077 3909 1302 3999 parturientes
1319 3911 1377 4002 patr
1390 3909 1426 3960 so·

197 3998 277 4069 lent.
305 4004 400 4069 lunc
424 3999 583 4088 cognovit
615 4009 745 4090 petram
773 3997 869 4068 illam
895 4019 914 4066 e
943 3998 1069 4068 montis
1097 3997 1222 4068 vertice
1247 3995 1424 4074 abscissam..

199 4108 384 4158 mammam
418 4087 608 4178 sugendam
645 4087 782 4158 dedisse
812 4100 928 4178 petrae
956 4085 1007 4156 illi
1031 4085 1199 4177 spiritali,
1229 4079 1423 4179 quaetmcntrs
1463 4115 1464 4118 ,

197 4173 330 4244 lumine
353 4174 670 4265 comprehenditur.
696 4181 791 4246 lunc
821 4177 981 4266 cognovit
1002 4175 1128 4265 loseph
1151 4173 1325 4245 clarissimi
1350 4173 1423 4258 pite·
1463 4217 1464 4220 ,

198 4265 288 4331 conii
314 4264 515 4354 prophetam
534 4265 659 4335 lsaiam
677 4265 718 4334 de
735 4264 873 4365 Virgine
885 4263 943 4334 illa
961 4263 1025 4334 hoc
1041 4264 1239 4365 scripsisse:
1264 4265 1333 4332 tce
1349 4253 1419 4330 ΜΟ

196 4352 356 4439 concipiet
378 4353 459 4442 (Iso.
493 4352 563 4444 vu).
588 4358 770 4443 Propterea
794 4354 901 4444 igitur
924 4354 1175 4444 primogenitus
1190 4351 1308 4422 dicitur
1325 4345 1416 4409 lesu&
1463 4365 1464 4448 t
