2920 4810
14 258 50 320 ll,
71 261 101 322 ll
338 278 599 328 unnrrnouccrou
631 281 844 330 rucosrnlrmr
1091 261 1193 328 tota*

14 359 133 428 ,usccihl
145 361 580 440 mtumuenegatehujusri-
606 363 740 424 ricorurn
764 363 872 436 turha,
896 362 1047 426 nobilibus
1069 362 1144 422 viris
1165 378 1238 423 con·

14 441 241 514 rspemamiserit.
263 439 363 502 Uouru
378 449 580 522 tamensope·
607 440 692 517 terta,
715 441 856 521 plebsque
878 445 987 504 rustica
1015 440 1108 502 simol
1131 447 1161 502 et
1187 458 1238 502 nr-

14 517 577 596 n,quodejusuduciattarttnotnntxa,
606 521 695 593 bana,
717 522 779 597 pari
798 525 947 584 sententia
970 520 1111 592 clamant,
1127 520 1240 598 Grego-

16 595 123 658 llrtenus
137 597 306 662 vacillabat:
329 600 504 678 quinimmo
519 601 578 663 ler-
607 601 1237 675 riumdecernendum,cumclarismeritis,

14 677 75 736 otius
93 677 230 754 llagrans,
252 685 336 742 uoto
351 680 488 758 ejusdem
503 681 578 742 llar-
609 687 673 742 tum
686 696 807 759 quoque
829 682 987 744 nobilitate
1000 681 1178 760 pollentem,
1195 698 1239 742 sa·

17 755 174 819 idesiderlo
194 773 356 822 succensus
377 768 435 832 ost,
461 767 494 822 ut
508 777 578 822 cum
609 761 722 837 pientia
744 763 843 837 praeci
867 777 954 832 uum,
969 761 1170 839 generositate
1182 761 1241 836 prl-

14 849 41 894 us
60 850 127 911 pene
146 845 235 915 caput
248 838 290 899 illl
309 841 465 912 merserit,
479 840 517 902 ad
534 843 578 902 vi·
608 778 1241 929 momprincipissusnotumaosuaprobi-

14 913 81 976 idum
103 925 199 978 tamen
221 917 286 994 eius
306 918 500 997 sepulcrum,
522 920 579 983 iter
608 927 665 981 tate
684 922 902 994 reverendum,
917 920 1120 998 omnibusque
1135 918 1242 980 officiis

14 995 88 1070 ipere
111 1011 168 1056 noo
196 995 392 1062 dubitaverit.
423 997 486 1062 Nec
506 1016 577 1064 eum
609 997 751 1062 habilem.
775 999 901 1077 Legatlo
914 999 950 1060 ad
969 1014 1074 1077 regem
1087 999 1241 1074 dirigitur,

27 1073 162 1136 dehortari
185 1083 305 1152 possent
324 1093 393 1140 cum
408 1079 520 1142 obnixe
534 1095 578 1142 re·
608 1094 678 1140 cum
700 1079 837 1156 quidem,
859 1076 918 1142 [leo
939 1079 1142 1158 dispensante,
1165 1076 1240 1140 Gre-

14 1154 103 1212 erint:
132 1157 199 1230 qula
228 1159 363 1236 corporis
392 1157 440 1220 illa
467 1159 578 1234 labris,
608 1160 822 1235 goriuscoram
839 1159 1004 1238 reperitur.
1028 1158 1243 1232 behacigitur

14 1247 45 1291 re
63 1235 235 1296 uiooehatur
256 1239 377 1298 amoris.
401 1238 438 1300 Et
456 1239 578 1316 quidem
608 1253 696 1300 causa
717 1247 911 1312 conventus,
932 1245 1045 1315 quanta
1070 1237 1242 1300 humilitate

14 1313 151 1376 isduabos
173 1312 222 1376 vet
245 1316 341 1380 tribus
363 1317 579 1392 mansionibus,
608 1333 640 1378 se
666 1333 810 1379 excusare
833 1319 981 1390 tentavit,
1011 1317 1243 1394 quibusmodis

14 1393 77 1450 ueris
95 1397 245 1456 occasione
267 1395 374 1458 itidem
390 1395 519 1474 languor
533 1401 580 1459 in·
608 1396 777 1458 sohdncere
802 1399 882 1460 risus
903 1401 968 1458 est?
989 1395 1045 1458 Sed
1072 1397 1140 1474 quia
1164 1394 1241 1458 velle

14 1467 65 1529 luit.
85 1469 138 1534 Sed
167 1489 223 1536 nec
252 1483 325 1538 tunc
354 1481 479 1538 omnino
513 1481 580 1556 eogl
611 1476 662 1538 Del
678 1483 722 1537 est
738 1475 821 1551 hinc,
837 1485 953 1540 caetera
967 1476 1143 1560 flectuntur.
1157 1473 1243 1536 Hunc

14 1551 66 1621 luit,
83 1556 150 1629 quin
166 1553 201 1616 ad
215 1557 396 1634 propositam
412 1555 533 1619 hlartini
549 1559 581 1618 ll-
611 1571 664 1616 rex
691 1555 870 1620 auctoritate
891 1559 994 1632 cogit,
1018 1556 1100 1618 hunc
1127 1555 1242 1616 Brode-

14 1629 77 1690 ciam
103 1631 282 1704 lestinaret,
309 1637 434 1698 nomine
461 1637 582 1700 divinae
610 1633 718 1696 childis
729 1636 833 1712 regina
847 1644 1002 1714 perurget.
1026 1633 1083 1698 Sed
1099 1637 1242 1712 quonlam

14 1711 120 1780 sistatis
139 1711 351 1776 dehortatores
371 1715 533 1792 obtestans,
549 1724 583 1778 ut
611 1715 738 1777 discreta
767 1716 924 1778 humilitas
947 1713 1149 1778 obedientiam
1182 1728 1242 1774 ruod

14 1786 140 1862 lullum,
163 1791 211 1852 rel
237 1793 315 1856 torte
335 1793 514 1858 defunctum
536 1813 582 1872 se,
612 1799 750 1868 recusat,
774 1795 896 1858 modern
925 1791 1084 1872 aliquando
1105 1809 1244 1855 assensus

15 1873 37 1926 te
49 1868 103 1943 ejus
115 1871 285 1949 sepulcrum
298 1883 496 1952 exponerent.
508 1873 582 1948 Quid
612 1881 668 1934 est.
692 1873 800 1947 Quem,
825 1882 858 1935 ut
873 1873 975 1945 credo,
998 1889 1037 1936 ne
1051 1873 1184 1952 qualibet
1199 1887 1245 1932 oc·

14 1949 67 2004 {irat
84 1948 223 2011 Pervenit
252 1959 435 2031 utcumque:
464 1955 582 2031 probata
613 1953 734 2014 cesione
764 1953 879 2016 delatus
913 1953 1113 2032 profugeret,
1142 1953 1245 2014 statim

15 2039 49 2094 es,
67 2030 206 2104 perlectae
226 2031 332 2094 salutis
348 2047 470 2110 compos
482 2033 584 2096 ellectu
614 2031 762 2107 Aegidlus
787 2033 966 2096 Rhemensis
998 2031 1246 2109 archiepiscopus

14 2105 239 2174 ‡.ljtnonsolum
253 2110 587 2182 illesedethrruenta·
615 2111 779 2174 ordinavit.

14 2199 33 2240 rs
44 2187 148 2260 quidam
159 2205 196 2250 ex
208 2191 276 2268 ejus
286 2191 415 2266 clericis,
430 2194 483 2272 qui
495 2209 586 2256 sensu
661 2214 672 2244 r
687 2190 779 2254 Sedes
790 2192 1049 2270 itacue'lurooioa
1061 2190 1246 2254 octavodeci-

16 2266 80 2324 nitus
97 2278 248 2344 eruerat,
279 2273 389 2332 merito
417 2272 587 2350 praedictae
616 2286 664 2332 mc
685 2273 746 2342 die,
770 2279 922 2350 postquam
938 2271 1150 2354 Euphroniom
1168 2273 1245 2330 ami-

14 2341 43 2400 ler
63 2355 171 2410 sanatos
192 2359 252 2412 est.
277 2350 381 2425 Agens
402 2351 505 2428 itaque
525 2360 586 2414 tam
615 2357 706 2424 serat,
721 2349 903 2428 Gregorium
924 2351 1062 2428 suscepit.
1081 2350 1117 2410 Et
1131 2357 1246 2410 caetera

16 2435 74 2494 ⁰⁵⁸,
92 2443 176 2504 uuam
193 2445 248 2508 pro
270 2428 321 2490 illc
342 2432 466 2506 gratias,
487 2446 588 2493 amore
615 2429 882 2507 quihushunceta
897 2429 1248 2492 Turonenslhosdeslde·

14 2503 82 2564 utini
103 2510 281 2582 exsatiatus,
304 2507 352 2570 vel
375 2512 473 2586 potius
493 2512 589 2588 magis
617 2517 728 2576 ratum.
749 2510 830 2572 etad
852 2508 1023 2572 cathedram
1047 2508 1184 2585 legaliter
1200 2509 1248 2568 iu-

14 2595 117 2646 ccensus
135 2589 170 2650 ad
193 2589 324 2666 patriam
349 2588 476 2651 rediit...
498 2592 589 2652 huno
617 2589 909 2665 gressunostendtr.
932 2587 1068 2667 Adeptus
1078 2603 1154 2663 crgo
1165 2602 1250 2664 prae·

14 2662 120 2724 utesimo
138 2670 503 2747 septuagesimosecundo
526 2676 589 2747 post
617 2667 760 2740 sulatum,
784 2667 942 2745 qualisrel
962 2667 1250 2746 quantusluerit,ut

14 2745 118 2804 rusltom
138 2747 258 2810 domini
280 2747 413 2822 Martini,
430 2747 589 2826 Sigeberto
617 2746 829 2826 compendiose
851 2749 979 2820 dicatur,
1001 2755 1031 2809 et
1049 2745 1252 2824 plureseccle·

14 2833 39 2895 ge
57 2838 130 2884 norro
143 2827 326 2890 duodecimo
344 2835 503 2906 regnante,
522 2828 590 2891 bea·
618 2829 776 2904 elaeodes
793 2830 913 2889 noviter
927 2826 1109 2898 construxit,
1122 2825 1168 2886 rel
1181 2842 1252 2904 qua·

14 2913 23 2956 s
41 2899 246 2980 Euphronius,
268 2907 320 2984 qui
347 2910 429 2970 inter
461 2909 590 2970 uirtutes
619 2921 686 2968 rum
699 2918 777 2968 sarta
790 2913 863 2968 tecta
876 2909 1067 2978 restaurarit,
1080 2907 1251 2978 insinuant,

14 2992 199 3060 assuescens,
226 2989 312 3048 tanta
339 2988 436 3063 gratia
463 2986 591 3049 donatus
618 2993 649 3047 et
675 2985 744 3049 libri
777 2987 807 3047 in
836 2987 954 3048 laudem
977 2992 1179 3055 sanctorum,
1203 2985 1253 3048 rel

14 3065 29 3129 b
46 3069 74 3119 ut
96 3065 123 3124 ei
149 3067 327 3144 prophetiae
347 3066 472 3146 spiritus
495 3068 591 3128 inesse
621 3067 652 3127 iu
679 3066 868 3144 expositione
890 3075 1062 3129 sanctarum
1087 3065 1255 3141 scriptura·

14 3151 51 3196 sus
60 3141 111 3215 sit;
126 3147 276 3222 appositus
286 3153 331 3206 est
344 3147 381 3208 ad
396 3153 496 3223 patres
506 3162 588 3208 suos:
622 3147 782 3217 romediti,
795 3147 1019 3224 quamprimum
1032 3145 1253 3208 demonstrant.

14 3229 138 3300 unusque
158 3225 346 3296 advenerat,
370 3232 405 3286 ut
426 3223 593 3303 Gregorius
621 3224 748 3286 hlatrem
774 3241 908 3303 namque
942 3225 1132 3293 Ecclesiam,
1163 3241 1253 3314 quam

14 3309 68 3360 lore
82 3300 156 3364 beati
171 3303 295 3367 llartiui
317 3304 435 3368 dudum
452 3305 592 3383 llagrans,
622 3303 1147 3373 dominusMartinuscoostruxerat,
1159 3305 1252 3365 nimia

30 3377 60 3437 ad
85 3383 235 3457 pastoralis
264 3383 356 3446 officii
387 3383 593 3447 ministerium
623 3383 1090 3457 vetustatecenlectam,arcuato
1103 3383 1256 3445 schemate

14 3467 93 3518 cneus
118 3461 304 3542 Episcopus,
330 3462 502 3526 cathedram
531 3463 595 3541 ejus
623 3463 785 3539 reparavit,
800 3469 891 3540 atque
907 3464 1072 3525 historiatis
1091 3461 1257 3540 parietibus

14 3543 417 3626 casuaregendamsuscipere
430 3543 593 3605 debuisset.
624 3557 677 3642 per
690 3541 826 3619 ejusdem
848 3541 968 3605 Martini
983 3547 1068 3628 gesta
1089 3542 1255 3605 decorarit.

14 3625 48 3672 lm
61 3619 146 3690 igitur
167 3621 275 3686 heatus
295 3622 491 3699 Euphronius
504 3623 596 3684 oblis-
624 3622 681 3683 hed
713 3621 813 3700 plures
839 3620 912 3686 alias
932 3623 984 3700 (ot
1007 3621 1158 3696 diximus)
1181 3635 1257 3686 con.-

16 3699 33 3762 h
51 3693 186 3762 Turonlci
208 3703 247 3766 de
260 3702 325 3779 ejus
345 3717 516 3764 successore
539 3710 596 3764 tra·
624 3701 750 3772 struxit,
771 3701 851 3764 sicut
865 3702 921 3764 ini
944 3702 1008 3764 slus
1025 3699 1185 3764 Chrcnlcis
1206 3716 1257 3762 re·

14 3777 76 3857 atorl
90 3783 286 3844 conveniunt.
310 3780 368 3842 Sed
387 3781 470 3846 lacili
491 3783 596 3844 discrl·
627 3779 752 3858 peritur,
765 3787 857 3844 otest
870 3717 995 3844 eccfesia
1009 3789 1127 3844 sauctae
1143 3778 1261 3870 Crucis,

17 3859 596 3939 rnesuasumcstcunctis,Gregoriumin
628 3858 675 3922 vel
691 3861 723 3922 in
744 3861 865 3924 Artensl
888 3861 970 3924 villa.
992 3858 1027 3922 lu
1050 3859 1262 3924 construendus

15 3931 112 3998 actione
126 3940 373 4016 praeterendum.
389 3941 550 4004 Personam
567 3942 598 4003 ln
628 3955 701 4002 vero
728 3939 937 4018 spiritualibus
959 3940 1092 4018 templis,
1119 3941 1263 4003 videlicet

16 4021 43 4066 co
61 4011 325 4095 ireqoeotlssimam
343 4019 404 4097 jam
427 4020 503 4084 olim
525 4021 599 4082 soie·
629 4021 660 4082 io
675 4019 807 4082 custodia
823 4021 937 4160 gregis,
971 4035 1039 4082 uam
1051 4021 1264 4106 certatimseee

14 4095 59 4160 llll,
78 4094 217 4176 pluraque
231 4100 297 4178 ejus
312 4109 395 4178 gesta
418 4102 486 4162 viro
506 4099 598 4178 digna
628 4099 823 4176 impenderit,
846 4115 883 4162 ve
909 4116 945 4162 ex
984 4115 1019 4162 oc
1039 4097 1263 4162 animadverti-

14 4177 599 4244 inuenerant'l'uncverccunctisincon·
630 4187 693 4251 tor,
709 4178 787 4258 quod
805 4193 861 4242 uec
874 4179 912 4240 ab
927 4181 997 4257 ipsis
1011 4179 1135 4258 quidem
1153 4179 1266 4240 sanctis

14 4259 47 4306 *¹¹³
67 4267 134 4316 rose
153 4259 340 4332 coeuntibus,
357 4275 511 4329 cerneres,
540 4259 601 4320 Deo
629 4259 703 4320 viris
723 4259 858 4320 studium
879 4274 949 4320 suae
971 4256 1202 4337 praedicationis
1216 4257 1266 4320 ab·

15 4334 102 4404 rente,
122 4349 239 4400 cauum
253 4341 431 4418 prosperari.
454 4339 530 4404 Nam
544 4338 602 4401 cle·
630 4338 747 4398 stiooit.
771 4335 861 4412 Nam,
878 4343 912 4398 ut
925 4337 963 4398 de
978 4337 1025 4400 his
1037 4343 1180 4410 taceatur,
1197 4353 1268 4416 quo·
