2954 4816
35 245 101 309 but.
120 245 153 308 at
434 267 472 312 na
496 265 523 312 s.
550 264 658 313 rnona
680 265 837 314 arosroto
938 208 941 212 ⁵
1161 247 1224 311 375

32 361 203 418 ornamento
219 361 252 418 et
267 348 386 430 lorlca,
405 371 443 419 ea
459 349 614 432 indutus,
627 371 726 420 eoma
742 349 915 431 sordidus,
931 349 1027 418 vultu
1042 348 1203 439 pallidus,
1221 361 1270 418 to-

32 448 73 506 tus
86 435 194 505 aridus
208 450 240 506 et
253 438 450 528 exsanguis,
467 451 499 508 et
517 439 617 528 plane
634 461 735 509 succo
752 460 883 520 carens,
903 451 946 519 et,
967 451 1004 506 ut
1020 436 1124 507 semel
1141 437 1267 518 dicam,

30 546 82 592 non
105 537 165 594 tam
190 547 318 616 corpus
333 547 437 612 quam
459 529 617 596 umbram
635 528 788 618 eorporis
807 525 1063 605 circumferens,
1084 525 1222 596 sordido
1239 538 1270 594 et

30 614 90 681 trito
111 614 252 684 amictus
298 613 399 696 allio,
427 615 580 685 moribus
603 615 711 697 lanis,
739 637 895 686 sermone
918 614 1024 694 utilis,
1051 614 1150 684 lactis
1174 613 1270 683 valde

29 701 240 856 {dmirabiliffi
274 637 522 774 Eumilioribus
546 726 582 774 se
609 703 909 785 accommodabat,
940 703 1083 793 spiritus
1110 703 1270 772 altiorum

47 812 211 876 eprimens.
618 855 623 864 ,
1032 837 1036 851 ·

61 881 138 964 §lb
162 884 245 950 Cum
272 879 400 950 talibus
422 879 576 950 moribus
591 880 706 950 atrita
728 880 902 970 praeditus
918 878 960 949 ad
986 878 1090 948 Indos
1108 880 1270 960 venisset,

29 967 183 1054 risumque
204 968 237 1036 ei
261 981 351 1039 esset
367 969 477 1058 gentis
494 969 629 1059 ingredi
643 969 816 1048 interiora,
844 980 1022 1059 postquam
1046 967 1130 1038 vidit
1148 967 1269 1038 salsam

28 1052 204 1126 daemonum
224 1056 426 1147 religionem
445 1079 502 1128 eos
517 1057 829 1146 comprehendisse,
851 1069 884 1127 et
907 1056 988 1126 imis
1004 1077 1121 1126 eorum
1144 1056 1272 1126 animis

30 1143 193 1225 insedisse,
215 1167 287 1216 nou
313 1146 427 1231 statim
459 1149 622 1236 processit
644 1145 685 1214 ad
712 1167 770 1215 eos
794 1144 1011 1226 refellendos,
1039 1166 1107 1214 non
1137 1145 1272 1214 induxit

32 1233 300 1331 reprehensiones
320 1255 387 1303 non
412 1246 587 1322 tamquam
613 1233 859 1304 medicamento
883 1255 968 1304 usus
989 1245 1039 1302 est
1054 1234 1269 1304 austeritate:

31 1323 133 1390 screbat
153 1321 245 1392 enim
264 1323 356 1410 quod
372 1344 460 1410 quae
480 1321 582 1414 longa
597 1323 846 1392 consuetudine
863 1325 897 1391 in
920 1322 1044 1392 nostris
1068 1321 1272 1391 confirmata

30 1423 93 1476 sunt
105 1411 236 1492 animis,
254 1433 324 1481 uon
347 1423 489 1500 possunt
500 1410 600 1480 iacile
615 1410 732 1492 deleri,
755 1423 789 1481 et
806 1410 1026 1501 persuasione
1041 1409 1152 1501 magis
1166 1430 1269 1498 quam

31 1495 246 1569 dmutantur.
274 1505 455 1589 Propterea
481 1501 591 1590 magis
610 1501 718 1570 utitur
736 1498 1010 1578 mansuetudine,
1031 1510 1064 1566 et
1084 1499 1184 1568 bonis
1202 1520 1273 1567 mo-

31 1584 116 1665 ribus,
139 1600 171 1657 et
194 1587 336 1659 blandis
360 1587 482 1668 verbis,
503 1609 649 1677 magnus
665 1600 698 1658 et
714 1588 853 1679 dignus,
875 1587 935 1674 qui
958 1587 993 1655 in
1019 1587 1147 1657 honore
1167 1586 1272 1656 habe-

31 1685 115 1754 retur,
132 1697 195 1746 non
213 1698 254 1746 ex
270 1676 363 1746 fastu
379 1688 411 1746 et
427 1689 570 1758 tumore,
588 1689 621 1745 et
636 1677 748 1748 verbis
767 1677 971 1767 magnificis,
991 1674 1048 1744 sed
1067 1696 1106 1744 ex
1122 1675 1221 1745 lactis
1240 1689 1273 1745 et

33 1761 121 1856 signis
143 1767 191 1834 eis
215 1786 401 1856 apparens,
428 1777 460 1834 et
484 1765 612 1854 insigni
636 1766 771 1845 Christi,
802 1787 924 1854 nempe
949 1763 1153 1844 humilitate,
1176 1763 1273 1833 valde

34 1864 163 1922 ornatus:
181 1875 251 1942 quo
276 1853 415 1940 quidem
441 1874 499 1922 eos
523 1854 633 1944 magis
656 1855 821 1943 capiebat,
843 1867 876 1923 et
899 1852 1089 1924 attrahebat
1108 1852 1150 1920 ad
1176 1853 1272 1942 agni·

34 1937 253 2038 tionemquod
285 1955 374 2012 esset
400 1941 562 2030 operibus
588 1941 728 2029 quidem
756 1941 982 2022 admirabilis,
1010 1941 1135 2031 spiritu
1158 1954 1271 2010 autem

32 2038 146 2100 mrtrset
162 2031 373 2100 moderatus.
401 2034 519 2118 ltaque
543 2029 624 2100 moti
648 2029 875 2100 admiratione
891 2029 980 2111 lndi,
1007 2051 1127 2119 rogare
1151 2049 1271 2118 coepe-

33 2129 94 2183 mnt
106 2120 262 2203 quisnam
281 2131 382 2198 esset,
401 2131 433 2188 et
446 2119 548 2208 cujus
563 2139 698 2208 genere,
713 2131 745 2188 et
759 2139 929 2206 quaenam
945 2131 1033 2188 esset
1049 2119 1124 2208 ejus
1139 2116 1270 2205 religio,

34 2213 58 2269 et
71 2206 150 2292 quod
167 2207 338 2278 studium.
365 2206 426 2278 llle
449 2219 562 2277 autem
579 2207 742 2298 (habebat
755 2209 847 2276 enim
864 2207 899 2276 in
921 2229 958 2276 se
973 2207 1144 2277 Christum
1166 2205 1273 2295 magi-

34 2295 135 2386 strum)
160 2295 283 2366 leniter
306 2309 340 2366 et
363 2295 513 2366 modeste
540 2295 728 2386 respondit,
761 2295 852 2383 qaod
873 2309 961 2366 esset
1009 2317 1109 2364 enare
1132 2293 1271 2381 quidem

31 2378 162 2480 judaeus,
183 2383 382 2473 discipulus
405 2395 518 2454 autem
544 2385 693 2474 insignis
716 2383 810 2454 illius
835 2385 954 2454 llosis:
981 2317 1088 2466 illius,
1114 2383 1270 2480 inquam,

33 2469 121 2564 llpsrs,
144 2474 202 2559 qui
227 2481 311 2543 cum
338 2477 402 2542 lleo
421 2482 472 2544 est
495 2472 702 2556 collocutus;
721 2472 844 2542 deinde
867 2474 969 2542 etiam
986 2473 1110 2542 Christi
1134 2471 1196 2540 filii
1215 2474 1272 2540 Der

34 2552 211 2646 discipulus,
230 2561 293 2650 qui
317 2561 408 2630 venit
426 2560 467 2631 ad
488 2561 609 2631 mundi
633 2560 790 2642 salutem,
812 2572 844 2630 et
858 2561 949 2650 quod
971 2561 1073 2630 vitam
1098 2572 1272 2630 aeternam

33 2653 56 2739 et
70 2647 251 2720 animarum
275 2649 423 2718 salutem
448 2649 575 2720 veniret
598 2651 862 2720 annuntiatum:
888 2650 1016 2738 quibus
1040 2647 1099 2739 qui
1118 2646 1274 2718 credide-

34 2745 95 2828 rint,
108 2751 202 2808 erunt
218 2736 448 2807 ineffabilium
461 2737 630 2808 bonorum
650 2738 844 2828 participes.
855 2743 1033 2808 'Praeterea
1046 2749 1162 2808 narrat
1177 2736 1273 2806 Chri-

34 2829 66 2914 ‚⁵¹¹
85 2823 134 2892 bei
156 2827 255 2898 Verbi
282 2825 548 2907 demissionem;
582 2825 749 2914 refertque
774 2826 941 2896 miracula
960 2847 1048 2913 quae
1070 2823 1160 2907 lecit,
1187 2824 1271 2894 dum

33 2926 58 2972 m
74 2913 162 2983 terris
177 2916 211 2983 in
234 2935 341 2986 carne
357 2927 487 3004 ageret3
510 2914 690 3003 ipsamque
707 2915 915 3005 passionem,
933 2935 1021 3002 quae
1039 2914 1157 2984 multis
1176 2914 1271 2982 vide·

36 3001 264 3086 turprobrosa;
284 3005 444 3072 virtutem
470 3004 740 3084 resurrectionis,
766 3016 799 3072 et
822 3002 863 3072 ad
884 3003 996 3074 coelos
1020 3003 1270 3074 ascensionem.

35 3089 152 3178 rtujus
178 3090 385 3182 discipulus,
413 3091 536 3178 inquit,
561 3113 624 3181 ego
647 3105 680 3162 et
704 3092 860 3162 minister
884 3091 1157 3172 admirabilium,
1185 3111 1273 3177 quae

35 3190 92 3258 rpse
103 3175 185 3260 lecit,
205 3179 467 3260 miraculorum,
480 3191 582 3268 atque
596 3181 826 3262 oeconomiae,
841 3202 910 3267 qua
923 3179 986 3250 luit
1001 3185 1089 3250 Deus
1108 3190 1141 3250 et
1156 3179 1270 3258 homo,

36 3276 146 3360 creatus
167 3290 243 3338 sum
266 3289 401 3359 praeco.
428 3268 532 3357 Cujus
551 3269 764 3339 annuntians
783 3270 817 3338 in
839 3269 996 3338 homines
1013 3267 1272 3358 benignitatem,

36 3357 59 3414 et
77 3371 269 3426 immensam
289 3357 323 3424 in
341 3357 434 3446 ipsos
453 3357 736 3438 misericordiam,
754 3357 796 3426 ad
812 3378 997 3444 rususque
1016 3356 1156 3426 accessi.
1169 3355 1274 3444 Cujus

38 3431 124 3510 lactus
141 3465 214 3516 sum
234 3450 345 3535 Mysia
358 3457 391 3514 et
407 3445 597 3534 Apostolus.
616 3451 655 3516 Et
676 3468 755 3516 cum
775 3447 859 3536 ipsis
883 3445 993 3516 oculis
1008 3444 1096 3515 laeta
1120 3446 1164 3514 sit
1190 3443 1275 3512 mihi

39 3520 241 3628 lldeseorum,
271 3554 360 3621 quaa
384 3533 559 3614 dicuntur,
579 3556 646 3604 uon
666 3535 784 3615 viena,
811 3534 872 3624 qui
895 3545 1067 3604 renuunt:
1094 3531 1153 3604 sed
1180 3531 1276 3600 omni

39 3609 175 3690 charitate
190 3621 379 3712 amplector
401 3643 470 3704 eos,
488 3622 550 3709 qui
570 3622 830 3714 persuadentur.
850 3645 868 3690 a

71 3703 172 3786 lto.
197 3711 260 3782 llis
274 3721 307 3780 et
323 3710 483 3800 pluribus
506 3710 584 3781 aliis
606 3710 772 3781 divinitus
797 3711 938 3800 prolatis
962 3709 1085 3793 verbis,
1112 3708 1275 3778 Indorum

42 3793 165 3876 ruputas
178 3798 219 3866 ad
239 3799 442 3977 mpsterium
458 3797 685 3879 introductus,
704 3800 776 3868 suis
796 3799 923 3868 animis
940 3799 1091 3888 suscepit
1113 3797 1209 3867 verbi
1227 3817 1278 3865 se·

44 3893 112 3945 nen.
131 3885 251 3956 Deinde
285 3899 323 3956 ut
338 3887 450 3958 dicam
467 3909 546 3956 cum
562 3887 680 3957 divino
696 3886 904 3978 Evangelio),
922 3887 1063 3955 Domino
1078 3884 1275 3972 adjuvante,

46 3973 69 4027 tl
81 3986 259 4044 sermonem
282 3974 507 4045 conflrmante
532 3998 592 4065 per
615 3976 714 4076 signa
730 3976 986 4063 consequentia,
1013 3972 1181 4064 paulatim
1204 3973 1281 4060 qui·
1363 3981 1367 3989 '

48 4045 249 4134 demandarat
268 4075 349 4135 sunt
372 4064 415 4133 ab
440 4063 610 4134 idolorum
636 4064 863 4135 libaminibus
886 4075 919 4132 et
938 4061 1256 4133 abominationibus
1273 4086 1281 4146 ;

51 4137 79 4205 ll
91 4163 189 4246 veram
207 4164 320 4222 autem
337 4151 442 4222 fidem
459 4165 695 4234 accesserunt;
712 4165 745 4222 et
761 4153 810 4222 sic
826 4151 1027 4242 Apostolicis
1048 4151 1283 4222 transformati

53 4219 195 4324 lutrinis,
220 4241 353 4310 Christo
379 4239 566 4312 familiares
595 4253 776 4311 evaserunt
804 4263 864 4331 per
890 4240 1116 4331 baptismum,
1136 4239 1222 4310 adeo
1245 4251 1284 4310 ut

54 4321 127 4388 tham
140 4346 244 4416 usque
262 4329 307 4400 ad
325 4330 439 4420 ipsum
457 4333 583 4422 Regem
603 4329 794 4419 pervenerit
809 4329 1029 4420 praedicatio,
1052 4328 1188 4400 etiamsi
1213 4350 1281 4399 non
