3046 4838
251 327 293 392 30
613 345 653 392 nn
676 345 704 393 s.
726 344 830 392 nnrcro
854 345 903 391 nr.
930 343 1060 392 novior.
1338 326 1419 392 ΗΕΒ.
1444 328 1454 390 l

207 430 429 520 Rothomago,
456 429 604 500 illevero
629 429 800 499 Noviomo.
826 434 932 516 Atque
949 430 994 498 ita
1011 429 1218 520 Episcopatu
1240 440 1407 518 suscepto,
1423 429 1460 498 ad
1509 447 1510 510 3

206 518 320 590 sedem
346 540 446 588 suam
468 539 637 598 remeans,
657 517 793 605 qualem
817 539 852 588 se
875 518 1049 607 deinceps,
1073 531 1311 606 quantumque
1327 518 1462 608 praesti·
1509 575 1510 588 ,

205 607 292 688 terit,
318 607 396 693 quis
416 605 520 708 digne
536 607 645 676 valeat
660 607 856 696 explicare?
878 607 1033 694 Autquis
1058 609 1151 676 tantb
1175 605 1354 676 verborum
1370 607 1462 696 copia

206 697 393 766 instructus
410 707 542 777 existat,
574 695 623 764 vel
648 717 736 783 quae
759 695 867 765 oratio
894 707 1007 766 tantae
1026 695 1219 765 affluentiae
1242 695 1395 777 ubertate
1419 717 1462 764 re·

203 783 346 865 dundet,
373 805 461 871 quae
492 797 580 854 recte
604 783 691 854 facta
725 785 800 874 ejus
824 785 881 864 ita,
913 796 952 854 ut
977 806 1038 873 par
1060 796 1122 866 est,
1154 785 1314 874 prosequi
1335 783 1463 874 possiti
1509 803 1510 862 3

202 871 374 962 Idemipse
393 893 528 962 semper
551 873 731 954 robustus,
760 872 802 942 ad
836 873 970 943 virtutis
1001 873 1199 944 instantiam
1226 893 1262 942 se
1282 893 1458 950 exercens,
1509 871 1510 964 l

203 961 480 1032 constantissime
504 961 539 1028 in
564 975 683 1051 coepto
707 962 880 1052 proposito
905 962 1153 1052 perseverabat.
1174 961 1298 1030 Eadem
1318 963 1351 1029 in
1370 959 1464 1030 corde
1509 969 1510 1040 t

203 1049 402 1128 humilitas,
428 1049 547 1132 eadem
578 1051 613 1118 in
640 1049 734 1120 vultu
783 1051 907 1120 navitas
937 1063 1019 1120 erat.
1046 1050 1170 1120 Eadem
1197 1071 1276 1138 erga
1303 1070 1463 1139 pauperes
1509 1043 1510 1122 l

202 1159 297 1218 cura,
325 1137 456 1216 eadem,
474 1159 562 1226 quae
587 1139 695 1228 prius,
725 1073 919 1209 sollicitudo
943 1139 1158 1209 cernebatur.
1178 1139 1304 1208 Eadem
1332 1138 1462 1208 dilectio
1509 1137 1510 1208 l

201 1225 362 1308 fraterna,
379 1226 498 1296 eadem
517 1227 640 1296 mentis
655 1229 846 1298 constantia
865 1229 894 1297 ei
913 1228 1153 1317 permanebat:
1180 1228 1248 1298 nisi
1271 1225 1362 1314 qnod
1392 1227 1462 1316 Epi·

202 1315 349 1404 scopalis
380 1315 553 1416 dignitas,
579 1337 667 1402 quae
698 1316 775 1386 aliis
813 1337 957 1406 pompae
988 1315 1176 1386 lomentum
1206 1315 1464 1385 subministrare

200 1403 296 1485 solet,
314 1405 345 1472 ei
362 1425 474 1492 majus
491 1404 692 1490 abjectionis
713 1405 865 1474 studium
882 1404 1015 1474 attulit:
1033 1417 1065 1474 et
1080 1406 1171 1473 unde
1187 1403 1246 1473 alii
1264 1403 1306 1472 ad
1333 1413 1461 1492 tempus

202 1492 360 1562 videntur
382 1492 507 1574 extolli,
526 1493 606 1562 inde
628 1492 780 1582 amplius
804 1493 861 1562 ille
878 1493 1057 1564 humiliari
1074 1493 1218 1564 studuit.
1243 1499 1320 1562 Erat
1338 1493 1462 1564 Christo

201 1602 336 1670 semper
351 1581 537 1670 subjectus,
564 1581 740 1651 devotione
761 1595 925 1666 armatus,
952 1581 1107 1652 doctrina
1136 1583 1355 1672 praecipuus
1383 1603 1461 1672 pon-

200 1669 487 1758 tificatudignus,
514 1670 657 1742 humilis
677 1669 711 1738 in
737 1670 865 1739 honore
886 1670 1088 1752 recusando,
1116 1671 1275 1740 subditus
1300 1671 1334 1738 in
1361 1670 1462 1740 susci·
1509 1743 1510 1754 χ

199 1758 336 1848 piendo,
363 1758 458 1830 exsul
475 1769 695 1849 spontaneus,
723 1757 791 1828 fide
815 1758 1049 1848 plenissimus,
1077 1758 1310 1829 obediensDei
1332 1781 1462 1848 praece·
1509 1761 1510 1842 l

199 1847 278 1946 ptis,
300 1845 442 1917 credens
466 1847 542 1934 ejus
567 1847 757 1937 promissis,
786 1869 926 1948 peregre
947 1846 1113 1936 locuples,
1143 1847 1313 1918 industria
1344 1847 1458 1926 solers,
1509 1843 1510 1938 l

198 1957 232 2003 tn
251 1957 358 2036 opere,
377 1935 511 2016 docilis,
541 1957 601 2026 spe
626 1935 847 2026 longanimis,
874 1959 908 2005 tn
937 1936 1108 2023 colloquio
1138 1937 1287 2025 sepiem,
1315 1936 1462 2025 prudens

198 2023 233 2092 in
259 2024 426 2105 consilio,
453 2025 487 2092 in
513 2025 600 2093 corri
627 2025 725 2093 endis
756 2025 847 2094 vitiis
877 2025 1080 2106 vehemens,
1115 2023 1291 2116 diligendo
1315 2025 1459 2103 ardens,
1509 2043 1510 2108 ξ

199 2113 332 2212 patiens
358 2113 391 2180 in
418 2113 581 2195 adversis,
601 2048 696 2183 lltrtis
713 2113 747 2181 in
774 2113 948 2200 periculis,
976 2114 1010 2182 in
1032 2113 1226 2202 disciplinis
1252 2125 1459 2192 mansuetus,
1509 2117 1510 2202 l

197 2223 232 2269 m
250 2200 476 2290 eleemosynis
494 2201 622 2292 largus,
641 2203 675 2270 in
701 2202 825 2270 studiis
845 2201 1019 2280 assiduus,
1041 2215 1133 2272 metu
1150 2203 1269 2270 mortis
1285 2201 1458 2280 sollicitus,
1509 2205 1510 2256 t

197 2290 232 2358 in
252 2290 372 2359 timore
390 2291 444 2358 ttei
465 2289 624 2371 eximius,
645 2291 678 2358 in
705 2290 869 2382 religione
888 2290 1105 2380 magnificus,
1127 2291 1159 2358 in
1190 2291 1343 2377 exequiis
1364 2291 1460 2358 devo-

197 2390 263 2460 tus,
285 2377 518 2448 misericordia
543 2378 698 2459 illustris,
723 2380 756 2448 in
782 2378 966 2468 disciplina
991 2393 1172 2460 strennua,
1201 2378 1380 2449 excellenti
1411 2379 1457 2446 in-

195 2467 296 2556 genio
322 2466 508 2555 praeditus,
532 2466 666 2556 justitia
685 2467 843 2558 insignis
867 2469 1043 2536 severitate
1074 2467 1255 2548 terribilis,
1284 2479 1460 2558 promptus

195 2553 237 2624 ad
264 2555 511 2624 humanitatem
528 2555 805 2637 etelementiam,
825 2555 867 2624 ad
894 2555 1143 2646 ignoscendum
1170 2569 1323 2643 paratus,
1349 2555 1459 2625 bumi-

194 2642 287 2712 litate
302 2665 473 2724 summus,
494 2643 723 2734 hospitalitate
738 2645 956 2734 praecipuus,
977 2644 1123 2714 nutritor
1137 2643 1251 2734 gregis
1268 2645 1456 2733 piissimus,

197 2745 312 2819 pastor
336 2730 505 2800 Ecclesiae
530 2731 728 2820 providens,
757 2733 974 2823 dispensator
1008 2732 1131 2812 fidelis,
1164 2733 1356 2802 moderator
1382 2732 1461 2802 insi-

146 2845 149 2850 ·
194 2819 284 2909 gnis,
311 2818 435 2888 delicta
461 2821 597 2909 propria
616 2842 751 2900 cavens,
772 2822 883 2891 aliena
900 2834 937 2892 ut
952 2843 1016 2892 sua
1033 2821 1166 2910 lugens,
1187 2821 1278 2911 plebi
1299 2820 1462 2892 salutaria

195 2907 323 2976 monita
346 2907 526 2990 adhibens,
546 2929 690 3010 eamque
704 2909 826 2980 Christi
847 2921 1025 3002 praecepta
1045 2910 1183 2990 docens,
1206 2922 1379 2999 protervos
1396 2931 1459 2978 non

194 2996 312 3076 armis,
341 2996 398 3064 sed
427 2997 588 3086 patientia
613 3020 763 3080 vincens,
795 2999 962 3088 superbos
996 2999 1118 3068 Christi
1139 2998 1226 3088 jugo
1258 2999 1461 3068 suavissimo

195 3084 358 3155 subdens.
386 3089 526 3174 Semper
545 3087 579 3154 in
604 3086 778 3174 obsequiis
803 3109 1007 3178 pauperum,
1026 3087 1059 3155 in
1083 3087 1278 3156 adhibenda
1299 3109 1335 3155 er
1361 3109 1380 3156 e
1406 3109 1460 3176 pe·

193 3174 347 3264 regrinos
361 3172 538 3264 diligentia
557 3173 815 3265 infatigabiliter
837 3175 1055 3266 perdurabat,
1076 3177 1187 3262 iisque
1208 3175 1294 3245 adeo
1312 3109 1461 3244 olbciose

193 3261 408 3344 inserviebat,
430 3275 466 3333 nt
493 3264 559 3336 nisi
583 3263 662 3351 quis
692 3264 869 3335 fundatam
892 3265 925 3332 in
958 3264 1091 3334 Christo
1118 3264 1257 3334 baberet
1282 3276 1456 3342 mentem,

193 3351 421 3440 proculdubio
437 3351 706 3442 ignominiosum
735 3366 868 3443 putaret
885 3353 966 3423 talia
991 3353 1040 3423 vel
1066 3353 1269 3440 aequalibus
1286 3351 1456 3431 exhibere,

190 3440 306 3527 qualia
329 3438 388 3510 ille
405 3441 570 3532 perpetim
588 3440 723 3524 luridis,
743 3442 891 3511 infirmis
915 3455 946 3512 et
966 3441 1236 3531 despicabilibus
1254 3442 1456 3531 praestabat.

192 3529 343 3618 Denique
367 3530 462 3600 omni
485 3529 679 3620 Episcopali
703 3533 829 3621 pompa
852 3531 1059 3620 posthabite,
1087 3530 1206 3619 populi
1235 3529 1387 3687 neplecto
1404 3552 1460 3618 ag·

192 3618 296 3696 mine,
315 3617 518 3688 clericorum
537 3619 725 3708 postposita
750 3619 953 3706 frequentia,
972 3619 1215 3689 famulantium
1247 3641 1283 3688 re
1299 3618 1375 3688 ictis
1399 3619 1459 3688 cb-

192 3707 332 3805 sequiis‚
360 3729 549 3794 pauperum
576 3728 711 3796 semper
733 3720 766 3778 et
789 3707 1003 3797 captivorum
1034 3707 1283 3778 consuetudine
1305 3722 1338 3776 ct
1361 3706 1458 3775 fami·

191 3792 336 3864 ilaritate
355 3795 597 3866 delectabatur.
625 3800 743 3883 ltaque
770 3797 916 3867 habebat
943 3807 1073 3867 certum
1101 3797 1286 3882 quendam,
1312 3815 1457 3881 eumque
1509 3809 1510 3876 t

190 3897 359 3952 secretum
387 3884 521 3966 locum,
559 3884 592 3953 in
618 3907 721 3972 quem
756 3886 857 3956 certis
881 3885 1076 3973 quibusque
1104 3885 1227 3954 diebus
1261 3906 1385 3974 egenos
1421 3903 1457 3950 ac

190 3971 320 4044 debiles
335 3972 576 4054 intromittens,
600 3973 674 4074 ipse
691 3985 728 4042 ut
743 3987 842 4045 antea
863 3985 1097 4053 consueverat,
1126 3973 1335 4042 famulorum
1367 3991 1458 4040 more
1509 3969 1510 4024 i

190 4073 360 4150 satagens,
395 4062 513 4131 devote
536 4062 585 4132 eis
615 4063 831 4145 inserviebat,
859 4063 1051 4150 squalentia
1076 4063 1193 4132 lavens
1217 4063 1352 4151 capita,
1379 4081 1458 4128 con·
1509 4145 1510 4150 Ἰ

188 4161 315 4218 cretam
340 4148 596 4236 deformemque
615 4151 799 4221 caesariem
824 4153 962 4242 propria
990 4174 1095 4222 manu
1120 4151 1257 4233 radens,
1280 4164 1396 4240 potum
1418 4169 1456 4215 ac
1509 4187 1510 4220 2

189 4235 305 4305 cibum
336 4238 484 4328 singulis
519 4238 696 4340 praebens.
729 4241 880 4326 Denique
908 4238 1030 4310 collato
1063 4240 1204 4310 cuilibet
1235 4259 1392 4316 munere,
1425 4247 1456 4304 et

189 4323 293 4394 nudis
317 4327 418 4395 etiam
445 4327 584 4406 vestttiS,
613 4327 808 4396 humaniter
834 4351 892 4398 eos
916 4329 1119 4410 dimittebat;
1148 4328 1285 4416 illisque
1312 4327 1354 4396 ab
1387 4345 1455 4421 nna
1509 4349 1510 4416 3

189 4427 283 4500 parte
322 4415 536 4498 exeuntibus,
566 4415 669 4496 cline,
692 4417 720 4485 si
745 4416 922 4500 adessent,
950 4439 989 4486 ex
1020 4417 1125 4488 altera
1151 4430 1245 4507 parte
1278 4413 1453 4485 intromitti
