2934 4810
22 287 98 352 ltlltl.
126 289 160 354 lb·
176 309 213 356 ur
231 291 272 355 ld
414 309 677 356 usnrrnotonruu
701 311 916 360 nausausruu
1165 295 1268 363 l085*

21 403 85 462 agro
99 390 266 450 drmitteret
289 390 436 463 babitare,
453 392 548 452 multo
572 403 646 454 tem·
674 399 815 454 mortuns
830 403 894 472 post
908 395 1015 456 cecidit
1030 395 1104 474 ipse.
1121 395 1195 458 Nam
1218 399 1311 462 etalii

23 483 81 540 pore
98 469 128 529 in
144 475 235 532 strata
252 470 372 547 publica
395 471 475 532 nudo
495 471 554 533 sub
574 473 646 534 a'ere
673 473 893 550 quamplurimi
909 473 1028 550 sagittis
1043 477 1191 552 etjaculis
1205 480 1236 538 in
1249 495 1313 541 me-

17 547 119 620 jacens,
144 548 176 610 in
202 550 391 612 confessione
415 558 446 612 et
470 551 645 614 defensione
672 553 724 612 dio
738 553 903 630 crepidinis
916 554 1198 633 altarisprobantur
1211 562 1311 620 occisi.

20 623 178 689 Catholicae
217 631 354 692 veritatis
387 647 511 693 cursum
541 630 645 693 beatae
674 630 816 710 Numqui
833 633 942 710 gladiis
958 641 1031 696 tunc
1049 637 1223 714 interempti
1248 654 1311 701 non

19 707 90 767 ritae
104 706 277 786 complevit.
671 719 754 787 sunt,
769 721 868 790 postea
885 717 989 792 poeuis
1004 716 1114 792 attriti,
1131 718 1311 793 regtojtrssn

53 785 336 851 HaecdeGenserici
351 789 644 866 persecutioneetde
672 805 778 852 omnes
800 809 878 870 pene
904 794 1003 856 necati
1024 801 1108 872 sunt,
1130 799 1311 874 praesertim

18 863 44 925 S.
60 864 209 929 Valeriani
232 869 363 945 glorioso
383 873 551 933 certamine
571 871 644 932 scri·
672 871 848 934 maturioris
863 875 978 935 aetatis.
994 897 1006 930 a

18 945 69 1018 psit
80 943 181 1008 lictor
196 948 331 1010 Vltensis
347 951 377 1010 in
392 951 457 1014 lib.
475 949 533 1012 rtia
545 965 643 1029 persc-

20 1025 127 1088 cutionc
158 1027 388 1093 Wandalorum.
420 1030 643 1091 succenditur
755 1037 784 1100 s.
807 1039 1021 1103 MAXIMINUS
1043 1041 1224 1104 Coggassoa.

20 1107 377 1181 propterhaecadversus
405 1110 457 1172 [lei
481 1109 642 1172 Ecclesiam
788 1149 834 1209 D·
892 1165 912 1210 3,
931 1156 961 1210 t,
1012 1168 1050 1208 ,m
1095 1149 1191 1211 lami,

20 1181 199 1250 Getrsericus.
226 1188 320 1249 Mittit
346 1188 508 1252 Proculum
536 1203 642 1268 quem·
822 1167 878 1288 ’Ὗ
907 1167 1148 1290 χ’ἰθῃέΐθνῑὲρῦι

19 1263 76 1324 dam
97 1269 127 1326 in
149 1268 337 1346 provinciam
353 1270 565 1347 languenam.
589 1268 641 1348 uui
836 1245 997 1290 ‘mmm
1134 1274 1141 1288 ‘

19 1353 171 1408 connecteret
199 1348 235 1409 ad
264 1348 446 1410 tradentium
475 1351 641 1412 ministeria
711 1350 889 1412 linearum.
912 1351 1007 1412 -ln
1033 1353 1311 1416 territorioAure·

19 1423 107 1486 divina
128 1427 174 1488 rel
198 1427 290 1490 libros
311 1438 447 1505 cunctos,
460 1430 584 1492 Domini
598 1446 643 1490 sa·
671 1427 803 1493 lianensi
825 1432 919 1492 sancti
940 1430 1094 1492 llarmrru
1110 1431 1308 1497 Confessoris.

19 1505 159 1590 certlotes:
177 1516 212 1568 ut
226 1510 325 1584 primo
339 1512 431 1570 armis
448 1509 587 1584 nudaret,
610 1516 643 1570 nt
711 1509 895 1572 ldaslminus
915 1511 931 1546 *¹
951 1525 1005 1588 per
1023 1511 1136 1588 aliquot
1154 1527 1251 1572 anttos
1272 1515 1311 1575 si·

19 1590 52 1644 tto
66 1583 176 1648 facilius
192 1589 326 1648 inermes
349 1589 578 1653 nostiscallidus
592 1605 643 1649 ce·
672 1589 735 1649 mul
751 1605 821 1651 cum
836 1597 937 1652 sancto
953 1591 1106 1668 Euspicio,
1121 1591 1310 1654 virdunensi

20 1663 158 1736 plicasset.
174 1665 291 1740 Quibus
305 1683 337 1728 se
352 1685 412 1730 non
428 1685 511 1746 posse
524 1669 643 1731 tradere
673 1668 827 1748 antistite,
838 1674 925 1743 cujus
940 1672 964 1731 is
981 1686 1073 1748 nepos
1087 1679 1163 1744 erat,
1176 1671 1206 1732 in
1221 1670 1310 1748 Regis

19 1740 214 1819 clamantibus,
231 1749 292 1825 ipse
308 1751 406 1827 rapaci
423 1765 517 1811 manu
537 1758 642 1811 cuncta
673 1745 835 1810 Clrlodorei
858 1749 926 1810 aula
942 1751 1030 1811 risit.
1046 1749 1104 1811 Sed
1127 1759 1226 1828 postea
1248 1767 1311 1811 am·

20 1824 222 1899 populabatur,
245 1834 335 1904 atque
364 1829 400 1890 de
431 1828 515 1906 pullis
542 1829 644 1890 altaris
673 1828 735 1901 bo,
760 1828 933 1890 solitudinis
961 1845 1064 1890 amore
1089 1829 1247 1903 succensi,
1276 1831 1308 1892 iu

19 1899 75 1976 ipro
89 1901 201 1981 nefasll
219 1909 355 1968 camisias
370 1914 400 1968 et
415 1907 568 1970 femoralia
585 1909 642 1969 sibi
672 1906 833 1984 quemdam
856 1907 956 1969 locum
978 1908 1058 1986 apud
1086 1908 1234 1979 turellas,
1258 1910 1311 1986 qui

18 1979 141 2046 iaciebat.
164 1983 223 2057 Qui
246 1992 345 2047 tannen
374 1987 532 2060 Proculus,
556 1988 644 2066 nujus
672 1985 748 2046 Mici
768 1995 910 2062 vocatur.
933 1988 1015 2065 Rege
1037 1987 1067 2049 id
1088 1994 1256 2060 aunuente,
1280 2005 1312 2049 se

20 2062 54 2118 rei
69 2073 222 2136 executor,
239 2065 405 2128 frustratim
420 2068 644 2130 comedenslin-
672 2069 824 2143 recepere,
848 2067 952 2145 ibique
973 2067 1155 2129 coenobium
1177 2066 1210 2103 **
1229 2066 1311 2128 aedi·

19 2145 250 2218 guarn,inbrevi
265 2149 433 2224 turpissima
449 2156 644 2224 consumptus
674 2145 814 2216 bearunt,
830 2148 915 2230 cujus
938 2148 1052 2224 primns
1074 2147 1173 2208 bbbas
1195 2145 1225 2208 S.
1250 2147 1308 2207 Eu·

20 2230 57 2280 est
72 2229 174 2287 morto.
194 2225 281 2286 Tunc
304 2229 388 2287 enim
414 2235 534 2288 sanctus
558 2227 644 2304 Vale·
672 2225 782 2300 spicios
795 2227 995 2288 estititfluic
1008 2224 1119 2288 deinde
1129 2225 1311 2288 Maximinus

20 2301 111 2364 riauus
137 2303 268 2366 Abensis
296 2307 429 2367 civitatis
459 2305 643 2384 Episcopus,
672 2305 825 2378 successit,
840 2314 869 2366 et
885 2307 948 2380 pari
970 2307 1140 2368 sanctitatis
1154 2306 1232 2367 lama
1245 2321 1311 2367 coe·

20 2377 81 2441 dnm
102 2385 244 2458 viriliter,
266 2394 452 2447 sacramenta
475 2387 580 2448 divina
604 2403 643 2448 ne
674 2383 799 2446 nubium
822 2383 896 2446 illud
921 2385 1086 2458 illustrans,
1111 2384 1222 2446 multos
1246 2387 1311 2446 eni-

23 2461 147 2536 truderet,
172 2465 360 2538 dimicasset,
390 2467 466 2528 foras
490 2469 643 2528 civitatem
673 2465 743 2524 miis
759 2465 924 2526 virtutibus
939 2465 1126 2542 refulgentes
1145 2465 1309 2542 discipulos

21 2537 169 2616 singularis
181 2545 286 2621 jussus
299 2553 344 2605 est
360 2545 445 2622 pelli:
465 2547 502 2606 lta
519 2554 548 2607 et
563 2561 644 2622 prae·
673 2543 724 2620 nui
737 2559 774 2605 ex
787 2543 1102 2606 omnibusGalliarurn
1119 2543 1308 2621 regionibus,

21 2627 125 2693 ceptum
145 2632 206 2698 est,
223 2631 256 2684 ut
273 2624 373 2685 nultus
395 2641 479 2696 eum,
497 2641 596 2704 ncqtre
612 2625 642 2686 in
673 2629 706 2682 ut
725 2622 789 2699 ejus
811 2625 958 2700 regimini
980 2641 1011 2684 se
1026 2625 1222 2697 subjicerent,
1238 2638 1308 2683 con·
1335 2689 1349 2706 ..

21 2695 109 2770 «loma,
130 2719 230 2783 neque
252 2705 283 2764 in
304 2721 379 2780 agro
404 2706 572 2766 dimitteret
595 2706 644 2765 lta-
673 2701 1311 2770 currebanteducarit.lliraculisetbonis

21 2771 113 2840 bitare.
141 2783 196 2855 Qui
229 2785 261 2844 in
290 2791 380 2846 strata
409 2785 524 2860 publica
548 2784 644 2846 multo
672 2781 1311 2858 operibusillustris,S.fllaxlminusdecern

22 2861 150 2938 tempore,
166 2863 249 2926 nudo
263 2863 356 2941 jacuit
370 2865 425 2924 sub
440 2868 528 2926 abre:
552 2880 644 2926 anuo·
672 2876 768 2922 annos
790 2869 853 2940 post
871 2877 996 2923 suorum
1019 2863 1238 2924 monachorum
1262 2877 1311 2921 su-

20 2949 78 2997 runa
100 2949 161 3002 erat
186 2943 253 3022 plus
276 2949 446 3022 octoginta:
472 2959 565 3024 quem
589 2960 644 3005 nos
672 2950 806 3020 sceptum
822 2941 1016 3002 moderamen
1033 2943 1177 3019 migravit
1198 2942 1234 3004 ad
1255 2941 1310 3002 llo-

22 3019 85 3079 tunc
104 3021 221 3099 indigni
247 3023 278 3084 in
302 3023 351 3085 tall
369 3022 461 3086 exilio
476 3025 645 3086 meruimus
673 3022 806 3083 minum.
823 3019 880 3099 (Ex
903 3022 1067 3102 Menntopio
1089 3019 1198 3083 Bertcd.
1221 3027 1252 3084 et
1273 3037 1311 3082 er

19 3095 147 3162 salutare.
175 3102 240 3174 Quo
270 3110 405 3182 tempore
433 3103 579 3180 pascualis
599 3120 643 3166 so·
673 3099 804 3178 Baillet).

22 3173 146 3242 tennitas
161 3183 320 3260 agebatur,
338 3191 368 3245 et
384 3185 456 3245 dunt
471 3184 501 3244 in
514 3184 644 3262 quodam

22 3251 74 3317 loco
92 3261 252 3342 calliopio
269 3265 428 3337 vocitatur,
445 3265 577 3325 obdiam
592 3263 645 3325 Pa·
712 3290 751 3304 —
773 3257 860 3337 Apud
878 3257 979 3320 iberos
1002 3265 1084 3320 trans
1106 3257 1236 3352 Pontum
1253 3258 1310 3320 Eu·

21 3335 116 3400 sclralis
140 3341 276 3416 horroris,
303 3344 396 3405 nostri
420 3345 543 3406 sibimet
564 3343 643 3405 clau·
674 3338 780 3399 riuum
801 3345 921 3400 sanctae
936 3335 1150 3400 Cunrsrrauas
1170 3338 1310 3410 ancillae,

20 3427 75 3476 sarn
98 3421 253 3484 ecclesiam
279 3431 466 3498 reserarent;
490 3439 645 3498 compere-
672 3433 749 3493 tpuae
763 3419 875 3479 virtute
891 3418 1109 3480 miraculorum
1132 3427 1259 3496 gentem
1276 3418 1311 3479 il·

22 3501 336 3564 runtAriani.Statiur
353 3503 644 3581 uuidernpresbyter
674 3497 733 3557 lum
767 3503 903 3575 tompore
932 3495 1121 3588 Constantini
1151 3497 1187 3560 ad
1219 3499 1311 3559 fldem

21 3587 127 3653 eorum,
156 3581 268 3643 Audiet
295 3598 430 3656 rromtne,
461 3588 643 3660 congregata
673 3575 822 3654 perduxit.
838 3576 1082 3662 (VideSurtunc,
1098 3593 1165 3655 pag.
1191 3575 1271 3654 ata).

21 3667 111 3719 secum
133 3667 321 3724 armatorum
344 3679 460 3736 inanit,
486 3663 523 3724 ad
551 3677 644 3740 espu·
734 3731 740 3748 1

22 3737 159 3805 guandam
175 3741 298 3804 turbam
313 3743 489 3806 accenditur
500 3744 645 3804 innocen·
685 3729 932 3772 ΒΜΟΒΕΡΤΜΟ
943 3731 1078 3772 mm·
1159 3731 1222 3771 ⁹¹³⁰·
1238 3729 1296 3829 ”¹2

22 3812 98 3875 lium.
124 3817 310 3886 lutroierunt
330 3823 498 3898 evaginatis
518 3821 644 3898 spathis,
712 3817 893 3881 Manrrnou.
916 3853 953 3864 -
974 3817 1076 3880 Sancti
1100 3817 1225 3881 Eussmr
1241 3818 1311 3896 Epr-

22 3901 342 3978 urnacorrtptunt,attt
357 3909 645 3981 utroqueteetacon·
672 3900 754 3978 scopi
779 3897 999 3969 vercellensis,
1028 3899 1064 3960 de
1088 3914 1148 3976 nuo
1171 3896 1313 3959 Kalendis

21 3977 168 4053 scendunt,
192 3989 222 4042 et
247 3997 300 4060 per
327 3981 474 4045 fenestras
501 3979 645 4044 ecclesiae
674 3977 816 4055 Augusti,
831 3985 863 4039 et
885 3979 981 4054 pridie
998 3977 1159 4068 hujusdlei
1180 3977 1312 4039 refertur
1367 3987 1371 3994 “

22 4053 132 4125 sagittas
155 4070 313 4140 spargunt.
339 4063 377 4124 Et
402 4072 476 4125 tnnc
500 4063 577 4124 forte
598 4077 646 4124 ca·
674 4059 833 4121 memoria.
849 4055 937 4135 (Vide
953 4061 1097 4130 Soracten,
1116 4073 1184 4134 pag.
1208 4055 1290 4134 ate).

24 4144 106 4196 neate
127 4140 234 4216 populo
248 4141 314 4215 Dei,
330 4143 423 4204 lector
438 4159 515 4204 tanus
530 4141 645 4221 pulpito

23 4211 130 4290 sistens,
151 4218 368 4299 alleluiaticum
391 4221 483 4283 melus
507 4221 644 4296 canebat,
699 4217 1313 4326 :·v1{¹‡⁸1⁰10{¹2⁸0”232a10‚n0mqneaesnutnano,

22 4307 74 4366 (ΙΨ)
96 4305 230 4376 [emim
244 4303 348 4378 sagma
366 4303 395 4362 ῙΠ
419 4309 544 4376 ssfflfflse
563 4301 646 4378 1³⁰⁰·
672 4345 760 4386 mentre
775 4343 876 4383 uocetur
890 4343 914 4382 tn
929 4343 950 4382 s.
965 4337 1027 4380 svau
1043 4340 1102 4386 rata,
1116 4341 1140 4379 tn
1155 4337 1271 4380 sas-arrei.
1283 4345 1314 4382 vr.

22 4367 111 4448 latus,
139 4378 262 4442 cadente
288 4381 324 4442 de
352 4384 494 4443 manibus
522 4381 644 4455 codice,
674 4404 1004 4455 sauemaamnpaatss.
