2972 4826
63 237 158 302 [illd
357 259 399 305 nn
423 259 652 308 rnansmrronn
677 261 706 308 s.
733 259 860 308 nreomr
883 261 932 306 nr.
1174 245 1236 308 487

59 340 224 411 Antiochiam
245 343 372 432 negotii
398 363 501 414 causa
525 344 696 434 proficisci
718 345 924 414 voluerunt:
950 344 1063 430 iisque
1074 343 1144 431 jam
1171 347 1283 434 passis

61 429 218 520 relisregna
241 452 346 521 super
362 433 530 522 Neptunia
553 433 762 515 volantibus,
791 444 914 502 nautae
931 432 1096 523 praedicti
1113 435 1212 521 quasi
1230 434 1283 504 di·

58 517 109 586 nina
128 518 342 609 inspiratione
368 522 592 604 commoniti,
620 535 740 591 mutua
769 520 857 591 inter
881 544 917 592 se
933 523 1218 592 sermocinatione
1241 523 1284 592 de

58 617 119 674 tanto
135 609 289 696 rapiendo
310 610 474 679 thesauro
488 610 641 680 conferre
665 623 863 700 coeperunt.
890 610 1034 692 Quidam
1054 623 1166 680 autem
1185 634 1224 681 er
1241 613 1284 680 iis

55 695 81 762 ad
96 696 274 767 tentandum
301 698 335 767 id
354 699 603 769 hortabantur:
632 721 731 789 posse
750 700 841 768 enim
862 699 925 768 hoc
949 699 1065 769 divino
1090 699 1207 858 perlici
1225 700 1284 770 ad-

55 783 152 865 'ntorio,
173 787 273 855 veluti
291 787 367 877 jam
388 788 515 857 scirent
530 790 732 870 certissime,
759 799 954 858 constanter
977 810 1089 858 assere
1115 801 1183 857 ant.
1211 790 1284 878 lje-

51 804 108 942 lant
126 873 301 944 Ecclesiam
330 876 533 958 solitariam,
556 876 646 946 clero
666 876 862 967 populoque
885 890 1074 958 vacantem,
1100 888 1132 946 et
1156 878 1284 947 idcirco

49 962 183 1030 neminem
209 963 304 1046 lore,
332 965 394 1052 qui
419 966 504 1055 ipsis
529 965 689 1036 obstaret.
721 966 784 1034 atti
809 978 921 1035 autem
955 987 997 1034 ue
1020 965 1085 1035 boc
1115 978 1282 1036 tentarent

46 1047 266 1134 dissuadebant,
288 1053 429 1124 lacinus
452 1055 685 1124 clarissimum
703 1067 735 1124 et
750 1053 993 1124 difficillimum
1013 1054 1087 1123 fieri
1110 1077 1208 1145 posse
1226 1055 1283 1124 de-

46 1154 198 1227 sperantes.

79 1230 146 1313 ξθ.
170 1235 209 1298 Ut
228 1242 347 1300 autem
371 1234 519 1320 llyream
546 1230 709 1301 laetantes
734 1243 962 1312 accesserunt,
989 1231 1029 1299 ad
1052 1231 1134 1302 litus
1158 1253 1284 1301 ancora

45 1314 169 1404 deprora
183 1319 325 1408 jacitur,
352 1331 443 1389 stant
460 1319 557 1389 litore
581 1341 727 1410 puppes.
755 1321 876 1389 Habito
901 1319 1013 1388 statim
1040 1321 1128 1390 inter
1148 1343 1182 1391 se
1202 1342 1283 1392 con-

44 1403 117 1484 silio,
143 1409 362 1498 peregrinum
393 1409 600 1494 quemdam,
627 1431 728 1495 quem
755 1421 921 1499 pupatum
949 1430 1064 1478 seeum
1090 1409 1280 1498 vehebant,

42 1497 231 1646 praemittunt
255 1496 489 1586 exploratum.
517 1497 581 1579 Oui
607 1497 742 1568 rediens
763 1499 796 1565 iu
824 1510 958 1577 castro,
984 1519 1053 1582 quo
1073 1499 1186 1567 Sancti
1211 1511 1283 1568 erat

61 1583 167 1664 asilica,
195 1591 328 1656 'lurcos
353 1607 421 1654 non
448 1607 576 1675 paucos
603 1585 810 1656 renuntiavit
837 1585 967 1654 adesse.
995 1585 1056 1654 llle
1079 1587 1194 1672 enim,
1221 1586 1282 1674 qui

43 1669 127 1740 eidem
150 1687 254 1744 castro
279 1686 452 1764 praeerat,
480 1673 606 1742 ibidem
625 1674 808 1744 defunctus
827 1673 975 1764 jacebat,
995 1686 1027 1743 et
1049 1697 1088 1742 ea
1112 1697 1214 1745 causa
1241 1675 1282 1745 ad

44 1762 170 1845 exequias
185 1763 320 1832 luneris
341 1777 584 1832 convenerunt.
612 1769 684 1845 Quo
711 1763 841 1844 audito,
869 1762 1029 1852 expansis
1054 1765 1218 1844 carbasis,
1242 1764 1281 1832 il-

45 1844 93 1914 lico
103 1871 204 1922 tersus
220 1851 454 1933 Antiochiam,
469 1873 588 1942 proras
601 1852 725 1922 ratium
739 1851 948 1933 direxerunt,
960 1851 1147 1940 paucisque
1161 1852 1283 1922 diebus

47 1939 163 2008 seeundo
186 1963 294 2010 cursu
327 1939 370 2008 ad
395 1961 469 2008 eam
492 1953 720 2030 pervenerunt
743 1941 925 2010 civitatem.
952 1941 1013 2010 Ubi
1041 1963 1159 2008 navem
1182 1946 1285 2010 lene·

51 2029 368 2109 toraminrenieutes,
391 2027 558 2100 denariis
583 2029 697 2110 rebus,
721 2042 759 2099 ut
783 2029 918 2111 assolet,
947 2030 1136 2117 percontari
1162 2051 1282 2129 coepe-

51 2125 122 2179 runt.
139 2119 225 2188 Erant
241 2119 342 2189 enim
360 2117 501 2204 quidam
520 2139 559 2186 ex
577 2119 702 2187 nostris
726 2123 927 2187 Venetorum
951 2118 1085 2208 cognati
1111 2129 1142 2186 et
1167 2139 1281 2199 amnon,

52 2219 113 2266 oum
128 2205 232 2289 quibus
249 2208 296 2275 de
315 2227 458 2293 corpore
475 2206 564 2275 beati
581 2206 709 2277 Nicolai
735 2219 855 2276 mutuo
872 2205 1194 2276 confabulabantur.
1223 2211 1281 2274 Ve-

52 2289 105 2355 neti
118 2311 173 2362 nero
187 2296 217 2364 id
237 2293 336 2383 quod
355 2293 487 2363 dudum
507 2295 623 2365 animo
640 2308 879 2384 conceperant,
905 2295 1004 2364 edere
1024 2295 1135 2364 verbis
1157 2315 1284 2380 nequa-

52 2395 128 2459 quam
146 2381 399 2454 dubitaverunt.
426 2388 507 2452 Nam
534 2395 566 2452 et
589 2383 686 2474 palos
706 2383 832 2453 ferreos
852 2396 884 2452 et
905 2384 1045 2452 malleos
1063 2395 1283 2473 praeparatos

49 2464 183 2541 scitabere
198 2472 351 2544 confessi
370 2483 461 2553 sunt,
480 2484 511 2541 et
526 2472 617 2559 quod
636 2485 764 2543 tentare
780 2473 941 2543 deberent
959 2474 1045 2542 inter
1063 2495 1098 2541 se
1112 2473 1183 2559 jam
1203 2493 1283 2541 con-

45 2552 167 2640 sultasse,
184 2562 255 2632 illis
275 2560 429 2651 pandere
449 2582 514 2629 non
534 2561 753 2631 distulerunt.
781 2561 873 2640 Quod
891 2583 969 2630 cum
989 2562 1094 2630 nostri
1121 2567 1284 2630 Barenses

41 2643 197 2740 audissent,
223 2651 267 2720 ad
289 2651 356 2718 boc
376 2649 611 2739 incipiendum
637 2663 669 2720 et
686 2650 933 2740 perficiendum
955 2651 1075 2739 majori
1096 2649 1284 2720 etiamne-

39 2731 139 2828 snderio
166 2751 246 2808 sunt
266 2739 426 2807 accensi:
457 2751 489 2807 et
508 2761 575 2808 non
608 2751 674 2808 tam
703 2761 764 2829 pro
792 2762 854 2810 sua
879 2737 987 2828 gloria
1007 2752 1038 2809 et
1062 2738 1201 2820 honore,
1233 2751 1284 2808 to·

37 2830 148 2916 ttusque
163 2827 294 2915 patriae
313 2837 448 2896 nostrae
472 2827 593 2896 decore
616 2840 648 2897 et
671 2839 873 2897 ornamento
897 2827 1096 2897 audaciores
1113 2840 1144 2898 et
1161 2828 1285 2897 arden·

37 2921 523 3006 noresesseocceperuntquam
542 2916 775 2987 obnitendum
793 2916 942 2986 dedecus
954 2929 985 2984 et
999 2915 1282 3005 vituperationem

36 2998 95 3095 sni:
119 3005 206 3074 neriti
226 3027 270 3074 ne
295 3003 381 3074 sorte
404 3006 517 3075 Veneti
544 3005 576 3074 id
597 3005 808 3095 perlicerent,
829 3017 930 3094 atque
947 3005 1026 3073 iude
1047 3005 1113 3094 ipsi
1133 3006 1282 3094 ignomi-

36 3105 95 3156 mae
111 3107 182 3161 nota
198 3093 430 3162 afficerentur.
458 3099 670 3183 Quapropter
687 3093 786 3163 etiam
814 3108 1072 3163 maturaverunt
1093 3095 1282 3183 negotium,

35 3175 116 3262 cnjus
132 3181 293 3268 explendi
310 3182 416 3250 causa
434 3181 496 3251 iter
515 3195 748 3272 susceperant,
768 3192 806 3252 ut
826 3182 906 3251 inde
921 3204 1028 3271 ocyus
1047 3195 1248 3250 remearent.

67 3267 140 3350 §ab
166 3275 211 3339 Eo
235 3268 393 3361 explet0‚
420 3291 499 3339 cum
524 3269 597 3360 jam
628 3270 795 3352 redirent,
818 3284 850 3340 et
875 3291 1037 3361 prospero
1055 3275 1176 3339 lustro
1200 3268 1285 3338 velis

36 3354 161 3442 turgidis
183 3359 300 3429 undas
318 3379 504 3446 aequoreas
527 3360 665 3428 carinae
683 3359 866 3440 sulcarent,
889 3358 930 3428 ad
958 3365 1180 3448 llyreumque
1204 3357 1286 3426 litus

35 3445 345 3534 appropinquarent,
372 3447 515 3516 transire
540 3447 625 3516 illud
651 3448 810 3535 ultraque
831 3447 968 3518 tendere
992 3447 1189 3517 voluerunt:
1212 3447 1285 3534 ‚iam

36 3529 109 3599 enim
123 3533 377 3616 deferbuerant,
392 3547 425 3604 et
440 3535 530 3604 velut
544 3537 647 3626 tepidi
666 3559 704 3606 ox
748 3539 835 3607 riore
852 3536 930 3606 lacti
946 3548 1042 3604 erant
1056 3536 1196 3635 ardore..
1208 3539 1287 3602 nlm-

37 3613 130 3706 ltigere
145 3624 236 3692 enim
258 3637 452 3714 coeperant,
469 3625 560 3711 quod
578 3646 649 3695 rem
665 3625 699 3694 di
727 3625 905 3694 ncillimam
925 3646 959 3696 se
975 3623 1086 3693 moliri
1102 3646 1167 3692 non
1188 3644 1286 3712 iguo·

37 3719 151 3777 rarent:
187 3717 260 3782 tuin
290 3733 428 3800 quoque
455 3735 596 3782 cursum
629 3713 883 3784 velocissimum
911 3713 1036 3784 habere
1068 3712 1283 3781 videbantur.

39 3793 215 3890 ltaquejam
243 3802 467 3871 intermittere
482 3801 673 3884 voluerunt,
696 3802 786 3889 quod
814 3803 910 3893 prius
935 3801 1202 3872 consuluerant:
1226 3798 1285 3870 sed

39 3877 134 3979 lirina
153 3887 357 3979 dispositio,
384 3911 470 3975 quae
492 3890 556 3960 boc
575 3891 823 3980 perficiendum
844 3891 1078 3972 constituerat,
1099 3912 1164 3960 non
1184 3889 1287 3958 inter-

40 3973 125 4041 torsit.
149 3981 254 4060 Nam,
282 3981 473 4078 imperante
502 3981 652 4069 potentia
677 3981 854 4060 creatoris,
881 3980 922 4049 ad
950 4001 1012 4048 sua
1044 4000 1121 4047 mox
1152 3978 1287 4048 rediens

43 4051 97 4127 loca
119 4064 224 4152 sylvia
246 4065 409 4137 turbidus
431 4072 560 4150 noster,
587 4079 619 4137 et
639 4067 771 4137 nimius
795 4069 918 4170 gelidis
942 4074 1065 4137 Boreas
1085 4079 1135 4136 est
1160 4067 1288 4136 missus

44 4144 72 4212 ab
93 4153 204 4222 antris.
238 4161 286 4225 lta
312 4175 392 4244 ergo
422 4155 517 4224 inviti
541 4167 717 4237 steterunt,
748 4179 808 4243 qun
834 4157 934 4227 modo
963 4156 1140 4246 spontanei
1169 4154 1288 4224 nolue-

45 4248 114 4306 unt.
130 4243 369 4329 Exploratores
393 4242 514 4312 deinde
534 4245 804 4334 praemiserunt:
828 4247 887 4334 qui
914 4245 1094 4314 redeuntes
1110 4244 1289 4314 nuntiave-

45 4335 104 4392 rann
124 4330 304 4401 eeclesiam
332 4351 405 4398 esse
436 4331 647 4413 solitariam,
674 4334 763 4404 clero
791 4348 824 4404 et
854 4333 952 4425 plebe
984 4354 1151 4413 vacuam;
1178 4331 1288 4402 tribus
