2994 4832
218 269 280 336 tttt
571 284 609 330 on
633 283 661 332 s.
689 283 770 331 saon
793 283 864 332 aaa.
891 284 929 330 ar
952 282 1044 332 conr.
1315 267 1394 332 obt.
1419 271 1436 332 5

173 370 428 462 simplicitatem
453 379 613 440 vocantes
640 367 803 460 improbi,
818 390 857 438 co
876 367 968 455 quod
997 366 1103 438 nollet
1126 369 1183 440 hic
1208 367 1381 460 populus,
1406 382 1438 440 ut

172 459 400 534 admirandus
420 457 505 528 dixit
534 457 652 539 lsaias,
671 477 797 544 aquam
824 456 924 538 Siloii,
951 478 1040 544 quae
1063 458 1141 528 fluit
1168 457 1317 530 silentio.
1346 463 1439 528 Porro

172 564 286 622 autem
314 547 400 618 illud
428 569 567 637 quoque
594 546 803 616 addiderunt
829 546 1063 628 accusationi,
1087 569 1210 637 nempe
1241 547 1383 616 nimiam
1409 549 1437 616 in

172 637 396 728 suscipiendo
419 635 610 706 sacerdotio
640 635 859 718 cautionem,
893 636 1045 706 dicentes
1078 657 1190 724 neque
1218 636 1337 726 ipsum
1363 635 1439 704 velle

172 749 247 798 esse
267 725 491 807 sacerdotem,
522 745 632 813 neque
656 723 776 806 alteri,
803 737 839 795 ut
865 724 924 794 frat
955 725 1127 806 sacerdos,
1160 725 1362 796 concedere.
1384 725 1437 796 Sed

172 817 257 887 baec
281 814 421 902 quidem
454 813 516 882 illi.

217 907 332 992 §ss
359 903 521 986 Quiricus
551 924 628 972 vcro
655 901 797 990 quidam
824 902 995 984 sacerdos,
1021 915 1054 973 ct
1079 902 1213 974 virtutis
1234 915 1369 973 amator
1392 925 1440 972 ar·

171 993 409 1073 dentissimus,
432 1011 512 1066 cum
538 1003 620 1060 tunc
646 991 780 1064 adesset
806 991 900 1092 apud
926 993 1148 1082 Episcopum,
1175 1005 1208 1062 et
1238 1013 1330 1080 quae
1357 991 1440 1060 diota

173 1094 254 1154 sunt
273 1081 472 1152 audivisset:
493 1080 614 1163 «Quid
633 1102 722 1162 vero,
742 1081 866 1166 inquit,
884 1103 944 1150 ros
962 1081 1066 1171 primi
1086 1081 1211 1150 Sabam
1229 1081 1437 1171 suscepistis.

172 1193 215 1242 an
243 1170 299 1240 ille
320 1173 400 1240 ros?
425 1192 442 1236 η
467 1169 629 1240 Cum‘illi
654 1183 767 1240 autam
786 1169 1055 1259 respondissent,
1078 1168 1176 1239 illum
1194 1169 1338 1256 quidem
1358 1170 1441 1260 ipsos

172 1259 366 1349 suscepisse
387 1272 421 1328 et
443 1279 682 1348 congregasse,
710 1259 759 1328 eis
787 1281 864 1327 vero
894 1257 1051 1348 regendis
1077 1281 1157 1327 eum
1185 1259 1331 1328 minime
1357 1281 1440 1328 nunc

172 1349 355 1429 sufficere,
386 1348 504 1434 quiin
533 1369 692 1434 magnam
723 1348 909 1418 crevissent
936 1347 1218 1430 multitudinem,
1247 1370 1327 1418 cum
1363 1359 1442 1418 esset

171 1438 338 1528 agrestior
352 1447 385 1505 et
404 1435 562 1525 simplex.
584 1435 765 1526 Excipieos
785 1458 906 1508 rursus
926 1436 1103 1518 Quiricus:
1134 1460 1147 1499 r
1168 1436 1202 1505 Si
1229 1436 1297 1518 ille,
1318 1437 1439 1524 inquit.

172 1549 231 1596 ros
255 1527 298 1596 ab
322 1524 420 1594 initio
434 1526 664 1615 congregavit,
682 1537 715 1594 ct
739 1525 851 1595 locum
878 1525 939 1612 qui
955 1538 1052 1594 erant
1068 1525 1235 1608 desertus
1253 1527 1441 1596 construxit

171 1615 214 1686 ad
232 1612 480 1684 habitandum:
500 1627 630 1700 quanto
655 1614 765 1704 magis
781 1623 813 1683 et
832 1613 946 1703 ipsum
971 1613 1083 1684 locum
1107 1614 1179 1702 jam
1205 1627 1440 1684 constructum

171 1716 204 1774 ct
222 1703 434 1783 habitatum,
461 1715 493 1772 et
514 1723 571 1772 vos
588 1703 649 1789 qui
675 1702 709 1771 in
735 1724 846 1772 unum
873 1704 955 1774 estis
978 1703 1187 1792 congregati,
1207 1704 1272 1772 erit
1295 1703 1326 1773 is
1348 1717 1441 1794 aptus

171 1793 213 1862 ad
240 1791 448 1882 regendum?
466 1791 525 1862 Cui
551 1791 695 1861 enimin
716 1791 769 1872 iis,
797 1812 886 1879 quae
910 1804 1007 1862 erant
1025 1793 1135 1882 magis
1160 1791 1329 1874 diflicilia,
1347 1813 1438 1882 opem

171 1881 250 1951 tulit
271 1886 370 1962 Deus
391 1881 464 1969 ipse
487 1881 589 1949 etiam
614 1880 757 1949 omnino
781 1881 960 1970 adjuvabit
981 1881 1014 1950 in
1037 1881 1092 1961 iis,
1111 1901 1199 1968 quae
1223 1893 1304 1950 sunt
1332 1885 1440 1951 minus

171 1969 354 2048 laboriosa,
367 1982 399 2038 et
416 1967 550 2039 facilem
567 1969 597 2038 ei
613 1969 731 2040 reddet
750 1969 997 2058 praefecturam
1019 1983 1051 2039 et
1074 1969 1440 2042 administrationem.»

170 2059 216 2128 ld
243 2058 327 2128 haec
351 2058 440 2138 illos,
460 2059 520 2146 qui
547 2079 664 2147 paoem
683 2058 838 2140 oderant,
866 2083 945 2130 cum
971 2059 1100 2144 quibus
1124 2073 1197 2129 crat
1225 2059 1334 2129 Sabas
1357 2060 1440 2150 paci-

171 2148 280 2228 ficus,
307 2159 340 2218 et
363 2147 453 2216 clam
478 2147 527 2214 de.
548 2147 703 2236 proximo
731 2147 946 2217 illiberaliter
969 2146 1220 2228 detrahebant,
1246 2171 1327 2218 cum
1363 2147 1439 2218 nibil

171 2250 312 2327 possent
336 2235 554 2325 respondere,
584 2249 666 2306 tunc
690 2236 823 2306 dimisit
848 2239 1065 2327 Episcopus:
1093 2259 1111 2303 «
1138 2236 1371 2319 Considerate,
1398 2237 1437 2305 in·
1492 2293 1493 2322 η

170 2327 256 2415 quit,
277 2327 312 2395 in
339 2325 549 2415 praesentia:
569 2325 720 2394 crastino
744 2337 857 2396 autem
886 2325 941 2394 die
966 2325 1164 2395 accuratius
1184 2325 1226 2394 de
1252 2325 1306 2396 his
1331 2325 1438 2414 inqui·
1492 2323 1493 2389 l

170 2436 299 2484 remus.
324 2436 341 2480 a
367 2418 406 2482 Et
430 2414 545 2484 statim
571 2414 712 2501 quidem
741 2416 886 2484 accersit
911 2415 1048 2483 beatum
1078 2414 1216 2496 Sabam,
1236 2415 1438 2486 nescientem

170 2515 344 2573 curasset
369 2503 566 2573 accersitus.
588 2507 689 2572 Porro
714 2525 793 2574 vero
810 2525 868 2574 cos
892 2523 1029 2590 quoque
1046 2503 1199 2584 adducit,
1227 2503 1268 2572 ad
1297 2507 1440 2592 proban-

170 2591 255 2661 dum
271 2590 425 2679 quidem,
444 2603 482 2659 ut
498 2592 676 2680 putabant,
695 2614 794 2662 suam
811 2593 1079 2672 accusationem,
1095 2602 1127 2660 et
1144 2592 1187 2660 ad
1203 2593 1438 2682 expellendum
1491 2625 1492 2648 ι

172 2681 295 2749 Sabam
321 2703 341 2748 a
365 2681 532 2749 rectione:
552 2694 591 2750 ut
607 2693 720 2749 antem
748 2682 795 2750 rei
813 2681 962 2758 ostendit
985 2681 1106 2762 exitus,
1123 2681 1164 2748 ad
1182 2702 1241 2750 ora
1268 2685 1380 2771 potius
1396 2681 1439 2750 eis

168 2767 402 2850 obstruenda,
430 2781 462 2837 et
485 2790 621 2838 omnem
656 2767 880 2840 auferendam
910 2770 1080 2839 sermonis
1103 2771 1334 2840 occasionem.
1361 2775 1438 2840 Nam

172 2869 353 2945 postquam
380 2855 596 2936 adstiterunt,
616 2871 729 2928 rectus
755 2858 811 2928 ille
835 2872 867 2928 et
891 2860 1115 2946 incorruptus
1135 2859 1255 2948 judex,
1272 2858 1358 2928 nibil
1376 2857 1440 2926 illis

170 2945 313 3018 omnino
344 2943 475 3018 dicens.
495 2968 562 3015 non
589 2967 749 3037 arguens,
768 2969 877 3034 neque
897 2947 965 3015 alio
981 2969 1085 3037 egens
1112 2948 1318 3030 testimonio,
1334 2944 1438 3033 utqui
1490 2953 1491 3012 t

171 3033 215 3104 de
240 3033 364 3104 virtute
389 3033 496 3103 Sabae
520 3035 649 3124 optime
672 3049 760 3106 esset
786 3037 910 3106 certior
937 3033 1059 3116 factus,
1082 3049 1115 3105 et
1139 3038 1182 3106 ab
1206 3059 1246 3106 ea
1264 3037 1338 3127 jam
1358 3045 1439 3106 essct

172 3122 257 3194 satis
282 3145 480 3212 persuasus
499 3145 578 3194 eum
603 3124 744 3211 quidem
770 3123 947 3195 ordinat*
971 3125 1182 3194 sacerdotem
1205 3125 1239 3193 in
1260 3135 1439 3214 conspectu

89 3253 92 3262 .
170 3212 347 3281 omnium:
375 3211 439 3284 bac
456 3225 570 3283 autern
591 3213 684 3303 apud
702 3235 760 3284 eos
775 3214 883 3284 utitur
903 3213 1153 3284 admonitione:
1172 3237 1189 3280 a
1207 3219 1303 3296 Ecce,
1320 3211 1436 3300 inquit,
1489 3275 1490 3286 .

171 3301 306 3371 habetis
340 3315 490 3372 vestrum
528 3314 683 3392 patrem,
710 3315 742 3372 et
767 3308 895 3373 Laurae
920 3315 1050 3372 vestrae
1081 3301 1317 3394 Praefectum,
1342 3321 1437 3389 quem
1489 3297 1490 3366 l

171 3389 436 3480 beusdesuper,
455 3402 488 3460 et
505 3412 573 3460 non
593 3391 705 3469 bomo,
719 3390 831 3494 elegit.
853 3397 919 3462 Nos
936 3414 1014 3462 vero
1029 3391 1143 3462 solum
1162 3393 1305 3481 Spiritui
1323 3396 1436 3460 Sancto

172 3500 298 3550 manus
322 3480 642 3560 commodavimus,
674 3501 742 3550 non
772 3502 914 3572 ipsum,
941 3479 999 3549 sed
1027 3503 1090 3550 nos
1116 3482 1229 3569 potius
1258 3483 1350 3571 ipsos
1371 3475 1437 3546 alli·

170 3568 301 3638 cientes
318 3567 496 3638 beneficio.
516 3593 534 3636 η
552 3569 606 3638 Sic
631 3568 727 3650 dirit;
749 3582 781 3638 et
804 3591 884 3638 cum
902 3569 1016 3640 statim
1038 3571 1285 3658 assumpsisset
1308 3571 1435 3638 beatum
1488 3629 1489 3636 ,

171 3658 314 3738 Sabain,
340 3669 373 3726 et
409 3657 502 3747 ipsos
537 3657 740 3738 seditiosos,
768 3671 801 3728 et
827 3657 921 3748 pium
947 3679 987 3728 ac
1017 3657 1241 3747 religiosum,
1269 3659 1327 3747 qui
1361 3667 1435 3724 tunc
1488 3675 1489 3736 r

171 3743 299 3826 aderat,
319 3746 511 3828 Quiricum,
538 3768 618 3816 cum
647 3747 697 3817 eis
722 3747 757 3816 in
783 3752 929 3818 Lauram
956 3745 1202 3837 proficiscitur.
1229 3752 1269 3817 Et
1295 3746 1435 3838 primurn

170 3831 311 3920 quidem
338 3847 496 3906 sanctum
526 3835 612 3906 illud
644 3836 811 3926 templum
837 3849 1038 3916 consecrat;
1066 3834 1191 3906 deinde
1215 3837 1317 3906 etiam
1349 3849 1434 3902 aram

171 3921 206 3989 in
234 3943 274 3990 eo
298 3924 497 4021 constitnit,
532 3939 564 3996 et
588 3924 816 4016 gloriosorum
848 3924 972 3995 Christi
998 3939 1190 4014 martyrum
1223 3923 1295 3995 illic
1320 3919 1433 3993 multas

171 4009 326 4080 recondit
346 4011 521 4099 reliquias.
1487 4069 1488 4082 .

215 4100 233 4186 ξ
259 4103 339 4170 22.
362 4104 468 4191 Atque
490 4116 570 4172 tunc
594 4101 735 4189 quidem
761 4103 883 4192 agebat
907 4103 1014 4172 Sabas
1031 4101 1359 4202 qdinquagesimum
1378 4109 1431 4164 ter·

172 4187 257 4255 tium
289 4209 418 4256 annum
457 4211 540 4259 suae
575 4191 718 4271 aetatis,
744 4213 813 4278 quo
847 4205 999 4281 tempore
1022 4196 1224 4262 Anastasius
1247 4190 1282 4226 *⁴
1305 4185 1429 4278 quiden

196 4293 210 4320 ⁸
225 4295 290 4332 Anno
305 4295 353 4334 tat.

196 4345 223 4372 *⁸
237 4347 314 4394 Hirtus
331 4347 433 4388 nominis
449 4349 468 4396 1,
485 4350 526 4398 qul
544 4359 556 4389 e
572 4350 634 4390 virts
650 4349 753 4390 decessit
770 4363 830 4392 anno
847 4354 892 4398 stc.
907 4350 1073 4402 octuagenario
1088 4353 1211 4402 maloch,
1221 4345 1432 4394 achsarettcmtoc
1486 4393 1487 4402 ἵ

171 4397 244 4444 retur.
254 4399 383 4440 catholtcoc
396 4404 522 4450 oppressit.
533 4403 687 4444 Nummorum
699 4402 803 4446 furiom
814 4415 880 4447 amor
889 4415 944 4446 cam
953 4408 1038 4447 tenuit.
