3046 4838
256 283 297 348 38
620 301 659 346 nc
684 301 711 348 s.
734 299 838 348 aarum
862 301 911 346 na.
938 297 1069 346 novrou.
1346 279 1430 344 DEC.
1461 283 1468 342 l

209 401 335 456 conatu
351 407 414 456 suo
431 383 554 454 Christi
576 385 745 454 auxilium
770 385 814 453 fla
842 384 958 454 itabat.
986 383 1091 452 Pedes
1114 383 1191 471 ejus
1207 403 1342 466 semper
1358 381 1476 450 directi
1509 399 1510 414 ³

210 473 582 564 aderangelizandum
615 495 757 562 paoem,
792 407 840 542 ad
860 471 1164 562 evangelizandum
1197 471 1298 540 bona.
1333 475 1476 540 Honesta
1509 517 1510 556 4

212 565 337 655 specie,
357 563 472 632 animo
490 562 640 653 benigno
658 561 848 642 incedebat,
860 577 892 632 et
906 561 995 632 sicut
1007 561 1121 631 fidelis
1136 583 1254 631 servus
1269 573 1301 629 et
1315 559 1475 661 prudens,
1509 645 1510 650 ἵ

211 675 313 740 quem
335 651 513 722 constituit
529 651 693 721 Dominus
714 673 819 740 snper
833 650 1000 720 familiam
1023 671 1136 730 suam,
1153 662 1191 719 ut
1206 649 1262 718 det
1278 649 1346 718 illis
1361 649 1475 718 cibum
1509 653 1510 740 3

213 756 364 830 tempore
388 753 604 829 opportuno,
633 739 799 830 populum
828 740 896 810 sibi
919 739 1144 810 commissum
1178 739 1290 809 modis
1318 739 1478 806 omnibus

212 829 356 900 curabat
380 829 538 918 spiritali
553 829 691 899 reficere
715 828 902 911 alimonia,
929 827 1072 898 comiter
1097 827 1250 908 docens,
1278 828 1407 915 optime
1430 828 1478 894 in·
1509 857 1510 898 ς

212 932 372 998 struens,
399 940 419 988 a
444 917 609 1007 peccandi
635 918 885 987 consuetudine
917 930 984 988 tota
1011 917 1135 987 virtute
1162 937 1282 986 ornnes
1312 915 1478 985 retrahere

213 1007 336 1077 nitens.
366 1013 443 1077 Erat
473 1006 607 1075 ferrens
631 1007 800 1096 spiritus,
827 1006 1060 1078 sollicitudine
1092 1027 1157 1074 non
1185 1007 1293 1094 piger,
1322 1005 1478 1093 spectatis

213 1097 389 1176 moribus,
417 1109 560 1164 ornatus
591 1095 776 1185 operibus,
802 1097 966 1182 omnique
1000 1095 1167 1164 suavitate
1191 1093 1417 1184 conspicuus.
1443 1098 1477 1160 ln
1509 1143 1510 1166 r

212 1185 366 1255 oratione
389 1184 575 1266 assiduus,
599 1185 632 1253 in
658 1185 803 1275 jejuniis
827 1197 1012 1262 strenuuS,
1040 1185 1074 1252 in
1099 1183 1327 1272 eleemosynis
1351 1181 1476 1270 largus.
1509 1175 1510 1262 l

212 1279 315 1344 Porro
331 1273 419 1342 inter
436 1273 558 1342 divites
578 1285 610 1342 et
628 1294 795 1362 pauperes
811 1274 856 1342 ita
874 1273 1078 1342 semodium
1097 1271 1247 1362 gerebat,
1261 1284 1298 1341 ut
1315 1292 1479 1359 pauperes
1509 1279 1510 1350 l

211 1385 291 1433 eum
308 1363 424 1452 patris,
438 1361 560 1431 divites
573 1363 761 1451 superioris
779 1362 851 1432 loco
869 1360 1120 1432 haberent'llle
1137 1382 1215 1430 vero
1233 1383 1300 1430 nou
1319 1381 1478 1449 personae
1509 1355 1510 1432 l

213 1453 411 1542 potentiam,
431 1450 489 1520 sed
509 1473 644 1520 morum
669 1451 874 1540 elegantiam
891 1450 1097 1520 attendebat:
1119 1461 1278 1536 tantoque
1293 1449 1479 1534 unicuique
1509 1435 1510 1516 l

214 1539 292 1629 plus
318 1540 463 1610 habebat
483 1539 634 1618 honoris,
652 1553 781 1627 quanto
797 1561 877 1609 eum
895 1541 1049 1609 sanctius
1067 1539 1177 1608 vivere
1191 1538 1384 1608 didicisset.
1399 1542 1479 1626 Erga

212 1651 339 1719 egenos
357 1641 389 1697 et
413 1629 562 1697 advenas
586 1629 671 1697 adeo
688 1650 724 1697 se
748 1628 933 1698 sollicitum
952 1627 1143 1708 exhibebat,
1163 1641 1200 1696 ut
1217 1649 1292 1696 vere
1309 1626 1479 1696 Christum
1509 1651 1510 1744 p

213 1719 248 1786 in
273 1719 323 1787 eis
346 1739 432 1797 esse,
456 1716 522 1786 lide
539 1718 607 1786 inte
635 1717 861 1786 recrederet:
888 1731 989 1803 atque
1014 1718 1059 1786 ita
1085 1737 1152 1784 non
1179 1728 1247 1785 tam
1272 1715 1356 1794 illis,
1382 1735 1479 1802 quam
1509 1755 1510 1840 p

212 1805 279 1896 ipsi
301 1807 444 1886 Christo,
463 1740 632 1893 quicquid
655 1806 689 1874 in
707 1827 764 1875 eos
785 1805 965 1884 conferret,
992 1827 1028 1875 se
1054 1807 1263 1894 praestitisse
1288 1804 1480 1874 laetaretur.
1509 1841 1510 1892 ς

213 1895 302 1984 Ipsis
329 1895 469 1981 quidem
500 1895 684 1984 praebebat
707 1895 847 1974 cibum,
872 1894 932 1963 sed
956 1895 1066 1964 oculis
1093 1893 1225 1964 coelum
1260 1892 1480 1981 suspiciebat.
1509 1899 1510 1974 l

213 1985 303 2073 Ipsis
327 1983 431 2054 dabat
450 1983 625 2065 alimenta,
644 1983 700 2052 sed
723 1983 892 2052 Christum
912 2005 990 2053 cum
1009 1983 1138 2052 fiducia
1156 1984 1345 2051 invocabat.
1368 1988 1482 2050 ltlanus

213 2086 245 2142 et
262 2073 403 2143 brachiu
423 2073 617 2162 porrigebat
640 2073 767 2153 dando,
793 2084 827 2140 at
849 2071 1038 2140 mercedem
1066 2071 1185 2160 procul
1211 2071 1317 2140 dubio
1340 2091 1362 2139 e
1385 2069 1483 2140 coelis

213 2163 441 2251 exspectabat.
460 2166 629 2243 Quantam
648 2160 706 2230 ille
724 2161 924 2230 facultatum
941 2162 1008 2229 vim
1030 2174 1063 2230 et
1084 2160 1207 2230 molem
1226 2159 1350 2238 Christi
1373 2180 1482 2229 amore
1509 2161 1510 2246 l

213 2250 340 2320 ardens
355 2251 567 2340 disperserit,
591 2271 658 2318 non
687 2271 740 2319 me
760 2271 868 2318 unum
892 2270 1029 2319 necesse
1052 2263 1103 2318 est
1126 2250 1251 2318 dicere.
1274 2248 1374 2330 Quod
1396 2249 1481 2316 enirn
1509 2249 1510 2332 l

217 2341 461 2409 monasterium
498 2361 563 2408 non
590 2340 665 2427 ejus
690 2339 877 2427 penetravit
892 2336 1135 2427 eleemosyna?
1154 2353 1212 2408 aut
1235 2339 1314 2424 quis
1338 2336 1483 2406 clericus
1509 2339 1510 2434 l

218 2449 283 2497 non
309 2429 385 2518 ejus
409 2427 602 2497 substantia
627 2427 837 2497 refocillatus
860 2431 924 2496 es?
959 2427 1044 2509 Quis
1078 2427 1281 2517 peregrinus
1318 2447 1389 2495 non
1415 2427 1510 2514 ejus*

216 2531 373 2607 receptus
398 2516 547 2604 hospitio
571 2519 644 2585 est?
667 2517 794 2603 quibus
817 2515 959 2586 advenis
984 2537 1051 2585 non
1078 2538 1180 2584 snum
1200 2513 1371 2604 impendit
1389 2517 1482 2584 obse-

214 2607 360 2692 quium?
374 2625 462 2690 quos
478 2603 536 2674 ille
553 2605 787 2674 curiosissime
805 2603 888 2674 locis
902 2604 1065 2674 omnibus
1084 2605 1298 2694 perquirens
1316 2601 1481 2672 damnum
1509 2625 1510 2642 ¹

214 2716 316 2762 snum
345 2693 497 2782 putabat,
521 2693 551 2762 si
573 2693 757 2779 qnisquam
783 2693 907 2762 debilis
932 2707 991 2762 aut
1013 2694 1187 2773 esuriens,
1215 2692 1359 2762 alterius
1386 2692 1484 2761 bene-

216 2783 294 2850 licio
311 2794 572 2850 sustentaretur.
593 2781 840 2851 Ardentissima
864 2783 994 2872 quippe
1014 2781 1081 2851 lide
1106 2782 1270 2852 salvatori
1288 2794 1357 2850 toto
1373 2782 1484 2849 animo

213 2871 436 2956 conjunctus,
457 2869 620 2939 reddebat
634 2871 666 2940 ei
682 2869 773 2956 quod
799 2873 842 2940 ab
866 2871 927 2940 illo
950 2883 1143 2960 acceperat:
1164 2885 1266 2956 atque
1286 2871 1320 2938 in
1339 2869 1484 2959 singulis

213 2957 291 3045 ejus
317 2958 457 3028 famulis
482 2959 653 3028 Christum
679 2981 714 3027 se
739 2959 853 3028 ridere
876 2959 1030 3040 credens,
1052 2958 1219 3046 quicquid
1246 2959 1279 3027 in
1306 2957 1386 3027 illos
1410 2979 1484 3026 oon-

215 3046 372 3126 tulisset,
410 3053 473 3116 beo
504 3069 542 3116 se
569 3047 778 3136 praestitisse
810 3047 1068 3135 gratulabatur:
1098 3048 1185 3117 illud
1211 3069 1348 3137 semper
1371 3048 1484 3115 animo

216 3136 403 3216 revolvens,
431 3136 522 3223 quod
550 3137 715 3205 bominus
741 3137 774 3204 in
801 3135 983 3226 Evangelio
1008 3138 1077 3206 ait:
1108 3139 1206 3206 Beati
1231 3137 1483 3206 mesericordes:

214 3228 373 3316 quoniam
397 3227 465 3326 ipsi
485 3227 751 3296 mesericordiam
781 3237 1022 3316 consequantur
1043 3225 1178 3315 (narrt.
1202 3225 1248 3315 v).
1281 3221 1485 3314 Hujusmodi

213 3337 294 3472 {rgo
324 3313 447 3385 studiis
476 3314 645 3385 intentum
676 3315 848 3406 Eligiurn,
881 3315 998 3384 divina
1027 3317 1138 3404 gratia
1171 3315 1314 3384 uberius
1343 3313 1485 3382 comita-

241 3417 331 3474 atur.

256 3495 275 3579 ἓ
298 3497 373 3565 12.
401 3491 497 3560 Venit
520 3491 551 3560 ei
575 3491 764 3578 aliquando
788 3492 822 3560 in
851 3503 997 3560 mentam
1031 3490 1155 3561 allecto
1182 3489 1317 3580 pietatis
1348 3503 1486 3560 etcum

215 3581 379 3671 pastorali
404 3579 561 3662 sollicito,
588 3587 700 3650 solum
728 3593 889 3669 paternae
914 3580 1141 3668 possessionis
1157 3580 1192 3648 in
1217 3581 1352 3649 civitate
1370 3583 1486 3647 Lemo·

217 3669 329 3739 vicina
348 3669 376 3748 *,
397 3670 554 3738 revisere.
574 3670 724 3739 Audiens
748 3670 840 3738 enim
866 3685 1020 3739 sanctam
1038 3667 1165 3738 lamam
1186 3668 1484 3743 monasteriorum,
1509 3679 1510 3754 l

217 3759 328 3846 ipsius
349 3760 421 3844 jam
447 3758 602 3848 exemplo
626 3759 661 3826 in
686 3779 726 3826 ea
750 3759 836 3827 urbe
860 3757 1092 3836 conditorum,
1112 3757 1329 3828 desiderabat
1346 3775 1510 3846 magno-

219 3867 297 3936 pere
321 3847 393 3914 suis
417 3868 458 3916 ea
481 3847 593 3918 oculis
616 3847 756 3927 intueri,
780 3848 929 3916 maxime
952 3867 1031 3916 vero
1054 3847 1251 3916 monasterii
1269 3846 1323 3915 sui
1349 3864 1510 3912 venera-r

217 3934 322 4004 bilem
347 3950 449 4021 atque
473 3937 637 4005 omnibus
661 3934 865 4004 imitandam
893 3935 1158 4004 institutionem.
1185 3938 1268 4004 Cum
1307 3947 1421 4002 autem
1454 3931 1510 4008 in3

217 4023 293 4112 ipso
322 4021 442 4092 itinere
471 4024 666 4113 Biturigum
691 4023 726 4059 ⁴⁸*
749 4024 876 4094 civitati
916 4024 1174 4114 propinquaret,
1208 4021 1394 4092 comitibus
1418 4020 1510 4094 suis,

216 4111 418 4182 antecedere
437 4113 558 4199 jussis,
578 4116 652 4202 ipse
669 4135 748 4182 cum
767 4114 886 4202 paucis
904 4113 1023 4182 statuit
1036 4111 1129 4201 apud
1148 4111 1350 4180 memoriam
1366 4113 1400 4178 S.
1416 4107 1487 4178 Sul·
1509 4141 1510 4144 ¹

216 4199 292 4289 pitii
310 4199 516 4272 confessoris
532 4200 688 4270 adorare.
705 4205 780 4284 Quo
800 4223 877 4272 cum
898 4202 1119 4292 pervenisset,
1139 4200 1292 4270 oratione
1315 4199 1415 4274 lacta,
1431 4217 1488 4264 au·

214 4289 268 4358 dit
290 4289 490 4379 complures
508 4310 616 4380 nuper
638 4291 757 4360 mortis
774 4290 949 4374 sententia,
969 4290 1163 4370 damnatos,
1180 4289 1215 4357 in
1234 4287 1343 4359 fiscali
1355 4304 1487 4355 earcere
1509 4319 1510 4322 π

243 4413 257 4442 *
272 4415 361 4456 Gallica
375 4415 482 4466 aramma.
884 4418 911 4444 ⁸*
926 4415 986 4459 Gall.
1001 4419 1105 4466 Bostram.
