2972 4826
647 311 687 358 nn
711 311 738 357 s.
766 307 899 359 naaman
924 309 1049 358 srrarrs
1323 289 1397 356 nac.
1418 291 1445 354 ll
1472 341 1473 378 3

208 409 267 465 aut
292 393 379 464 nihil
397 416 535 475 curans,
564 395 714 483 primum
732 393 870 482 quidem
889 395 962 482 ipse
977 415 1114 480 quoque
1130 406 1248 463 contra
1263 393 1449 463 minabatur:
1472 409 1473 414 ’

210 495 343 553 tantum
362 484 453 552 enim
473 483 507 550 in
527 482 650 553 Christi
675 484 799 552 virtute
821 481 1026 553 confidebat.
1054 481 1181 552 Deinde
1197 505 1275 552 cum
1291 504 1344 552 eos
1358 481 1451 550 adhuc

207 573 336 641 videret
353 594 388 642 se
406 573 516 661 magis
537 570 757 661 impudenter
780 593 897 661 gerere
920 586 952 640 et
975 571 1206 651 tumultuari,
1228 572 1312 660 ipsis
1334 571 1452 640 omnino

208 660 402 750 despectis,
433 660 580 730 obstruit
603 681 740 730 omnem
775 659 892 750 templi
918 659 1074 740 aditum,
1100 660 1284 730 ostendens
1307 682 1340 729 se
1361 659 1473 728 solum¹

208 749 295 819 velle
319 771 397 818 cum
424 749 473 817 eis
497 749 632 830 luctari,
659 761 692 817 et
716 770 777 817 nec
801 748 882 838 fuga
907 748 1045 835 quidem
1072 769 1182 838 egere,
1210 750 1238 818 si
1262 749 1326 838 ipsi
1345 749 1455 836 irrupe-

210 838 302 907 rint:
330 837 436 906 solam
464 850 577 906 autem
602 838 711 927 aperit
734 837 931 914 fenestram,
958 849 995 906 ut
1019 835 1147 907 videret
1170 838 1473 916 accedentesetut

209 947 352 1015 corpore
386 926 549 1014 exiguum
584 927 752 1015 acciperet
788 927 1051 994 nutrimentum.
1089 931 1159 994 Non
1197 926 1342 996 multum
1374 926 1456 992 inter·

208 1016 311 1084 cessit
336 1015 521 1103 temporis,
549 1026 581 1083 et
605 1014 725 1084 Christi
752 1013 891 1101 quidem
919 1015 1041 1083 virtute
1073 1014 1183 1084 deleta
1206 1028 1258 1085 est
1281 1015 1387 1083 ornnis
1411 1013 1457 1080 illa

210 1102 301 1172 mala
326 1103 533 1172 daemonum
559 1103 733 1192 operatio:
766 1101 922 1172 redditus
951 1113 1002 1170 est
1031 1115 1145 1172 autem
1170 1105 1352 1173 universus
1381 1103 1456 1172 locos

208 1191 296 1261 liber
312 1191 355 1260 ab
376 1190 514 1260 illorum
537 1191 748 1261 insultibus:
774 1204 807 1260 et
831 1191 994 1280 deinceps
1019 1189 1136 1272 libere,
1163 1205 1196 1262 et
1220 1193 1296 1261 sine
1322 1192 1398 1262 ullis
1418 1192 1457 1258 in·

210 1278 308 1351 sidiis
326 1279 563 1362 ambulabant,
585 1294 618 1350 et
639 1301 731 1348 mare
752 1279 971 1370 navigabant.

252 1371 359 1456 §lt
387 1369 500 1456 Hujus
526 1391 603 1438 vero
635 1371 683 1438 rei
716 1369 807 1439 lama
832 1368 983 1437 manavit
1006 1367 1040 1436 in
1066 1391 1186 1439 omnes
1217 1382 1346 1460 partes;
1374 1380 1403 1436 et
1428 1365 1458 1434 li-

208 1457 306 1526 cebat
332 1456 444 1526 videre
469 1459 558 1529 viros
578 1457 680 1527 simul
707 1469 739 1527 et
763 1457 936 1538 mulieres,
958 1457 1104 1546 juvenes
1120 1470 1153 1526 et
1176 1479 1287 1539 senes,
1315 1475 1457 1548 pauperes

209 1559 241 1614 et
264 1546 398 1626 divites,
425 1547 539 1638 etqui
564 1546 765 1616 habitabant
789 1546 1013 1616 circumcirca
1040 1546 1075 1614 in
1100 1544 1184 1616 locis
1208 1539 1376 1628 finitimis,
1397 1560 1459 1614 tam·

208 1657 311 1721 quam
338 1635 505 1704 lluentum
532 1635 684 1722 aliquod,
711 1635 876 1704 continuo
900 1647 1011 1704 tractu
1030 1632 1071 1703 ad
1097 1657 1175 1704 eum
1197 1634 1291 1714 ferri,
1318 1649 1350 1705 et
1370 1632 1457 1703 admi-

209 1723 301 1806 rari,
327 1745 478 1815 quonam
505 1723 628 1804 modo,
660 1723 720 1792 ubi
754 1745 864 1812 nuper
894 1722 1033 1810 quidem
1060 1736 1132 1792 erat
1155 1725 1323 1805 exitium,
1345 1723 1409 1792 illic
1428 1720 1459 1788 sit

208 1811 326 1882 salus:
353 1813 414 1882 ubi
437 1825 550 1882 autem
581 1812 789 1881 daemonum
815 1811 1099 1892 vociferationes,
1133 1811 1204 1882 illic
1233 1827 1338 1883 noctu
1367 1825 1394 1880 et
1415 1809 1458 1876 diu

208 1913 379 1971 canantur
395 1901 436 1969 ad
464 1905 569 1970 Deum
595 1901 738 1971 cantica.
767 1899 910 1970 Invidus
934 1921 1013 1970 vero
1034 1911 1143 1982 satan,
1170 1913 1202 1970 et
1223 1901 1399 1971 hominum
1415 1896 1458 1966 ini·

209 1990 332 2070 micus,
361 2011 470 2079 neque
494 1989 536 2058 de
560 2009 596 2058 se
620 2003 751 2079 partam
778 1989 968 2070 victoriam,
996 2010 1107 2076 neque
1130 1991 1240 2059 sancti
1292 1990 1453 2061 atientian¹

209 2099 319 2165 neque
345 2079 480 2169 piorum
505 2077 620 2148 videre
645 2079 820 2148 sustinens
844 2077 1047 2158 utilitatem,
1075 2077 1118 2147 ad
1143 2099 1248 2148 secun
1279 2101 1338 2148 um
1363 2097 1457 2168 aggre-

206 2167 301 2236 ditur
324 2166 490 2236 callidum
514 2181 772 2237 commentum:
799 2178 832 2234 et
854 2166 1064 2253 quibusdam
1082 2187 1122 2236 ex
1138 2168 1193 2248 iis,
1220 2169 1283 2255 qui
1304 2161 1458 2252 intemplo

207 2257 353 2345 cooptati
370 2267 467 2324 erant
491 2255 526 2324 in
551 2256 695 2336 clerum,
724 2253 806 2324 tales
832 2255 985 2324 immittit
1008 2256 1244 2343 cogitationes,
1266 2255 1385 2344 quales
1398 2253 1458 2347 olio

205 2343 346 2413 ludaeis
370 2343 535 2414 adversus
560 2344 752 2425 Christum,
780 2364 846 2411 non
875 2343 1002 2412 bonum
1029 2364 1104 2412 esse
1129 2345 1328 2434 permittere
1352 2341 1458 2413 bomin

207 2431 264 2501 hic
290 2431 455 2514 babitare,
482 2452 583 2519 quem
611 2433 775 2520 ignoretis
798 2431 892 2500 unde
916 2433 969 2502 sit.
991 2430 1051 2500 llle
1075 2447 1189 2502 autem
1207 2447 1240 2502 et
1256 2433 1350 2503 fama
1365 2447 1459 2500 omnes

209 2521 251 2590 ad
278 2541 314 2590 se
337 2520 500 2601 attrahit,
527 2535 559 2590 et
589 2521 684 2591 illius
709 2520 818 2590 honor
841 2533 892 2589 est
914 2521 1057 2590 omnino
1083 2521 1270 2592 diminutio
1296 2534 1459 2592 vestrorum

208 2610 292 2680 vecti
319 2609 440 2678 alium.
468 2609 531 2678 Sed
557 2609 760 2699 significate,
788 2608 933 2688 dicebat,
961 2609 1045 2678 haec
1070 2610 1249 2699 Episcopo,
1274 2625 1308 2681 et
1323 2606 1459 2680 cumcito

206 2633 356 2787 expellit.
383 2702 421 2767 Et
445 2709 537 2768 sator
553 2698 692 2786 quidem
710 2698 767 2766 hic
791 2710 862 2767 est:
890 2697 955 2766 talc
968 2710 1019 2768 est
1037 2711 1151 2768 autern
1173 2721 1308 2769 semen.
1326 2699 1388 2783 oui
1403 2713 1460 2763 roro

208 2800 422 2874 acceperant,
450 2809 516 2856 non
542 2809 582 2856 ex
609 2786 675 2856 alio
700 2787 782 2868 noti,
809 2808 912 2873 quam
935 2785 1025 2874 quod
1059 2786 1140 2855 haec
1165 2789 1334 2858 continuo
1359 2783 1461 2877 produ·

209 2874 330 2944 serint.
358 2879 439 2945 Cum
467 2877 617 2965 primum
644 2897 758 2945 semen
785 2887 1016 2964 acceperunt,
1044 2873 1195 2944 fructum
1225 2877 1460 2966 produxerunt:

208 2975 240 3031 et
263 2963 432 3033 accedunt
454 2964 496 3033 ad
524 2965 755 3054 Episcopum,
782 2963 880 3032 etde
905 2975 1022 3032 sancto
1047 2966 1266 3036 renunciant.
1294 2968 1461 3056 Episcopus

208 3062 321 3120 autem
349 3053 747 3141 Constantinopolitanus
769 3052 815 3142 (is
839 3065 911 3120 erat
934 3051 1149 3142 Anatolius):
1184 3075 1202 3120 c
1225 3059 1264 3123 Et
1289 3049 1460 3141 quomodo.

208 3141 333 3227 inquit,
361 3142 403 3210 de
427 3142 567 3212 bomine
593 3140 831 3220 maledicitis,
857 3153 890 3209 et
906 3140 1073 3230 expellere
1094 3141 1339 3232 aggredimini,
1365 3159 1460 3228 quem.

208 3230 302 3298 unde
322 3230 376 3312 sit,
399 3231 550 3313 nescitis,
572 3251 868 3316 nequc,quaenarn
884 3231 927 3298 sit
942 3230 1018 3318 ejus
1034 3231 1120 3298 vitae
1137 3231 1246 3311 ratio;
1268 3253 1349 3301 curn
1367 3237 1463 3298 contra

209 3332 363 3408 oporteat
390 3320 531 3405 quidem
560 3339 638 3388 eum
669 3319 740 3388 illic
769 3319 892 3398 sinere,
914 3332 962 3399 ut,
989 3318 1017 3386 si
1042 3319 1086 3388 sit
1109 3319 1250 3405 quidem
1271 3321 1392 3397 bonus,
1416 3331 1463 3380 nos

206 3429 343 3495 quoque
367 3407 468 3477 faciat
487 3407 672 3496 participes
688 3407 870 3477 utilitatis:
897 3407 949 3476 sin
970 3420 1082 3476 autem
1100 3420 1231 3490 contra,
1252 3409 1329 3498 ipse
1345 3403 1462 3494 quiden

209 3495 291 3566 hinc
303 3498 383 3586 jure
398 3497 596 3587 expelletur,
616 3519 674 3566 vos
687 3517 765 3566 vero
778 3506 810 3565 et
826 3517 889 3585 ego
903 3496 966 3564 hac
983 3497 1015 3564 in
1036 3517 1071 3566 re
1084 3496 1286 3568 vacabimus
1304 3493 1463 3585 repreben-

209 3587 317 3655 sione.
341 3609 358 3651 r
384 3587 439 3655 Sic
462 3585 514 3654 illi
543 3607 561 3654 a
590 3585 713 3676 seipsis
737 3585 826 3672 capti
855 3585 925 3673 (res
949 3585 1040 3652 enim
1066 3598 1118 3653 est
1140 3585 1314 3676 ejusmodi
1338 3583 1461 3650 vitium:

208 3673 217 3740 i
247 3697 323 3744 sum
365 3675 480 3744 uidem
500 3675 533 3742 in
553 3675 705 3764 seipsum
724 3673 826 3754 cadit,
842 3687 910 3742 eta
932 3673 1033 3742 rebus
1051 3674 1123 3744 suis
1140 3673 1304 3764 capitur),
1322 3691 1397 3764 prae
1412 3685 1463 3758 pu·

233 3783 290 3831 ore
307 3697 422 3834 vultus
439 3774 600 3854 tegentes,
623 3773 803 3832 cessarunt
819 3763 862 3830 ab
880 3761 1111 3862 improbitate.

252 3853 270 3938 ᾗ
295 3855 362 3922 n.
390 3857 571 3940 Postquam
590 3865 704 3920 autem
730 3873 849 3920 eorum
875 3850 1020 3920 insidias
1038 3851 1087 3921 sic
1109 3851 1193 3920 vidit
1210 3849 1383 3941 malignus
1403 3859 1462 3912 esse

208 3938 334 4020 irritas,
355 3940 496 4030 longum
512 3953 600 4010 esset
617 3940 741 4020 dicere,
761 3961 865 4027 quam
888 3939 1015 4009 multas
1033 3939 1172 4026 quidem
1192 3961 1315 4008 rursus
1333 3936 1461 4030 visiones

211 4027 386 4116 prioribus
402 4029 576 4119 graviores
589 4029 687 4098 beato
703 4028 873 4098 intulerit:
892 4049 998 4114 quarn
1014 4029 1142 4097 multas
1165 4039 1281 4099 autem
1309 4023 1462 4096 molestias

210 4127 243 4185 et
262 4119 467 4199 vexationes,
487 4139 580 4188 nunc
599 4118 738 4205 quidem
755 4118 894 4188 minans
909 4138 947 4186 se
962 4137 1041 4186 eum
1062 4119 1204 4186 interem
1234 4129 1367 4185 turum:
1386 4125 1463 4178 nunc

210 4226 287 4275 vero
304 4208 338 4275 in
356 4207 446 4276 mari
460 4206 747 4276 submersurum:
775 4227 869 4276 nunc
894 4218 1008 4275 autern
1034 4203 1166 4292 aliquid
1192 4139 1285 4274 allud
1308 4202 1473 4296 facturuml

209 4315 327 4362 eorum
343 4317 432 4382 quae
446 4294 561 4378 nollet,
581 4296 716 4365 etiamsi
733 4295 882 4364 maxime
898 4307 931 4363 et
947 4296 1021 4383 ipse
1035 4307 1067 4362 et
1084 4292 1197 4364 malus
1216 4295 1291 4384 ejus
1313 4296 1460 4386 exercitus

210 4380 253 4449 ab
272 4383 345 4470 ipso
363 4383 446 4454 baec
462 4397 558 4454 crant
573 4385 722 4474 passuri.
744 4388 828 4454 ll'am
846 4397 1029 4474 postquam
1054 4381 1113 4454 ille
1139 4403 1285 4474 surgens
1304 4386 1413 4452 orarit,
1436 4379 1460 4434 ct
