2972 4826
278 289 343 355 236
602 306 641 352 nr
665 306 711 352 ss.
738 303 935 352 xtnrrmnus
958 305 1135 352 ntrxtnnn.
1359 287 1429 352 unt.
1446 290 1458 350 t

235 405 273 462 ut
289 413 367 462 cum
385 389 588 481 praefectus,
603 402 635 460 et
651 411 840 460 assessores
864 389 923 475 qui
941 387 1083 458 aderant
1098 389 1129 458 ei
1145 389 1180 458 in
1193 385 1348 470 concilio,
1368 389 1459 459 timore
1476 391 1477 482 l

234 481 525 569 obstupescerent,
543 490 615 548 tum
641 477 836 557 Christiani,
857 477 890 546 in
917 499 1004 564 quos
1019 478 1091 567 jam
1122 478 1360 565 inquirebatur,
1378 477 1412 546 ad
1433 499 1458 546 ea

234 582 402 639 tormenta
418 589 506 655 quae
531 580 606 657 post
621 580 734 637 essent
784 567 969 656 erpessuri‚
997 566 1180 637 toleranter
1206 567 1386 636 sufferenda
1409 587 1477 656 mag

232 659 323 728 xime
337 657 635 736 confirmarentur,
657 669 727 725 tum
770 655 898 743 enique·
909 654 1057 746 judices,
1084 657 1145 745 qui
1165 669 1277 725 essent
1295 669 1397 726 contra
1419 671 1477 746 eost

233 746 436 817 sententiam
456 743 729 834 pronunciatum,
757 745 906 813 maximo
924 757 1017 813 metu
1032 744 1308 814 exhorrescerent
1329 745 1377 813 isti
1403 752 1477 816 rorol

232 857 250 903 e
265 835 337 905 loro
353 834 539 924 gloriantes
555 833 749 913 abscedere,
772 845 804 902 et
819 854 900 922 prae
918 833 1110 902 testimonio
1127 833 1218 920 quod
1237 832 1360 902 Christo
1379 831 1461 921 perhi-

231 923 390 1004 buerant,
417 944 555 993 summo
574 921 701 1012 gaudio
722 921 884 1000 exultare,
904 925 970 990 Deo
996 943 1054 1010 per
1077 920 1162 991 illos
1187 922 1348 1012 gloriosos
1369 920 1460 990 triun-

234 1013 319 1099 phos
343 1025 475 1102 agente.
496 1010 560 1080 dlii
578 1024 751 1100 praeterea
766 1010 962 1100 complures
980 1009 1014 1077 in
1035 1010 1183 1081 urbibus
1202 1023 1235 1080 ct
1253 1011 1355 1102 pagis
1372 1031 1390 1078 a
1406 1029 1463 1098 geo·

233 1101 325 1171 tibus
349 1100 501 1170 distracti
537 1112 654 1180 erant,
680 1110 712 1168 et
735 1100 835 1186 quasi
863 1099 1078 1168 membratim
1105 1097 1279 1188 discerpti:
1306 1097 1461 1185 exquibus

232 1211 354 1271 unum,
381 1187 528 1277 exempli
543 1189 664 1279 grntid,
683 1188 969 1258 commemorabo.

193 1281 197 1290 '
276 1279 360 1365 §u
388 1277 564 1366 lsohyrion
583 1276 600 1313 ⁴⁸
616 1276 799 1368 cujusdam
825 1277 1046 1365 magistratus
1064 1277 1210 1366 negotia,
1239 1275 1386 1346 mercede
1409 1294 1463 1343 con·

233 1365 371 1447 ductus,
400 1379 570 1456 procurat.
589 1369 621 1434 ls
645 1367 797 1453 quicum
823 1364 1044 1446 conduxerat,
1055 1367 1155 1456 jubet
1169 1364 1269 1435 idolis
1285 1363 1464 1437 sacrificare:

232 1476 347 1542 quem,
374 1476 452 1523 cum
475 1453 636 1524 mandato
665 1454 807 1522 minime
835 1453 1101 1540 obsequeretur,
1132 1454 1242 1543 eoepit
1266 1453 1417 1525 conviciis
1436 1450 1467 1517 la·

232 1565 359 1624 cerare;
386 1565 426 1612 ac
455 1565 534 1612 curn
565 1553 761 1613 constanter
783 1542 864 1612 fidei
898 1541 1176 1624 adhaeresceret,
1203 1544 1364 1644 gravibus
1386 1537 1468 1610 adscit

232 1631 463 1714 contumeliis,
482 1643 584 1718 utque
600 1631 658 1700 ubi
684 1630 768 1700 vidit
786 1653 864 1700 eum
889 1644 1005 1721 pacate
1025 1645 1057 1700 et
1081 1631 1267 1718 tranquille
1291 1631 1400 1702 omnia
1419 1625 1467 1698 sul·

232 1719 407 1801 ferentem,
430 1733 565 1809 arrepto
578 1718 666 1790 suste
683 1733 876 1807 praeacuto,
895 1720 1053 1791 intestina
1072 1743 1112 1789 ac
1132 1721 1261 1791 viscera
1279 1719 1371 1790 illius
1386 1732 1468 1787 trans·

230 1807 327 1891 fodit,
354 1807 607 1895 crudeliterque
629 1809 812 1878 interemit.
831 1807 1056 1891 Ouidettinet
1074 1811 1274 1900 percensere
1307 1803 1467 1879 multitudi-

230 1919 309 1986 nem
339 1920 470 1978 eorum,
497 1898 556 1984 qui
581 1897 616 1966 in
642 1896 828 1966 solitudine
851 1909 884 1967 et
914 1898 1090 1967 montibus
1123 1920 1160 1968 va
1190 1899 1219 1976 i,
1258 1909 1468 1981 errantesque.

233 1986 334 2067 lame,
361 1987 429 2067 siti,
449 1985 585 2088 frigore,
614 1986 765 2067 morbis,
795 1985 1001 2068 latronibus,
1028 1985 1147 2058 bestiis
1164 1921 1314 2057 ducrum
1336 1982 1470 2056 extincti?

232 2079 385 2158 Quorum
416 2074 592 2145 electionis
615 2074 734 2144 beatae
757 2086 790 2143 et
821 2075 965 2146 eximiae
989 2075 1149 2145 victoriae
1177 2084 1469 2163 quamquamtestes

232 2178 314 2235 sunt
333 2164 381 2244 hi,
394 2163 522 2250 quibus
534 2163 648 2233 adhuc
663 2183 702 2233 ex
716 2162 774 2232 illo
793 2185 936 2233 numero
950 2164 1017 2233 vita
1032 2163 1238 2254 suppeditat,
1259 2178 1371 2233 tamen
1389 2179 1469 2232 unun

232 2252 373 2351 aliquod
390 2253 525 2322 lucinus
550 2251 731 2342 proferam,
757 2273 826 2339 quo
842 2274 895 2322 res
907 2253 991 2322 istae
1010 2254 1080 2322 sint
1095 2251 1307 2343 exploratius
1331 2251 1467 2342 cognitae.

233 2353 508 2430 perspectaeque.

276 2431 294 2518 ἓ
317 2433 355 2502 2.
383 2429 589 2499 Chaeremon
614 2429 804 2586 Episcopus
818 2430 853 2464 ²⁵*
868 2429 1014 2499 civitatis
1037 2451 1125 2516 quae
1149 2429 1246 2500 Nilus
1270 2431 1325 2467 Ψ
1348 2429 1468 2499 dicitur.

231 2540 310 2588 curn
333 2518 404 2606 jam
432 2516 533 2608 plane
548 2539 632 2607 gran
662 2519 690 2588 is
715 2526 814 2598 esset,
836 2530 868 2588 et
896 2531 1002 2588 aetate
1032 2539 1138 2609 prope
1160 2531 1291 2601 exacta,
1326 2541 1393 2590 una
1417 2535 1471 2584 cun

230 2627 335 2677 uxore
358 2628 421 2676 sua
445 2605 487 2676 ad
509 2618 658 2676 montem
683 2607 823 2676 Arabiae
852 2606 1075 2766 consopiens,
1103 2628 1214 2698 neque
1241 2622 1319 2697 post
1350 2621 1472 2676 reversus

230 2709 292 2776 est,
320 2717 431 2780 neque
457 2717 604 2794 usquam
629 2715 687 2766 eos
716 2696 888 2786 quispiam
924 2698 954 2766 vi
982 2717 1037 2766 ere
1062 2697 1184 2786 potuit.
1207 2701 1245 2766 Et
1271 2696 1352 2766 licet
1379 2695 1473 2764 lretres

225 2784 299 2872 jam
324 2783 506 2871 aliquotres
529 2803 607 2854 eum
633 2805 713 2854 oum
738 2807 843 2854 uxore
865 2799 1079 2875 quaererent,
1107 2797 1219 2854 tamen
1250 2807 1364 2874 neque
1392 2786 1472 2872 ipsos..

230 2893 341 2959 neque
364 2893 508 2962 corpora
531 2893 649 2942 eorum
668 2874 804 2963 uspiam
831 2875 980 2963 reperire
1004 2885 1201 2962 potuerunt.
1219 2873 1387 2945 Permulti
1410 2879 1475 2940 certe

231 2961 265 3028 in
290 2980 329 3030 eo
349 2962 490 3032 Arabico
516 2973 628 3030 monte
652 2974 760 3044 erant,
787 2985 806 3031 a
832 2961 987 3033 barbaris
1012 2963 1208 3032 sarracenis
1238 2962 1321 3033 sacti
1350 2961 1474 3051 captiti}

230 3069 378 3137 quorum
395 3049 453 3118 alii
478 3071 579 3140 aegre
597 3050 749 3136 quidem,
767 3063 799 3119 et
818 3051 871 3120 vix
888 3051 1018 3142 ingenti
1035 3051 1203 3140 pecuniae
1223 3073 1364 3120 summa
1380 3047 1468 3120 redin

230 3147 406 3295 poterant,
433 3137 492 3208 alii
517 3139 684 3208 hactenus
709 3137 803 3208 nullo
829 3139 940 3210 modo.
968 3145 1081 3226 v,itque
1108 3142 1183 3218 ista,
1215 3141 1263 3209 mi
1289 3140 1402 3218 frater,
1426 3153 1475 3204 oon

245 3239 358 3296 rustra
392 3226 551 3318 equidem
587 3225 734 3297 dicendo
769 3242 968 3318 persecutus
1006 3249 1103 3297 sum:
1134 3230 1192 3297 sed
1231 3241 1270 3297 ut
1313 3243 1463 3320 cognosce

231 3328 379 3403 quantae
402 3331 435 3385 et
450 3337 554 3402 quam
573 3315 714 3386 acerbae
740 3317 951 3386 calamitates
979 3317 1069 3408 apud
1104 3339 1165 3388 nos
1189 3317 1385 3408 obtigerint,
1412 3333 1465 3401 qua

229 3405 290 3492 qui
306 3404 553 3495 luerintmagis
569 3405 709 3496 experti,
723 3405 821 3495 plura
833 3407 875 3475 de
890 3406 959 3476 illis
973 3419 1005 3476 et
1020 3406 1135 3476 sciunt
1147 3417 1178 3475 et
1190 3405 1307 3476 dicere
1321 3414 1460 3497 possunt.

255 3603 268 3630 ⁸
282 3603 339 3650 Eous
350 3603 437 3643 testum
447 3601 484 3642 dle
494 3603 520 3643 tt
529 3601 579 3642 doc.
590 3601 730 3642 celebretur.

254 3655 280 3682 ⁶*
295 3657 323 3696 nt
333 3657 383 3706 lpse
394 3654 431 3696 die
442 3657 468 3697 22
478 3656 527 3696 ttae.
538 3653 660 3696 recolitur.
1394 3681 1399 3690 .

254 3709 294 3736 ¹⁸⁶*
309 3709 376 3750 ltttus
387 3707 437 3750 siro
449 3705 571 3758 Ntlopolta.
579 3709 604 3748 tu
613 3708 708 3749 occidus
719 3707 765 3747 mn
774 3707 885 3751 flnmtnts.
897 3707 935 3750 Ibt
945 3712 1028 3760 ports·
1038 3711 1106 3752 aedas
1117 3709 1255 3761 eptrcopalts
1265 3713 1348 3752 oracta
1357 3713 1398 3750 est.
