2932 4812
12 270 74 334 JEC.
100 271 136 336 :tt
429 289 468 336 ns
493 289 520 336 s.
548 289 673 336 uantum
697 287 825 338 aoxtaa
1156 273 1219 336 623

12 374 103 442 norbo
128 373 247 443 locum
265 374 367 475 dante
383 373 541 473 laetitiae,
560 395 621 444 seu
644 375 746 444 etiam
764 395 871 444 manu
894 395 1046 466 superna
1069 375 1144 463 eius
1164 374 1264 462 adju·

12 476 83 532 unte
105 483 252 552 scopum
269 475 302 532 et
321 474 529 532 institutum.

34 555 49 638 ξ
70 555 111 625 ὅ.
138 555 224 622 Cum
250 573 332 643 ergo
348 563 448 622 nacta
463 563 552 622 esset
567 563 703 640 tempus
718 563 751 622 et
766 553 992 634 occasionem,
1012 552 1170 642 deposuit
1187 554 1263 640 qui-

12 640 62 708 lem
86 640 192 712 alium
212 654 375 711 ornatum
400 640 566 730 corporis,
594 640 742 710 tenuiter
759 654 792 711 et
813 641 1017 732 simpliciter
1041 641 1152 710 vivere
1174 663 1259 711 con-

14 731 139 808 tituens‚
166 741 330 800 ettotam
356 749 392 799 se
421 741 622 799 convertens
642 729 683 799 ad
716 730 890 800 internum
923 741 1084 800 ornatum
1113 731 1261 800 animae.

12 818 122 887 nterim
151 830 270 890 autem
301 818 462 908 pulcrum
488 839 625 906 quoque
649 819 725 907 eJus
748 839 888 908 germen
915 819 1140 910 virginitatis,
1174 840 1264 906 quae

12 913 54 975 teo
70 905 179 977 luerat
197 919 413 988 consecrata,
440 905 524 988 filie,
551 907 706 996 migrans
725 928 764 978 ex
781 907 845 976 hac
863 908 942 990 vita,
971 907 1063 977 vadit
1086 907 1129 977 ad
1155 913 1260 976 Deum

14 1017 87 1064 uum
111 1010 318 1066 amatorem.
344 996 425 1086 Ejus
444 1017 535 1066 mors
561 995 736 1066 meliorem
760 1009 907 1067 mentem
925 997 984 1066 dat
1003 997 1088 1078 viro,
1108 1008 1146 1066 ut
1172 995 1262 1065 idem

12 1083 77 1168 ruod
100 1085 176 1174 ipsa
196 1084 336 1166 sentiat,
362 1097 394 1153 et
419 1083 540 1163 allicit,
564 1096 602 1154 ut
625 1083 744 1154 eadem
770 1085 823 1154 via
853 1086 1080 1186 ingrediatur,
1107 1107 1177 1173 qua
1194 1090 1261 1154 lle-

15 1193 80 1241 ane.
96 1179 177 1244 Cum
199 1174 305 1244 ambo
330 1195 411 1264 ergo
425 1195 462 1242 se
486 1173 749 1260 subjunxissent
766 1173 846 1265 'ugo
870 1188 958 1245 vitae
976 1197 1016 1244 ex
1041 1180 1106 1244 Deo
1131 1173 1264 1243 ducen-

12 1259 67 1340 lae,
84 1263 113 1330 id
139 1275 303 1353 prompto
336 1276 369 1332 et
391 1262 496 1331 alacri
521 1261 638 1332 animo
662 1197 853 1344 trabebant,
882 1265 969 1335 inter
987 1286 1022 1334 se
1053 1263 1176 1333 virtute
1205 1262 1263 1331 de-

12 1365 163 1421 eertautes.
182 1357 294 1439 Atque
311 1351 379 1420 illis
395 1349 535 1438 quidem
561 1372 665 1420 curae
689 1362 761 1420 erat
784 1351 826 1420 ab
852 1354 1012 1422 universo
1036 1353 1166 1421 mundo
1191 1373 1264 1420 om-

12 1437 72 1507 iino
90 1442 256 1530 separari,
276 1452 308 1510 et
328 1462 364 1510 se
388 1444 452 1509 Deo
472 1439 652 1510 dedicare:
679 1452 710 1510 et
741 1462 820 1510 cum
852 1442 918 1511 vita
942 1454 975 1511 et
999 1441 1120 1512 babitu
1145 1461 1264 1510 mona-

12 1527 107 1597 ticam
130 1529 180 1598 ele
209 1531 319 1600 issent
338 1528 601 1610 institutionem,
619 1540 776 1617 parentes
793 1541 906 1599 autem
926 1552 993 1600 non
1012 1530 1259 1619 permitterent,

15 1613 46 1682 lli
70 1552 325 1688 meditabantur
345 1639 381 1688 se
400 1616 482 1774 suffia
506 1617 721 1687 subducere:
743 1617 802 1687 sed
827 1618 892 1688 hoe
915 1619 1057 1707 quidem
1084 1632 1165 1688 tuno
1191 1640 1261 1686 ma-

12 1725 59 1774 tus
83 1707 237 1796 probibet
257 1727 420 1796 superna,
467 1706 559 1775 ivina
575 1717 690 1776 autem
715 1705 843 1776 laetitia
862 1708 911 1777 eis
941 1709 1096 1778 timorem
1121 1707 1259 1776 excutit.

12 1795 76 1860 lum
103 1795 143 1864 de
167 1797 224 1865 his
248 1796 341 1866 enim
366 1793 619 1875 consultarent,
655 1807 817 1882 sequente
848 1809 946 1866 nocte
971 1797 1086 1865 suavis
1117 1794 1261 1884 quidam

12 1878 76 1950 odor
89 1895 118 1954 et
134 1883 238 1974 plane
263 1883 431 1966 coelestis,
457 1895 490 1953 et
504 1885 564 1970 qui
589 1904 700 1970 neque
715 1883 826 1956 verbis
841 1886 1000 1975 exprimi,
1024 1905 1134 1974 neque
1149 1897 1263 1952 mente

12 1970 128 2056 rogitari
148 1985 273 2064 potest,
292 1972 335 2042 ad
351 1994 408 2042 eos
429 1972 520 2042 venit
534 1995 554 2041 a
569 1972 717 2061 superis,
739 1973 800 2060 qui
816 1973 1056 2043 admirabilem
1074 1970 1260 2060 quemdam

12 2057 171 2148 voluptatis
194 2062 359 2154 spiritum
375 2061 425 2130 eis
449 2060 574 2134 attulit.
600 2072 632 2129 et
647 2061 708 2147 qui
734 2063 871 2132 tristitia
895 2061 1110 2132 alliciebatur
1125 2072 1157 2130 et
1180 2081 1262 2130 oon-

12 2145 194 2239 trahebatur,
215 2152 376 2221 animum
388 2149 546 2240 protinus
569 2149 709 2219 dilludit
723 2149 766 2219 ad
781 2149 957 2221 laetitiam.
975 2156 1058 2221 Cum
1076 2150 1135 2220 tali
1154 2149 1264 2240 gratia

12 2235 120 2321 impleti
142 2239 290 2310 luissent
320 2260 439 2308 eorum
471 2238 590 2314 animi,
619 2238 804 2308 manebant
832 2239 893 2322 sic,
919 2241 1037 2310 omnia
1066 2240 1152 2308 vitae
1182 2259 1263 2307 suae

13 2317 89 2392 lrena
110 2332 170 2397 ileo
203 2328 462 2419 permittentes,
488 2341 528 2396 ut
561 2326 770 2397 ducerentur
792 2349 860 2414 quo
891 2341 923 2398 et
954 2329 1125 2417 quomodo
1150 2326 1259 2396 vellet.

13 2409 79 2478 Cum
94 2414 145 2486 ille
162 2439 248 2508 ergo
272 2416 455 2573 paulopost
478 2417 669 2498 annuisset,
688 2417 738 2488 eis
752 2417 893 2502 quidem
911 2440 928 2488 e
944 2418 1029 2487 vivis
1045 2417 1176 2486 excedit
1193 2420 1261 2484 lle-

13 2493 92 2570 lanae
131 2518 212 2576 ater.
242 2505 269 2574 ll

12 2526 128 2668 clarel
151 2599 215 2666 beo
235 2595 346 2664 visum
371 2605 421 2663 est
440 2605 472 2663 et
497 2606 633 2684 tempus
658 2592 810 2675 vocabat,
835 2595 948 2664 statim
973 2594 1111 2684 quidem
1138 2606 1262 2662 exeunt

12 2693 24 2738 c
44 2697 155 2768 magna
177 2684 326 2764 civitate,
345 2682 513 2752 urbanam
540 2681 798 2752 multitudinem
817 2697 849 2752 et
868 2683 1038 2753 tumultus
1066 2682 1176 2751 valere
1204 2681 1262 2768 ju-

12 2759 130 2837 bentes:
154 2793 211 2844 eos
238 2795 317 2842 vero
335 2771 511 2860 excipiunt
527 2770 729 2842 suburbana
752 2770 932 2842 commoda
948 2771 991 2840 ad
1014 2769 1263 2861 philosophan-

13 2849 93 2946 dum,
119 2872 150 2928 et
178 2873 259 2952 apta
287 2860 329 2930 ad
354 2861 517 2947 quietem.
544 2861 600 2932 Eis
628 2872 754 2942 autem,
791 2859 931 2947 quando
957 2861 1044 2929 hano
1068 2858 1262 2950 angelicam

12 2957 190 3032 luceperunt
214 2951 303 3020 vitae
326 2948 484 3028 formam,
512 2961 604 3018 aetas
637 2960 731 3030 erat,
759 2949 934 3050 Apeniano
956 2948 1097 3035 quidem
1124 2947 1263 3106 vifinti-

12 3045 137 3126 quatuor
152 3060 333 3116 annorum;
358 3037 521 3108 Melaniae
540 3050 654 3107 autem
676 3037 814 3128 viginti,
841 3058 910 3124 quo
936 3049 1086 3127 tempore
1114 3058 1151 3106 ve
1191 3059 1263 3108 ma-

12 3135 86 3188 xima
109 3125 188 3198 solat
211 3127 307 3198 rabie
323 3127 446 3217 agitari
469 3124 710 3196 adolescentia.

47 3209 61 3291 ξ
81 3216 123 3308 ll.
150 3215 210 3286 llla
232 3237 310 3286 vero
329 3227 362 3284 et
377 3215 473 3284 omni
497 3226 597 3285 utens
614 3215 784 3296 cautione,
811 3235 847 3285 se
864 3213 961 3284 valde
978 3214 1117 3304 gerebat
1148 3213 1262 3304 philo-

16 3295 142 3387 sttphtce
167 3319 199 3376 et
224 3305 258 3373 in
277 3303 332 3375 his
348 3315 421 3374 erat
437 3304 560 3374 marito
584 3325 653 3372 non
670 3302 862 3393 injucunda
886 3303 1046 3394 adjutrix.
1063 3302 1260 3386 Quinetiam

16 3399 37 3444 u
57 3386 179 3464 videbat
190 3395 352 3484 juvenem
371 3393 415 3463 ab
430 3405 591 3463 accurata
610 3405 643 3462 et
668 3391 813 3482 perlecta
840 3391 927 3462 vitae
951 3391 1060 3462 forma
1084 3390 1262 3461 declinau-

19 3475 80 3568 tern.
103 3499 175 3550 eum
196 3483 370 3572 sapienter
392 3481 596 3572 corrigebat,
616 3479 710 3551 etad
736 3481 894 3572 pietatem
911 3481 1092 3570 dirigebat.
1109 3486 1193 3552 Nam
1211 3477 1262 3549 illi

17 3561 131 3638 tardem
165 3572 250 3642 nibil
277 3583 387 3640 tantae
410 3583 483 3640 erat
510 3592 624 3651 curae,
650 3582 798 3660 quantae
823 3569 909 3638 nihil
943 3593 981 3639 ea
1006 3590 1264 3656 curare,·quae

19 3643 50 3738 ald
71 3671 183 3740 corpus
200 3661 436 3750 pertinebant:
464 3661 570 3730 immo
595 3681 671 3728 vero
695 3672 729 3728 et
755 3658 831 3728 cibo
860 3670 893 3727 et
918 3673 1006 3729 veste
1030 3672 1061 3727 et
1081 3659 1175 3728 omni
1210 3679 1263 3726 ra·

21 3739 90 3834 tione
110 3743 279 3818 llammum
301 3749 492 3836 juventutis
521 3749 731 3906 extinfuere.
764 3752 846 3816 Cum
873 3746 972 3816 illum
998 3760 1110 3817 autem
1134 3746 1263 3816 videret

21 3835 141 3900 amiotus
162 3850 318 3908 ornatum
343 3851 376 3908 et
396 3837 539 3908 vestium
567 3859 611 3926 pu
628 3834 834 3907 critudinem
853 3834 967 3905 adbuc
992 3836 1164 3926 amplecti,
1192 3853 1261 3902 non

22 3917 147 4016 cessabat
165 3928 287 4014 partim
308 3925 448 4014 quidem
474 3925 677 4007 admonere,
705 3926 829 4015 partim
856 3946 934 3994 vero
958 3924 1041 3994 scite
1069 3943 1207 4012 quoque
1230 3933 1264 3990 et

24 4010 83 4092 illc
96 4011 235 4099 irridere,
263 4015 373 4086 donec
392 4013 526 4096 ellecitf
543 4018 631 4084 utin
653 4014 708 4084 his
732 4035 768 4083 se
792 4025 922 4104 gereret
953 4011 1200 4102 philosophice.
1223 4015 1263 4079 Et

26 4077 126 4178 ,³¹¹⁰qui
141 4103 275 4194 conjugi
295 4102 366 4173 dux
385 4113 457 4174 erat
476 4102 607 4174 Melana
627 4103 670 4173 ad
696 4103 867 4193 pietatem,
894 4123 974 4174 cum
996 4102 1073 4182 Eva,
1101 4097 1192 4187 quod
1218 4097 1262 4168 ad

25 4165 101 4246 lton
124 4191 300 4270 attinebat,
326 4214 491 4282 pugnans
514 4215 554 4262 ex
577 4192 757 4264 diametro.
785 4195 849 4262 Eos
881 4193 992 4272 enim,
1023 4190 1084 4278 qui
1108 4197 1262 4288 aegrota·

26 4253 101 4367 llll,
119 4277 205 4350 adire
223 4295 255 4350 et
278 4282 436 4364 invisere,
463 4293 496 4351 et
519 4283 730 4352 curationem
749 4280 924 4361 adhibere,
946 4291 979 4348 et
1003 4289 1261 4368 peregrinantes

26 4339 147 4439 ¹¹⁰⁵tues
161 4389 274 4440 mensa
291 4371 456 4461 accipere,
475 4384 507 4441 et
525 4369 646 4441 viatico
659 4391 716 4444 eos
731 4369 872 4450 donare,
890 4368 1054 4438 allelana
1074 4365 1261 4439 docebatur

287 2506 444 2583 iautem,
471 2526 551 2574 cum
582 2517 718 2574 amotus
746 2506 910 2587 essetis,
939 2507 999 2594 qui
1032 2504 1258 2595 prohibebat,
