2994 4832
61 277 153 342 titul
356 297 393 344 ns
415 299 441 344 s.
467 297 593 348 innotui
617 295 767 346 ananiae.
796 297 907 346 conon.
1186 283 1228 347 99

58 381 123 466 quasi
143 379 265 450 militari
281 403 386 452 manu
408 381 592 463 deterrens,
616 403 718 473 porro
742 395 862 452 contra
888 403 1009 452 omnes
1030 383 1196 454 orationis
1220 384 1272 454 in-

57 471 128 538 iictae
146 480 265 539 scutum
281 471 460 572 arripiens.
487 477 607 542 Extant
628 473 705 562 ejus
729 471 1002 542 innumerabiles
1035 493 1095 562 pro
1119 473 1269 544 Ecclesia

54 558 165 638 odores,
191 579 245 627 nec
269 573 399 648 possint
422 561 685 631 commemorari
710 560 828 630 omnia
858 581 946 648 quae
970 559 1111 649 partulit
1134 561 1178 632 ab
1207 563 1271 631 iin-

53 645 104 734 piis:
125 667 216 715 unuin
238 646 424 730 dumtaxat,
455 650 490 718 in
514 671 583 738 qiio
617 649 835 741 potissimum
867 650 1033 720 orationis
1065 651 1141 737 ejus
1165 650 1218 719 vis
1240 664 1272 720 et

50 735 161 805 efficacia
174 738 393 826 cognoscitur,
420 737 463 807 ad
479 751 642 809 terrorem
660 759 792 819 eorum,
811 738 871 825 qui
895 761 988 808 nunc
1005 760 1143 827 quoque
1167 738 1272 809 coelis

49 823 144 892 invecto
166 825 373 912 impudenter
396 827 643 915 obloquuntur,
673 827 878 898 inferimus:
911 841 948 897 ut
975 827 1026 897 vel
1052 849 1126 899 sero
1152 825 1272 918 resipi-

47 927 153 992 scentes,
169 912 255 1000 quid,
273 937 352 985 eum
368 916 502 986 Christo
518 917 647 996 vivens,
677 915 794 1005 possit,
824 916 1013 998 attendant,
1040 938 1141 1004 quem
1168 938 1272 987 carne

48 1013 149 1078 tectum,
169 1015 288 1072 tantum
309 1005 462 1093 potuisse
480 1004 621 1075 forsitan
648 1004 880 1076 mirabuntur.

75 1092 162 1175 ξπ.
178 1095 350 1180 Postquam
366 1115 466 1164 mons
484 1094 515 1163 Si
543 1094 752 1186 ebergensis,
771 1094 831 1181 qui
848 1094 990 1163 vertitur
1002 1094 1037 1163 in
1054 1093 1267 1173 victoriam*,

46 1179 236 1266 victorutique
259 1181 434 1263 vitiorum,
455 1194 506 1252 tra
530 1196 608 1252 eote
625 1181 779 1253 Palatino
800 1183 939 1264 Gemite,
966 1183 1088 1253 ditioni
1115 1188 1147 1253 S.
1182 1185 1270 1252 Petri

44 1267 126 1346 cessit,
154 1268 232 1339 idem
259 1291 406 1362 magnae
431 1284 442 1341 t
468 1271 624 1344 rannidis
649 1272 719 1352 vir,
762 1272 862 1359 quasi
897 1272 1007 1362 sopito
1039 1272 1270 1374 perversitatis

45 1355 110 1442 igne,
125 1359 257 1427 Gorziain
282 1361 395 1430 venit:
415 1293 476 1430 udi
496 1359 651 1450 deposito
676 1381 822 1450 pompae
838 1361 1003 1431 secularis
1020 1361 1172 1452 cingulo,
1198 1383 1270 1430 mo-

44 1444 168 1516 caelicae
194 1449 402 1538 paupertatis
433 1447 587 1518 habitum
608 1449 769 1538 sumpsit.
797 1453 820 1518 Ε
848 1450 870 1519 it
888 1449 953 1519 hoc
971 1460 1042 1520 arte
1062 1472 1127 1520 sua
1150 1449 1269 1520 diabo-

43 1531 90 1612 los,
105 1535 157 1632 qni
172 1536 376 1610 substantiae
395 1537 562 1628 spiritalis
578 1551 610 1607 et
626 1537 802 1629 angelicae
822 1471 1005 1629 dignitatis
1021 1550 1190 1618 creatura,
1213 1561 1271 1628 per

42 1621 217 1693 subtilitatem
239 1639 387 1697 naturae
418 1647 501 1696 suae
531 1648 783 1715 nonnunquam
812 1648 852 1696 ex
887 1628 1118 1698 anterioribus
1152 1627 1269 1696 futura

42 1711 190 1798 perpendit,
204 1728 232 1784 et
249 1715 358 1786 semel
377 1715 543 1786 obnoxios
559 1715 748 1806 gehennae,
766 1715 861 1785 mille
873 1717 1149 1786 circumveniens
1166 1716 1266 1798 dolis,

43 1796 184 1887 dupliciter
201 1802 284 1874 filios
301 1805 383 1876 e'us
408 1803 522 1876 efficit.
541 1807 613 1875 Hac
633 1827 721 1876 usus
751 1804 872 1874 fraude
898 1805 990 1876 circa
1019 1807 1129 1876 virum
1157 1804 1264 1886 bunc,

44 1907 101 1956 con
120 1891 298 1981 postaliquo
354 1905 491 1983 tempus
514 1916 534 1964 a
552 1891 762 1984 professione
779 1892 946 1964 fallaciter
962 1908 1128 1985 usurpata
1152 1894 1269 1966 detur·

46 1973 120 2074 bans.
139 1980 293 2069 inplexos
323 1981 528 2073 conjugales
554 2003 676 2070 resque
697 1982 885 2053 familiares
911 1996 1062 2073 repetere
1086 1983 1207 2064 suasit,
1238 1997 1270 2053 et

49 2069 191 2158 conjunctis
206 2070 267 2142 sibi
286 2071 465 2158 nequitiae
482 2091 566 2141 suae
590 2083 718 2162 septem
737 2071 929 2161 spiritibus,
954 2093 1013 2142 cor
1027 2073 1101 2160 eJ'us
1121 2073 1266 2152 introite,

53 2171 78 2215 in
91 2171 190 2226 onnen
205 2159 369 2250 deinceps
389 2160 597 2252 flagitiorum
613 2161 810 2318 voraginem
824 2161 1071 2252 praecipitavit.
1094 2165 1127 2230 ls
1150 2181 1270 2231 exosos

49 2237 255 2340 labensonnes
282 2250 347 2320 Dei
371 2269 497 2330 servos,
517 2259 634 2339 utpote
654 2271 689 2320 rc
706 2271 785 2340 ugo,
812 2249 903 2319 bella
937 2252 1053 2330 movit,
1085 2249 1271 2322 seditiones

47 2334 192 2416 concitavit,
212 2351 238 2408 et
261 2339 307 2408 ad
339 2359 422 2408 suae
453 2336 655 2428 perditionis
689 2339 892 2419 cumulum,
930 2337 972 2408 ad
997 2338 1266 2430 extinguendum

43 2437 141 2488 nomen
153 2422 351 2498 celeberrimi
369 2437 450 2496 tunc
469 2425 640 2517 pontificis
655 2427 819 2504 bononis,
846 2427 1129 2518 Agrippinensem
1147 2427 1267 2498 urbem

39 2519 98 2591 post
117 2514 276 2670 raginaset
298 2513 476 2596 incendia,
506 2528 582 2604 post
597 2515 719 2586 caedes
743 2527 775 2585 et
799 2515 1078 2588 detruncationes
1103 2515 1267 2607 plurimo·
1335 2587 1340 2595 ,

35 2615 110 2698 iuni,
164 2605 301 2675 ostiliter
340 2625 525 2696 aggressus
561 2615 624 2674 est.
657 2603 709 2674 lbi
744 2605 902 2674 cominus
936 2626 1016 2676 cuni
1055 2619 1265 2676 armatorum

35 2685 211 2762 multitudine
224 2695 365 2774 sedens,
393 2693 509 2764 omnia
527 2714 587 2782 per
603 2693 787 2765 circuitum
812 2693 911 2780 quasi
931 2715 1052 2764 saevus
1072 2715 1155 2784 aper
1169 2694 1267 2762 deva·

32 2775 114 2873 stavit,
132 2777 232 2869 ignem
252 2781 428 2884 paritet-et
448 2781 577 2852 ferrum
596 2783 757 2852 miscens.
778 2782 917 2852 interim
937 2803 1032 2853 sacer
1050 2783 1200 2874 pontifex
1217 2782 1268 2852 iii-

31 2873 164 2962 trinsecus
174 2869 284 2942 cilicio
307 2883 429 2952 tectus,
449 2869 575 2941 minori
592 2892 653 2961 pro
671 2893 717 2952 se,
739 2870 887 2941 maxima
909 2892 986 2941 vero
1004 2893 1063 2963 pro
1084 2873 1268 2942 commisso

30 2951 78 3019 sibi
91 2959 425 3048 giegesollioitudine
440 2972 613 3039 aestuans,
641 2959 697 3032 dia
713 2959 862 3047 quadam
881 2981 959 3030 oum
979 2961 1199 3051 processisset
1224 2961 1265 3030 ad

29 3059 147 3126 norom,
165 3047 245 3119 vidit
270 3048 394 3140 procul
420 3049 533 3140 ignem
559 3048 757 3130 micantem,
783 3061 815 3119 et
832 3048 986 3120 vicorum
1011 3072 1122 3140 nuper
1147 3051 1266 3119 incen-

14 3147 116 3201 sorum
139 3136 310 3208 flamniam
338 3137 543 3224 fumumque
569 3137 603 3205 in
629 3137 779 3208 sublime
807 3138 1048 3218 conscendere,
1077 3139 1198 3207 incolis
1226 3159 1267 3207 eii

28 3237 77 3288 ooo
96 3221 189 3295 litere
211 3223 429 3319 fngientibus
450 3226 573 3308 liostes,
596 3247 635 3296 ax
651 3225 758 3296 altero
775 3226 883 3316 ignes.
900 3225 947 3296 td
974 3226 1064 3314 quod
1090 3238 1269 3316 spectacu-

28 3303 79 3405 lum
94 3326 198 3398 pastor
223 3317 304 3408 pius
322 3315 442 3386 intimo
457 3313 575 3386 dolore
591 3316 764 3405 trajectus,
791 3337 858 3384 non
884 3315 993 3396 aliter,
1022 3315 1173 3402 quamsi
1194 3313 1268 3472 gla-

14 3393 71 3496 *lli
96 3403 244 3473 omnium
277 3403 518 3475 confoderetur
541 3402 716 3482 hostium,
753 3405 945 3494 ingemuit,
972 3415 1004 3473 et
1036 3403 1196 3474 miserabi
1212 3423 1266 3471 ein

14 3499 152 3560 mittens
172 3513 309 3563 vocem:
330 3495 461 3563 «Ome
485 3492 663 3575 miserum,
691 3493 814 3580 inquit,
832 3513 852 3564 o
868 3515 923 3563 me
940 3503 1165 3586 peccatorem,
1191 3504 1224 3562 et
1247 3511 1267 3560 ο

14 3569 101 3646 {ulnis
119 3577 298 3662 infelicem,
319 3601 421 3672 quein
447 3581 531 3651 tanti
562 3579 655 3662 mali,
683 3581 768 3652 tanti
798 3581 939 3664 doloris,
968 3580 1186 3672 prohdolor,
1215 3580 1266 3648 in·

14 3667 182 3738 tinctorem
205 3682 298 3740 aetas
317 3671 451 3771 ingrata
477 3670 640 3760 protraxit
664 3670 698 3739 in
725 3670 815 3740 lianc
838 3669 1167 3758 commotusque
1193 3668 1269 3740 loco

14 3749 131 3836 cedens,
149 3759 238 3828 intra
255 3773 408 3829 matricis
425 3759 594 3828 Ecclesiae
610 3758 714 3828 limen
741 3779 814 3829 sese
838 3779 913 3830 rece
941 3758 976 3839 it,
999 3772 1032 3828 et
1057 3772 1136 3830 ante
1157 3769 1266 3846 prote·

27 3843 101 3941 cieris
122 3847 174 3914 sui
201 3847 311 3916 sancti
335 3848 423 3918 Petri
449 3847 648 3918 memoriam
674 3869 791 3928 ruens,
827 3847 888 3918 lias
918 3781 1043 3935 lugens
1071 3859 1104 3917 et
1130 3847 1272 3940 ejulans

14 3926 228 4010 ¹,cliditvoees2
253 3941 373 4017 «Heu,
402 3937 480 4016 beu,
509 3935 659 4014 llomioe,
686 3936 769 4026 quid
787 3935 992 4006 commeruit
1016 3957 1098 4026 grex
1121 3949 1153 4005 ct
1176 3935 1265 4005 ovile

14 4021 106 4100 z'uum,
125 4035 160 4094 ut
175 4024 226 4096 sic
245 4023 374 4095 rabidis
389 4025 550 4111 luporum
569 4024 732 4097 dentibus
745 4025 1070 4115 expositus‚.eorum
1089 4025 1272 4096 morsibus

30 4116 197 4192 iitiectetor,
215 4134 335 4184 eorum
352 4112 512 4184 faucibus
526 4112 722 4183 devoretur?
741 4117 781 4183 Se
801 4113 974 4184 laedentes
991 4133 1057 4182 non
1078 4112 1263 4184 laeserunt:

31 4195 209 4270 sectricem
242 4223 305 4272 non
335 4201 539 4292 rependunt,
569 4201 675 4292 gratis
693 4200 916 4292 jugulantur,
946 4201 1021 4272 sine
1044 4223 1150 4272 causa
1174 4201 1267 4271 sedi-

34 4287 268 4374 asportantur,
289 4303 322 4361 et
346 4289 513 4378 quicquid
539 4311 725 4380 poenarum
749 4291 919 4380 pessimus
949 4289 1095 4378 quisque
1116 4290 1273 4360 dictante.

40 4407 44 4424 '
56 4413 91 4460 lv)
99 4415 154 4456 enini
163 4416 228 4458 iilam
240 4420 273 4459 ast
286 4427 312 4459 ao
324 4415 400 4457 latino
411 4415 512 4466 victorio,
522 4417 579 4468 Ber]
588 4423 660 4466 porro
670 4415 733 4459 idem
743 4419 812 4460 tonat
822 4427 847 4459 ιο
857 4427 924 4458 mont.
