3046 4838
100 293 159 358 brt.
179 292 196 357 3
378 315 415 361 or
439 315 468 364 s.
492 315 595 366 rrnrrro
618 317 669 364 nr.
696 313 942 364 nnaccsrarcnsr
1212 297 1254 362 69

97 395 170 486 longo
192 407 319 485 ternpore
343 419 402 468 nec
425 401 546 483 videre,
573 423 636 472 nec
667 401 788 472 audire
813 411 954 490 poterat.
982 401 1018 468 Ei
1044 422 1105 490 per
1130 400 1295 471 visionem

93 486 187 554 dictum
207 497 259 567 est,
277 496 311 556 ut
329 485 369 556 ad
385 487 516 560 beatum
541 491 741 572 antistitem,
762 500 939 580 receptura
956 488 1151 570 sanitatem,
1179 489 1228 558 ire
1248 488 1265 557 f
1283 527 1298 540 -

93 575 206 644 stinarct.
228 579 365 666 surgens
387 577 492 668 igitur
518 579 655 660 mulier,
674 579 796 649 ducem
827 588 936 668 parat,
964 578 1022 668 qui
1051 599 1192 669 gressus
1216 579 1294 668 ejus

89 675 164 755 regat.
179 664 347 756 Episcopus
369 681 481 737 autem
499 668 570 738 risa
586 668 646 738 illa
671 681 785 738 motus
809 667 944 757 pietate,
966 667 1111 738 auribus
1134 680 1167 736 et
1186 666 1297 736 oculis

88 755 139 843 ejas
162 753 279 843 signum
303 756 418 825 Crucis
443 757 633 847 impressit:
665 768 698 827 et
726 776 803 826 mor
829 755 974 846 depulsa
998 757 1172 838 caecitate,
1203 757 1299 828 visus

86 840 211 922 redditur,
228 854 257 911 et
277 845 450 916 surditatis
472 846 609 917 excluso
633 847 725 928 vitio,
744 844 884 915 auditus
902 855 1090 946 reparatur.

113 933 177 1018 §E
197 937 274 1001 Eran
317 931 439 1004 lizantc
463 955 562 1024 porro
586 934 645 1004 illo
673 936 707 1004 in
732 955 771 1004 ea
794 933 983 1036 provincia,
1003 955 1083 1004 cum
1112 935 1182 1002 Rex
1206 933 1297 1002 Cini-

81 1018 284 1111 glsus⁸cateo
309 1023 356 1092 esi
380 1024 581 1107 instructus,
597 1023 688 1094 sonte
708 1023 871 1113 baptismi
887 1045 966 1092 cum
987 1043 1050 1092 sua
1066 1033 1165 1113 gente
1178 1021 1297 1090 ablue·

80 1123 158 1190 retur,
177 1123 300 1182 mactus
317 1111 684 1183 llordanhumbrorum
710 1117 780 1182 Rex
799 1111 979 1182 Oswaldus
1002 1133 1080 1180 euni
1102 1110 1145 1179 de
1162 1109 1298 1180 lavacro

82 1211 218 1267 ermnbm
243 1201 410 1292 suscepit:
445 1202 563 1289 sicque
612 1201 824 1272 ulcherrimo
852 1221 994 1290 prorsus
1026 1205 1161 1288 [leoque
1191 1197 1298 1290 digno

81 1289 221 1370 consonis,
238 1291 332 1380 cnjus
359 1303 431 1360 crat
455 1290 561 1360 filiam
587 1223 771 1360 disciturus
794 1290 988 1390 conjugem,
1015 1309 1094 1358 eum
1113 1287 1219 1388 prius
1243 1309 1296 1356 se·

78 1375 163 1444 cunda
184 1381 422 1468 regeneratione
450 1383 516 1449 Deo
539 1379 750 1460 dedicatum,
777 1378 842 1449 sibi
867 1378 978 1448 filium
1005 1389 1136 1466 accepit
1158 1375 1205 1446 **.
1232 1379 1295 1444 Do·

80 1479 209 1536 naverunt
227 1479 332 1536 autem
360 1468 463 1538 ambo
491 1473 598 1558 Reges
630 1467 741 1537 eidem
778 1467 946 1558 Episcopo
980 1466 1171 1546 civitatem,
1228 1487 1294 1534 uae

80 1558 313 1626 roraturllorcic.
333 1556 446 1638 idest,
466 1559 642 1626 Doroestra
654 1555 718 1637 Ψ,
736 1555 779 1625 ad
797 1554 1070 1625 constituendam
1088 1553 1159 1623 illic
1177 1487 1291 1624 sidem

81 1642 278 1733 Episcopalem.
300 1648 397 1714 Anno
416 1656 529 1714 autem
554 1645 724 1716 tricesimo
743 1655 861 1716 octavo
879 1645 923 1714 ab
946 1644 1106 1735 ingressu
1130 1648 1162 1712 S.
1181 1646 1295 1732 Augu·

83 1731 143 1797 atini
163 1731 187 1800 in
200 1732 357 1824 ingliarn,
387 1734 584 1824 praedicare
608 1735 719 1836 coepit
740 1737 772 1803 S.
801 1733 937 1802 Birinus
951 1731 1242 1813 westsaxonibus,
1263 1745 1296 1800 et

82 1839 123 1888 cos
136 1819 285 1911 baptizare.
304 1828 410 1892 Porro
433 1843 524 1892 anno
549 1823 683 1892 [lomim
701 1823 946 1891 sexcentesimo
971 1821 1143 1891 tricesimo
1159 1821 1293 1907 quinto,

85 1919 195 1996 tenpore
216 1915 308 2002 Regis
336 1911 507 2002 Cinigilsi,
526 1912 712 1981 canonicos
735 1910 908 2000 regulares
928 1910 1076 1980 instituit
1099 1909 1192 2011 apud
1218 1913 1299 1979 Dor·

86 2007 199 2080 cutum,
220 2003 257 2077 ab
279 2002 411 2071 Oxonia
437 1999 644 2070 milliaribus
671 2011 800 2090 septem
833 1999 1038 2068 distantem:
1072 1999 1132 2067 ubr
1163 1998 1236 2087 ipse
1265 2008 1298 2067 et

91 2103 244 2160 successores
266 2091 341 2180 rius
371 2089 492 2180 viginti
516 2101 548 2158 et
573 2103 701 2179 septem
729 2088 900 2179 Episcopi,
926 2089 1027 2158 annis
1052 2087 1187 2156 circiter
1210 2107 1297 2174 qua-

92 2167 227 2260 dringentis
245 2192 275 2248 et
300 2179 557 2268 qninquaginta
582 2189 733 2268 septem,
764 2177 881 2246 fuere:
910 2176 968 2246 sed
999 2173 1179 2245 Wilbelmo
1214 2179 1299 2244 Con·

90 2273 217 2344 quaestore
229 2279 391 2358 regnante
410 2267 491 2348 Μ,
517 2267 694 2357 Remigius
711 2266 900 2356 Episcopus
919 2287 993 2335 eam
1020 2263 1133 2338 sedern
1159 2265 1193 2331 in
1218 2263 1298 2332 Lin-

87 2348 195 2421 calciam
206 2355 382 2426 transtulit.
403 2355 572 2444 Stephano
587 2369 700 2426 autem
720 2355 814 2445 regni
835 2352 1069 2444 gubernacula
1088 2351 1296 2434 moderante,

88 2433 221 2512 llerander
236 2445 429 2536 Episcopus
445 2445 628 2514 canonicos
645 2443 820 2536 regulares
838 2448 1033 2513 [torcestrae
1049 2441 1206 2512 instituit.

115 2527 174 2611 §E
191 2533 267 2603 Reda
285 2531 497 2602 venerabilis
511 2533 551 2602 de
566 2532 867 2633 gestisllnglornm
885 2531 973 2601 libro
986 2537 1018 2612 3,
1029 2552 1105 2621 cap.
1117 2535 1149 2611 7,
1165 2529 1296 2609 scribit,

82 2612 179 2686 batum
200 2623 349 2692 Birinum
375 2620 474 2690 lactis
501 2620 666 2692 dedicatis
691 2643 735 2690 ue
758 2619 923 2702 ecclesiis,
953 2619 1139 2708 multisque
1166 2618 1207 2688 nd
1234 2622 1299 2689 Do-

80 2704 176 2804 minum
192 2713 240 2800 pio
254 2713 332 2802 ejus
355 2709 471 2780 labore
488 2710 626 2800 populis
643 2643 827 2792 advocatie,
847 2709 1015 2801 migrasse
1029 2707 1071 2778 ad
1098 2707 1295 2788 Dominum,

77 2803 98 2859 et
117 2815 141 2860 m
161 2799 260 2869 eadem
287 2799 427 2870 civitate
452 2798 624 2889 sepultum
650 2821 735 2868 csse:
752 2813 784 2868 et
802 2811 877 2888 post
901 2797 1027 2866 multos
1042 2819 1164 2880 acinos,
1180 2795 1300 2866 llcdda

76 2883 268 2974 Episcopatum
301 2899 446 2970 aente,
472 2909 551 2957 eum
589 2887 668 2956 inde
702 2889 736 2956 in
767 2891 920 2958 Wentam
958 2887 1147 2968 civitatem,
1176 2885 1296 2967 idest,

75 2970 235 3070 ll'intoniam
340 2975 580 3058 ,translatum
595 2987 628 3046 et
648 2977 681 3046 in
699 2976 847 3046 Ecclesia
865 2976 1039 3046 beatorum
1059 2973 1298 3065 Apostolorum

74 3059 137 3153 leta
155 3078 180 3132 et
201 3066 291 3135 Pauli
318 3065 505 3134 honorilice
525 3065 744 3136 collocatum.
769 3065 832 3135 Sed
858 3069 1114 3134 Dorcestrcnses
1139 3063 1299 3134 canonici

37 3167 38 3174 ¹
74 3166 97 3214 ro
117 3148 166 3220 boc
183 3155 282 3224 Eedae
300 3175 368 3224 non
395 3155 631 3236 assentientes,
651 3154 693 3223 ad
719 3153 908 3223 Honorium
926 3151 1124 3223 Pontificem
1153 3151 1300 3240 scripse-

38 3253 39 3258 *
73 3249 140 3318 runt,
157 3243 271 3328 quibus
295 3242 354 3312 ille
380 3241 473 3313 hunc
500 3243 533 3311 in
557 3243 697 3313 modum
720 3241 915 3332 respondit:
936 3264 953 3308 c
973 3241 1145 3311 Honorius
1161 3239 1299 3340 Episco-

74 3343 237 3410 lassamus
252 3351 430 3403 servorum
449 3331 517 3413 Dei,
533 3332 719 3416 venerabili
736 3331 832 3400 fratri
849 3329 1020 3420 Stephano
1035 3329 1300 3428 archiepiscopo

38 3461 39 3508 3
73 3415 289 3513 balernensi,
323 3431 460 3491 sanctae
484 3425 657 3491 Romanae
682 3419 852 3492 Ecclesiae
876 3417 1072 3500 cardinali,
1100 3429 1133 3487 et
1163 3415 1299 3516 dilectis

38 3509 41 3576 l
74 3500 376 3580 filiislrchidiacono
394 3521 427 3580 et
443 3509 587 3580 Officiali
603 3510 837 3580 cantuariens.
861 3508 1005 3578 salutem
1026 3519 1058 3576 et
1070 3503 1298 3596 Apostolrcam
1329 3587 1335 3602 .

39 3587 41 3655 l
73 3585 318 3668 benedictionem:
338 3603 384 3668 Er
402 3612 496 3688 parte
516 3597 718 3668 dilectorum
738 3598 887 3667 liliorum
905 3595 1045 3667 abbatis
1059 3607 1091 3664 et
1110 3605 1299 3666 conventus

39 3662 41 3774 l
75 3674 102 3774 dc
117 3681 295 3767 borcestria,
314 3685 379 3757 suit
403 3687 503 3757 nobis
527 3685 704 3758 humiliter
719 3686 964 3777 supplicatum,
983 3695 1021 3753 nt
1039 3705 1166 3776 corpus
1190 3681 1299 3752 sancti

39 3777 41 3802 '
74 3765 162 3853 lirini,
179 3777 232 3863 qni
255 3775 375 3848 olima
399 3774 508 3846 felicis
528 3775 774 3846 recordationis
806 3775 956 3846 Honorio
981 3779 1067 3864 Papa
1099 3770 1300 3862 praedeces·

76 3873 127 3954 sure
143 3878 243 3936 nostro
263 3867 297 3934 in
320 3865 476 3956 Engliam
506 3865 709 3945 destinatus,
737 3864 850 3935 clarae
870 3862 1056 3933 memoriae
1084 3867 1209 3952 Regem
1235 3863 1300 3929 llu-

75 3940 137 4028 glae
156 3949 191 4020 ab
204 3953 394 4024 idololatria
409 3975 489 4024 cum
508 3967 607 4054 gente
625 3975 688 4024 sua
701 3973 904 4024 conversum
922 3951 1117 4042 baptizavit,
1129 3961 1162 4020 et
1182 3947 1301 4020 multis

40 4043 42 4130 l
76 4049 218 4111 ttruuans
240 4042 438 4125 virtutibus,
460 4041 604 4112 feliciter
619 4043 733 4112 officio
745 4041 927 4134 legationis
947 4041 1099 4130 impleto,
1114 4038 1300 4110 defunctus

40 4187 41 4196 ,
76 4127 233 4218 stepanus
257 4134 291 4200 in
309 4153 373 4202 suo
389 4131 597 4201 monasterio
618 4131 651 4200 in
675 4131 747 4202 loco
776 4130 900 4202 humili
928 4129 1049 4210 estitit,
1068 4151 1146 4200 cum
1173 4135 1299 4228 nomen

76 4225 124 4295 ctus
142 4215 169 4284 in
190 4233 386 4292 sanctorum
412 4218 566 4311 catalogo
596 4219 775 4302 babeuur,
803 4221 998 4290 laceremus
1028 4218 1062 4289 in
1088 4218 1163 4288 loco
1188 4235 1303 4306 magis

92 4369 169 4448 :June
179 4381 277 4434 ‘⁹⁴¹²
487 4382 515 4412 ”
530 4383 597 4424 mo
612 4383 659 4426 ω.
849 4381 891 4410 m
907 4381 989 4432 vargo.
1004 4381 1141 4423 parumn.

121 4429 402 4487 'qm-Mllssumfflffi
412 4435 489 4486 ⁰³09st
499 4442 560 4478 mo
572 4437 631 4478 1⁰⁸⁶·
847 4435 915 4462 *Μ’
929 4435 1012 4486 vulgo.
1029 4435 1166 4474 tt'tnctener.
