2994 4832
254 317 317 381 tto
571 334 609 380 nr
633 333 661 380 s.
688 332 814 382 annona
838 331 986 380 incatur.
1012 331 1122 386 meon.
1336 312 1444 376 othl
1484 379 1485 396 ,

208 419 480 510 proferebantur,
509 418 684 486 micabant
703 419 796 486 intus
814 417 1010 494 luminaria,
1039 437 1092 486 res
1120 417 1299 487 lendebant
1320 413 1447 484 diversae

208 507 425 578 metallorum
444 507 587 598 species
602 527 851 596 canipanarum
871 505 1059 594 permixtus
1076 440 1219 596 clangor
1236 504 1446 596 perstrepebat.
1484 529 1485 578 3

208 599 381 683 totiusque
406 595 524 685 templi
545 595 649 664 facies
675 617 741 664 non
765 595 933 676 allueret,
953 617 1055 682 quam
1076 594 1159 664 solet
1174 617 1249 664 esse
1266 595 1296 662 in
1314 592 1450 660 solemni·
1484 663 1485 674 2

209 685 497 775 tarepraeeipua.
519 689 624 771 Atque
644 705 682 753 ea
703 684 841 771 quidem
862 697 959 753 nocte
979 684 1121 752 ibicum
1143 683 1283 773 psalmis
1299 681 1448 770 vigilarunt
1484 709 1485 768 j

208 787 259 844 est
283 774 323 843 ad
352 795 487 842 sacrum
513 773 631 842 l'unus.
659 778 785 854 Quarto
810 771 866 840 die
893 785 968 861 post
992 773 1113 842 Missas
1132 771 1326 842 celebratas.
1351 770 1452 857 depor-

209 876 300 932 tatus
319 878 369 932 est
394 863 445 930 vir
464 875 605 931 sanctus
629 862 670 930 ad
700 861 945 930 monasterium
976 863 1084 930 sancti
1110 861 1272 942 Andreae,
1295 859 1333 928 ad
1357 879 1451 927 sacras
1484 861 1485 900 ³

209 953 376 1042 Virgines,
396 951 436 1018 ad
465 965 620 1019 sanctum
641 951 876 1030 Cunibertum,
897 950 954 1019 ubi
973 951 1059 1018 inter
1074 951 1160 1019 duos
1179 949 1326 1019 llwaldos
1343 946 1452 1015 aredius
1484 959 1485 1034 l

208 1055 258 1110 est
284 1041 483 1109 collocatus.
502 1040 651 1107 Tandem
674 1038 715 1106 ad
740 1039 873 1108 Gradus
899 1053 1036 1108 ventum
1064 1053 1125 1117 est,
1148 1040 1206 1108 ubi
1234 1041 1453 1107 innotatusest
1484 1039 1485 1110 l

209 1130 318 1211 dolor,
347 1129 564 1197 increverunt
596 1129 779 1217 lacrymae,
808 1151 869 1196 nec
895 1128 1139 1197 admittebatur
1162 1127 1357 1204 consolatio,
1381 1121 1452 1210 quod
1484 1125 1485 1182 l

210 1221 243 1287 in
270 1218 426 1287 omnium
453 1217 563 1287 oculis
583 1216 770 1287 extinctum
792 1217 921 1306 jaceret
938 1215 1095 1285 Coloniae
1119 1217 1226 1287 decus
1250 1230 1282 1286 et
1300 1234 1454 1284 ornamen-

211 1321 296 1377 tum.
316 1307 365 1376 lbi
385 1305 609 1375 deliberatum
635 1320 686 1374 est
705 1327 724 1374 a
742 1306 942 1394 proceribus
966 1305 1008 1374 de
1035 1305 1223 1394 majoribus
1241 1301 1454 1395 impendendis

210 1396 400 1465 honoribus
417 1396 514 1465 beato
538 1395 694 1474 antistiti,
714 1407 889 1482 tamquam
917 1393 1002 1462 nihil
1029 1395 1173 1484 dignum
1202 1395 1364 1462 hactenus
1381 1412 1455 1480 prae-

210 1485 327 1554 stitum
354 1497 453 1553 esset.
474 1489 643 1553 statutum
662 1497 712 1552 est
734 1483 849 1573 igitur,
879 1496 915 1552 ut
940 1483 1095 1571 proxima
1121 1482 1196 1552 luce
1221 1481 1385 1572 generalis
1403 1479 1455 1546 illic

209 1573 440 1642 celebraretur
463 1586 663 1656 conventuS,
685 1587 883 1642 sanctorum
910 1572 1074 1658 reliquiae
1094 1595 1133 1640 ex
1148 1573 1313 1642 omnibus
1328 1567 1457 1640 ecclesiis

210 1685 248 1731 eo
273 1663 537 1741 adducerentur,
565 1661 713 1750 singulis
739 1657 1065 1750 congregationibus
1089 1683 1171 1730 suos
1197 1675 1357 1751 patronos
1373 1658 1456 1726 hono·

211 1751 307 1820 ritice
332 1750 566 1837 sequentibus.
592 1755 800 1836 Factumque
816 1763 866 1818 est
882 1751 940 1830 ita,
965 1772 1030 1819 non
1050 1750 1123 1819 sine
1141 1749 1328 1820 multorum
1347 1766 1459 1817 surnma

211 1839 449 1909 admiratione.

255 1931 372 2015 ΗΘ.
402 1927 630 1997 praedicanda
657 1949 739 1996 sane
763 1927 926 1996 omnibus
963 1927 1089 1996 seculis
1114 1927 1368 1997 Coloniensium
1394 1921 1485 2012 lidesq

210 2030 243 2085 et
266 2017 410 2098 devotio,
438 2017 496 2102 qui
523 2017 575 2086 sui
603 2018 749 2106 pastoris
769 2015 875 2085 funus
901 2029 966 2084 taor
994 2016 1174 2106 splendide
1198 2018 1456 2086 cohonestarunt.
1484 2013 1485 2102 l

211 2111 393 2194 Postquam
416 2120 529 2175 autem
559 2127 674 2175 sacrae
700 2104 778 2174 illae
804 2105 968 2191 reliquiae
994 2106 1026 2173 iu
1050 2119 1114 2174 tem
1145 2106 1216 2174 lum
1251 2101 1364 2174 illatae
1386 2111 1457 2194 sunt,¹
1484 2119 1485 2198 p

212 2197 245 2262 in
266 2196 378 2263 medio
394 2217 512 2264 earum
538 2195 688 2294 positum
715 2208 765 2262 est
789 2215 915 2283 corpus
938 2195 1095 2262 exanime
1120 2127 1208 2263 heau
1232 2195 1309 2276 viri,
1333 2207 1458 2277 utquast
1484 2201 1485 2280 l

208 2283 280 2352 illis
297 2283 498 2353 antecellere
516 2283 696 2362 videretur,
714 2283 842 2370 quibus
868 2281 915 2349 vel
935 2283 1073 2369 aequari
1094 2305 1159 2352 uon
1180 2284 1245 2354 nisi
1266 2297 1456 2374 summorum

211 2373 265 2440 sit.
294 2373 458 2458 Equidem
484 2371 567 2457 quid
589 2370 646 2439 alii
673 2373 832 2451 sentiant,
862 2371 1000 2460 ignoro:
1030 2394 1083 2439 me
1101 2371 1241 2458 quidem
1273 2395 1354 2456 prae
1373 2369 1461 2438 adnn-
1484 2371 1485 2434 l

212 2463 342 2530 ratione
367 2462 420 2529 vix
444 2461 566 2548 capio,
593 2461 674 2528 dum
710 2483 775 2529 non
812 2459 950 2527 memini
984 2459 1047 2530 ulli
1074 2482 1227 2547 unquam
1261 2460 1373 2531 luneri
1406 2455 1462 2524 illos

209 2551 390 2630 exhibitos,
417 2550 545 2636 quibus
571 2551 798 2638 praetimore
825 2549 1015 2618 substitutis
1047 2571 1165 2618 eorum
1184 2550 1275 2630 ,vir
1300 2550 1462 2636 quisquan

211 2639 445 2728 propinquare
472 2659 578 2707 ausus
606 2651 668 2708 est.
691 2639 816 2719 Quinto
840 2638 894 2706 die
921 2637 1019 2707 levati
1044 2652 1126 2706 sunt
1161 2659 1341 2708 sacrorum
1367 2653 1464 2722 corpo·

212 2749 289 2797 rum
325 2727 453 2796 aeterni
480 2729 664 2815 magnique
690 2728 865 2805 thesauri,
899 2727 1136 2796 beatissimum
1169 2727 1276 2798 sunus
1311 2740 1464 2812 tamqnam

213 2814 390 2904 singulare
412 2816 639 2905 patrocinium
666 2815 772 2884 fertur
798 2817 830 2882 in
856 2837 973 2884 eorum
996 2815 1121 2898 medio,
1140 2818 1357 2884 commixtim
1380 2815 1467 2894 laert·

215 2925 290 2970 mae
314 2915 346 2970 et
362 2917 484 2974 cantus
509 2902 744 2982 immolantur,
773 2905 841 2972 itur
861 2905 902 2972 ad
924 2906 1042 2973 aedem
1065 2905 1173 2973 sancti
1202 2905 1303 2985 l’etri,
1327 2918 1422 2990 atque
1443 2899 1465 2963 in

211 3013 285 3060 eam
315 3005 406 3060 tanta
435 2991 630 3062 celebritate
664 3005 697 3061 et
720 2994 829 3083 gloria
859 2993 1004 3062 infertur
1032 3015 1167 3062 sacrum
1193 3015 1347 3084 corpus,
1376 3007 1408 3060 ut
1430 2989 1468 3052 tit

212 3101 366 3167 unquam
392 3080 517 3149 clarior
535 3081 604 3149 illic
626 3103 742 3171 regum
763 3083 963 3172 triumphus
987 3082 1179 3156 celebratus
1205 3083 1259 3150 sit.
1281 3087 1469 3152 Innumerae

212 3168 285 3238 illic
305 3169 533 3260 splendebant
557 3170 735 3270 lampades
758 3184 791 3238 et
814 3171 915 3251 cerei,
935 3170 1192 3260 amplissimum
1214 3171 1384 3260 templum
1407 3187 1469 3258 prat}

213 3259 320 3328 nimia
342 3259 521 3328 hominum
543 3257 765 3328 multitudine
782 3272 968 3360 angustum
989 3259 1178 3339 videbatur,
1203 3259 1354 3330 baculus
1379 3265 1469 3326 saura

212 3348 313 3429 Petri,
330 3360 571 3416 ornamentum
599 3349 745 3438 insigne,
766 3349 899 3417 obviarn
919 3347 1154 3437 proferebatur
1173 3369 1252 3417 cum
1274 3348 1394 3419 multis
1411 3341 1471 3413 reli·

212 3437 305 3524 quiis
329 3437 407 3506 aliis
431 3451 462 3506 et
486 3437 660 3506 crucibus.
689 3441 726 3506 Et
758 3449 795 3506 ut
843 3437 939 3506 aucis
967 3459 1005 3505 ex
1033 3437 1214 3518 ediamuS‚
1241 3437 1334 3523 quod
1372 3432 1471 3502 tuulus

143 3550 147 3559 ·
213 3524 458 3616 comprehendi
492 3547 558 3594 non
586 3538 717 3614 potest,
742 3459 841 3594 nihii
862 3547 971 3613 neque
1001 3459 1156 3617 dignius.
1181 3547 1291 3612 oeque
1319 3523 1473 3596 celebrius

210 3615 396 3706 excogitari
424 3615 543 3704 potuit,
558 3635 661 3701 quarn
682 3615 724 3684 sit
749 3614 820 3683 illic
845 3615 1059 3704 praestitum.
1080 3615 1241 3702 Sequenti
1267 3615 1350 3684 inde
1374 3605 1471 3680 dicad

213 3703 296 3772 solis
319 3717 432 3774 ortum
458 3702 528 3772 diei
546 3724 612 3772 non
632 3715 751 3792 potest,
771 3715 898 3789 quanta
919 3704 948 3772 vi
973 3703 1007 3770 in
1029 3705 1157 3794 januas
1174 3726 1248 3774 sese
1272 3701 1436 3774 intulerit.
1450 3707 1485 3784 etl

212 3791 330 3889 Clerus
353 3805 386 3861 et
410 3791 572 3882 populus,
599 3802 795 3879 quantoque
820 3792 934 3861 studio
963 3793 1174 3862 sacrificium
1202 3805 1235 3862 et
1263 3787 1485 3882 commenda-l

214 3891 324 3948 tiones
351 3895 505 3969 peractae
532 3882 611 3960 sint,
633 3893 692 3950 aut
716 3880 1008 3968 quemadmodum
1039 3881 1163 3951 deinde
1187 3882 1229 3950 ad
1256 3881 1415 3951 Rhenum
1443 3887 1485 3940 nn

213 3968 369 4036 instituta
396 3971 578 4059 processio.
606 3970 814 4039 Cantabatur
835 3971 1103 4060 Responsorium
1132 3969 1216 4040 illud
1244 3965 1474 4060 imprimislu·

213 4056 379 4156 gubriter,
407 4058 549 4148 Adspice
576 4059 728 4140 ltomine,
755 4060 836 4146 quia
864 4059 951 4128 facta
976 4071 1026 4128 est
1050 4059 1213 4139 desolata,
1239 4059 1363 4128 civitas
1388 4055 1485 4146 plena

213 4143 355 4224 divitus,
374 4157 451 4226 etc,
470 4147 562 4216 unde
586 4161 774 4235 utcumque
793 4148 909 4238 colligi
937 4147 1024 4229 licet,
1044 4170 1113 4238 quo
1130 4149 1237 4217 animi
1261 4168 1413 4216 moerore
1429 4165 1475 4230 pa·

214 4243 339 4330 storem
365 4231 464 4302 illum
494 4257 596 4305 suum
623 4235 760 4305 Colonia
781 4249 851 4305 turn
883 4251 1063 4324 prosecuta
1081 4241 1135 4306 sit.
1155 4241 1240 4306 Cum
1271 4249 1385 4304 autern
1411 4232 1485 4320 jan

215 4341 294 4416 navt
320 4323 518 4408 impositum
543 4336 631 4392 esset
656 4324 743 4392 beati
765 4325 826 4391 viri
844 4345 982 4414 corpus,
1000 4339 1032 4394 et
1054 4326 1166 4398 littora
1184 4326 1293 4396 Rheni
1320 4321 1485 4414 plangere?

215 4420 302 4474 trum
327 4405 424 4477 luctu
449 4425 681 4497 personarent,
709 4411 867 4484 adessent
890 4415 992 4483 etiem
1021 4414 1090 4484 illic
1116 4414 1257 4502 quidam
1282 4433 1321 4482 ex
1349 4413 1402 4492 iis,
1423 4404 1474 4493 qul
