2920 4810
6 279 90 344 lEC.
114 279 150 344 3t
435 299 474 348 nn
498 302 526 348 s.
552 302 679 354 unxina
703 301 831 352 nonani
1159 285 1223 352 639

6 393 113 451 tutem
136 379 235 452 valde
258 382 355 474 gravi
379 382 494 456 dolore
514 385 644 470 affecta,
664 399 696 457 et
720 386 861 479 perinde
880 407 919 458 ac
947 387 1024 478 ipsa
1046 408 1133 475 quae
1162 389 1267 478 patie-

6 483 102 540 ratur
114 472 278 554 cruciata,
299 473 391 542 venit
414 475 528 544 statim
548 475 591 546 ed
617 477 730 560 aedes,
748 477 782 546 in
800 477 928 566 quibus
944 477 1136 568 perieulum
1151 477 1267 548 adibat

6 559 134 641 nulier,
155 583 393 654 magnumque
406 565 694 638 medicamentum
714 567 845 658 paravit
863 567 1062 638 orationem.
1079 571 1266 650 Quaerere

6 651 188 733 aborabat,
216 651 270 721 vix
294 652 449 723 membra
473 675 624 738 movens,
652 677 719 726 non
744 669 873 747 poterat
896 656 1035 745 quidem
1061 656 1176 744 loqui:
1204 658 1265 727 ba-

6 741 70 810 titu
93 753 204 811 antem
222 752 254 810 et
279 741 389 811 oculis
406 742 564 814 ssebiliter
597 757 630 816 et
654 745 895 818 miserabiliter
926 747 1064 817 intuens
1087 745 1267 817 videbatur

6 831 130 898 licere:
156 831 325 902 Miserere.
353 831 440 915 Quid
471 854 553 924 ergo
586 855 712 926 magna
744 834 899 906 llelanal
920 835 1037 906 Oculis
1066 835 1099 903 in
1129 836 1263 906 coelum

6 919 153 1001 oblatis,
179 941 259 991 com
284 940 403 991 zonam
422 943 520 992 snam
546 922 712 1006 solvisset,
731 925 843 996 statim
862 926 1009 1016 imponit
1024 924 1067 1006 ei,
1089 946 1177 1012 quae
1192 939 1264 994 erat

6 1030 61 1077 ere
84 1021 232 1079 mortue.
260 1009 387 1080 Deinde
402 1031 482 1082 oum
502 1010 659 1084 dixisset:
677 1036 695 1081 «
713 1019 790 1104 Ipsa
807 1013 871 1084 luit
892 1015 977 1084 mibi
992 1014 1120 1084 donum
1144 1016 1260 1106 magni

6 1098 68 1177 iri,
91 1099 205 1187 etqui
230 1119 305 1169 eam
331 1098 433 1170 luerit
456 1115 672 1184 consecutus
699 1124 766 1174 non
792 1102 1014 1174 frustrabitur
1027 1103 1221 1186 curatione;
1237 1127 1263 1171 a>

6 1189 108 1256 ¹tatim
128 1201 160 1257 et
183 1200 358 1260 mortuum
379 1190 478 1281 ejecit
504 1202 536 1261 et
560 1193 702 1283 peperit,
730 1204 763 1263 et
781 1214 869 1281 quac
890 1193 1038 1283 jacebat,
1066 1191 1130 1263 luit
1149 1194 1263 1264 statim

6 1275 35 1344 rb
66 1276 162 1346 omni
187 1276 304 1348 dolore
327 1278 481 1352 liberata.
507 1284 597 1351 Haec
622 1281 671 1352 vel
697 1304 758 1373 per
780 1304 899 1353 zonam
935 1283 1033 1354 beata
1057 1282 1189 1352 llelana
1211 1282 1264 1353 sa-

6 1366 86 1436 tiens
114 1367 293 1450 miracula,
318 1390 357 1439 ea
381 1369 459 1440 aliis
483 1370 700 1442 attribuebat.
720 1376 828 1456 Quam
851 1371 959 1442 multa
980 1371 1066 1443 lacta
1087 1385 1169 1442 sunt
1193 1372 1264 1442 illie

6 1455 184 1543 jusmodi,
210 1478 299 1546 quae
328 1457 413 1528 mihi
447 1459 619 1530 nonlicet
650 1481 743 1531 nune
768 1463 955 1552 attingere,
982 1483 1060 1532 cum
1092 1461 1259 1552 prolixam

9 1569 134 1615 ernam
157 1547 368 1630 orationem,
394 1559 426 1618 et
459 1549 624 1620 remissus
650 1551 723 1641 jam
761 1550 847 1620 mihi
874 1551 918 1620 sit
956 1551 1097 1654 spiritus
1125 1563 1264 1643 propter

6 1635 253 1706 nnltitudinem
278 1658 398 1706 eornm
433 1658 521 1725 qnae
551 1637 643 1708 dicta
677 1651 769 1710 sunt.
803 1639 866 1710 Sed
901 1661 941 1712 ex
969 1641 1035 1722 ris,
1085 1661 1149 1710 uae
1174 1641 1265 1712 dieta

7 1737 83 1807 nnt,
112 1725 207 1796 vobis
227 1723 326 1796 facile
342 1725 421 1796 licet
443 1726 576 1815 reliqua
590 1729 772 1818 conjicere,
799 1741 837 1799 ut
860 1729 979 1816 quiex
999 1661 1134 1799 modico
1158 1746 1263 1820 gustu

6 1825 98 1884 otum
119 1815 358 1906 cognoveritis3
384 1837 424 1887 cx
440 1815 558 1886 eodem
589 1818 681 1888 enim
706 1817 811 1901 dolio,
845 1817 967 1888 dixerit
995 1817 1182 1908 quispiam,
1212 1833 1264 1890 est

9 1902 177 1992 eliquum.
205 1903 363 1975 Eundum
395 1917 446 1979 est
483 1927 565 1997 ergo
588 1906 631 1976 ad
666 1907 866 1989 decessum,
899 1908 929 1977 si
953 1909 1050 1998 prius
1075 1907 1262 1978 narrationi

6 2016 99 2064 rauca
126 1993 366 2083 adjecerimus.
756 2063 759 2073 .

33 2087 156 2170 §aab
183 2088 267 2155 Cum
291 2083 382 2156 enim
408 2083 542 2156 adesset
560 2084 650 2168 finis,
669 2096 702 2155 ct
724 2085 755 2156 is
779 2097 866 2158 esset
891 2085 1040 2156 Melanae
1064 2085 1261 2176 praecogni-

6 2195 57 2254 us,
78 2185 111 2244 et
136 2185 310 2262 tamquam
333 2173 460 2245 athleta
476 2174 650 2266 quispiam
676 2196 744 2245 non
772 2175 889 2266 procul
915 2177 1091 2246 abesseta
1121 2197 1257 2258 corona,

6 2263 101 2352 nugis
125 2261 320 2346 festinabat,
346 2275 378 2334 et
403 2285 482 2334 eum
506 2265 579 2356 jam
605 2263 724 2336 adesse
755 2264 965 2336 laetabatur:
995 2278 1028 2338 et
1050 2266 1170 2336 obiens
1194 2265 1261 2335 alia

11 2370 66 2420 oca
81 2352 390 2443 ierosolymorum,
408 2365 441 2424 et
459 2353 630 2424 Bethleem
649 2353 745 2424 illam
763 2366 795 2425 et
811 2354 1008 2438 Galilaeam,
1027 2367 1060 2425 et
1075 2375 1260 2443 quaecum·

6 2461 58 2524 joe
77 2441 109 2511 in
135 2443 253 2513 orbem
273 2442 491 2525 circumibat,
517 2463 557 2513 ca
573 2455 750 2532 tamquam
776 2443 892 2514 anima
916 2443 1086 2514 salutabat
1110 2445 1144 2512 in
1163 2465 1260 2534 pere-

7 2530 195 2616 minatione.
216 2535 298 2602 Cum
316 2531 510 2602 advenisset
528 2544 641 2602 autem
658 2531 732 2602 dies
754 2531 878 2603 natalis
894 2533 1091 2617 servatoris,
1107 2532 1148 2602 ad
1164 2555 1260 2624 prae-

7 2641 68 2708 epe
87 2620 242 2692 cucurrit
264 2632 297 2691 et
321 2619 536 2723 speluncam,
551 2633 583 2692 et
600 2623 827 2692 consobrinae
850 2622 944 2704 dicit,
964 2643 1000 2692 se
1022 2644 1088 2692 non
1109 2622 1260 2713 amplius

7 2731 62 2777 :sse
78 2709 204 2782 festum
220 2731 300 2780 eum
318 2732 368 2781 ers
387 2709 648 2781 celebraturum.
671 2716 753 2781 Cum
774 2732 856 2802 ergo
882 2724 948 2782 tota
973 2724 1070 2782 nocte
1092 2710 1164 2781 illic
1182 2712 1261 2802 vigi·

7 2811 93 2870 esset
110 2802 180 2869 ins
205 2800 341 2881 elunca,
368 2799 423 2870 die
446 2801 602 2889 sequenti
623 2799 715 2870 vadit
739 2799 781 2869 ad
799 2800 916 2870 aedem
945 2800 1049 2892 primi
1075 2804 1256 2892 martyris3

7 2899 21 2954 t
43 2912 125 2960 cum
161 2821 232 2958 illio
258 2900 501 2980 pernoctasset,
527 2901 559 2960 et
583 2889 711 2960 librum
746 2890 951 2980 sumpsisset
977 2890 1012 2960 in
1040 2913 1176 2974 manus,
1208 2891 1258 2960 cis

7 2978 69 3076 egit
84 2989 228 3050 mortem
255 2978 359 3069 primi
381 2979 553 3069 martyris.
574 2978 701 3048 Deinde
717 3001 795 3049 cum
810 2979 1003 3068 adjecisset,
1029 3001 1087 3052 eas
1104 3001 1171 3050 non
1186 3003 1260 3050 am-

7 3065 80 3138 »bus
97 3089 174 3140 esse
197 3067 292 3138 illam
319 3067 500 3139 audituros
516 3067 698 3159 legentem,
719 3081 899 3160 postquam
924 3069 1009 3139 vidit
1031 3091 1089 3140 eas
1113 3071 1261 3161 graviter

7 3157 85 3242 erre,
114 3157 206 3248 quod
223 3158 354 3228 dictum
379 3156 501 3242 luerat,
523 3158 714 3230 sentiebant
736 3159 828 3228 enim
854 3158 937 3246 quid
962 3158 1028 3230 sibi
1053 3156 1153 3229 vellet
1176 3159 1259 3230 haee

7 3243 128 3318 licens:
154 3247 214 3317 illa
238 3269 360 3318 rursus
377 3248 488 3338 coepit
513 3248 614 3317 verba
640 3247 683 3317 ad
714 3269 771 3318 eas
795 3246 916 3330 lacere,
944 3259 976 3318 et
1004 3247 1106 3318 corda
1140 3269 1258 3318 earnm

7 3337 160 3408 :obsoleta
184 3347 235 3406 est
255 3337 366 3410 verbis
390 3336 622 3429 spiritalibus:
650 3359 667 3404 «
689 3341 758 3428 Ego
782 3335 934 3424 quidem,
961 3337 1091 3418 dicens,
1111 3357 1131 3406 o
1151 3337 1259 3408 earis-

7 3421 104 3508 imae‚
124 3425 256 3496 avonis
277 3427 348 3514 jam
375 3426 507 3510 recedo,
535 3449 613 3496 onm
631 3426 696 3496 hoc
712 3427 759 3496 ita
777 3431 842 3496 Deo
866 3426 977 3497 visum
1009 3426 1064 3498 sit.
1090 3431 1155 3498 llos
1181 3447 1258 3496 vero

8 3523 35 3580 ta
57 3517 160 3586 vitam
182 3515 283 3606 agite,
306 3527 482 3604 tamquam
503 3514 742 3607 praesentibus
758 3528 790 3585 et
815 3515 1030 3587 intuentibus
1050 3517 1105 3586 [tei
1134 3515 1256 3596 oculis,

7 3603 47 3686 jui
63 3605 288 3695 cogitationes
304 3618 477 3676 scrutatur
499 3618 531 3676 et
548 3604 638 3675 videt
665 3603 781 3674 eorda.
801 3609 885 3676 llum
901 3627 995 3696 ergo,
1015 3617 1052 3676 ut
1075 3605 1158 3676 dicit
1178 3610 1258 3676 Pro-

8 3691 112 3777 tbeta,
139 3693 235 3766 vobis
259 3705 337 3764 ante
360 3705 509 3766 vestrum
546 3706 768 3784 conspectum
807 3708 1059 3785 proponenteS‚
1090 3708 1123 3766 et
1145 3707 1258 3767 castas

8 3781 120 3856 mimas
136 3798 168 3854 et
191 3805 335 3874 corpora
359 3785 402 3855 ab
422 3783 517 3854 omni
542 3783 617 3853 labe
633 3782 764 3854 munda
779 3795 986 3866 conservate,
1015 3785 1097 3854 etsi
1121 3797 1259 3876 propter

8 3889 97 3942 neam
124 3874 349 3965 privationem
374 3872 510 3944 tristitia
527 3872 630 3943 eorda
647 3885 756 3943 vestra
777 3873 975 3964 pupugerit,
998 3873 1027 3942 si
1047 3873 1142 3944 illius
1162 3873 1258 3944 vobis

8 3961 97 4054 teniat
129 3965 162 4033 in
190 3974 362 4045 mentem,
402 3963 558 4054 protinus
590 3962 673 4034 satis
704 3984 866 4053 magnam
899 3961 1079 4034 invenietis
1102 3961 1258 4034 consola-

8 4061 164 4121 tionem.»

41 4139 152 4222 ΜΒ.
180 4145 263 4212 Cum
286 4141 335 4212 sic
360 4140 512 4224 dixisset,
539 4140 705 4231 templum
735 4139 939 4231 ingreditur,
960 4151 993 4211 et
1012 4161 1091 4211 cum
1117 4140 1158 4210 ad
1185 4162 1259 4230 pre-

8 4228 136 4316 candum
160 4230 386 4302 constitisset:
414 4233 592 4300 «bomine
614 4234 714 4310 Deua,
733 4229 880 4312 dicebat,
907 4251 1009 4318 quem
1030 4251 1092 4320 ego
1108 4229 1196 4322 elegi
1213 4233 1258 4301 ab

8 4313 98 4398 nitio,
123 4341 223 4408 quem
249 4343 267 4389 e
293 4343 313 4390 o
336 4333 368 4388 et
392 4321 523 4409 nuptiis
539 4332 571 4391 et
593 4319 722 4390 divitiis
748 4332 780 4388 et
796 4318 924 4413 gloriae
945 4319 1089 4409 praetuli
1119 4331 1151 4390 et
1168 4319 1258 4389 volu·

8 4405 149 4491 potibus,
175 4409 230 4480 cui
256 4343 300 4482 ab
316 4421 392 4480 ortu
408 4431 534 4499 eorpus
549 4407 789 4480 commendavi
804 4421 837 4477 et
854 4407 1028 4496 spiritum,
1046 4410 1148 4499 cujus
1164 4421 1257 4479 metu
