2932 4812
14 283 65 344 dl.
92 282 127 346 31
302 303 341 348 nu
365 303 392 350 s.
420 299 594 349 slavusxno
620 303 760 349 caesar
785 301 933 352 conrass.
1149 287 1213 351 ont

14 405 22 450 r
40 407 132 454 sacco
151 401 185 456 et
205 387 323 456 cinere
344 388 441 456 humi
453 387 585 476 jacens,
607 387 640 454 in
658 386 753 458 luctu
771 410 833 478 age
851 388 1108 479 poenitentiam:
1126 402 1158 459 et
1171 390 1256 476 jube

14 473 93 541 laudi
118 473 249 564 templa
275 475 458 556 idolorum,
478 487 510 545 et
524 497 658 546 cessare
677 498 796 546 eornm
818 477 1007 561 sacrificia,
1028 477 1088 563 qui
1113 491 1194 547 snut
1219 479 1254 548 ln

14 561 109 641 milio,
125 577 159 632 et
174 563 219 632 ad
239 563 379 633 metalla
396 563 563 644 damnati,
582 577 613 634 et
634 565 669 634 in
687 585 841 635 carceres
858 565 1013 654 conjecti.
1035 566 1142 635 libera
1160 567 1257 636 obri-

14 650 118 720 ianos.
147 653 291 736 Largire
314 653 557 723 relaxationem
584 654 627 722 iis
658 656 718 740 qui
744 665 824 724 sunt
850 655 883 723 in
911 653 1069 736 vinculis
1089 667 1121 723 et
1145 657 1256 724 omni-

15 761 50 806 us
77 741 153 808 aliis
184 741 444 811 afflictionibus.
478 745 531 811 Sis
560 742 733 832 benignus
756 745 791 811 in
825 765 882 812 eos
918 745 977 830 qui
1012 756 1043 813 te
1072 757 1203 834 rogant,
1223 757 1254 814 et

14 839 90 895 istas
113 829 219 920 imple
247 831 449 919 petitiones:
480 831 535 912 iis,
567 853 654 920 quas
689 832 807 913 habes,
830 831 1052 902 facultatibus
1082 833 1282 921 impertire‘

16 937 161 1072 auperes.
179 923 304 988 »llaec
322 918 378 988 ille
393 919 534 1006 quidem
550 919 646 988 dixit.
664 925 740 1009 lpse
758 932 870 990 autem
890 921 1072 989 affirmavit
1089 941 1124 990 se
1138 922 1262 992 omnia·

14 1025 58 1089 up
73 1020 220 1076 eturum.

35 1097 1252 1188 §talamaniamimposuissetSanctusmanumcapitiImperatoris

14 1191 28 1246 t
43 1201 144 1267 preces
163 1183 294 1255 deinde
309 1185 462 1267 dixisset,
482 1197 606 1256 etcum
620 1185 757 1256 fecisset
771 1187 1070 1268 catechumenum,
1092 1190 1251 1266 recessitc

14 1279 29 1332 at
49 1291 115 1338 cnm
130 1275 349 1344 accersiisset
371 1273 538 1362 quicquid
557 1288 628 1344 erat
644 1275 732 1345 sacri
756 1275 901 1356 ordinm,
923 1287 956 1344 et
971 1297 1011 1344 ex
1038 1275 1164 1365 populo
1181 1297 1250 1357 eos,

14 1359 50 1440 [ni
68 1358 229 1432 Christum
254 1363 495 1444 confitebatur,
515 1363 688 1453 praecepit
704 1364 867 1434 omnibns
879 1363 1051 1453 jejunium
1073 1378 1105 1434 et
1123 1385 1252 1455 preces.

14 1449 71 1515 lum
94 1448 115 1516 ii
137 1463 255 1521 autem
281 1453 466 1522 unanimes
486 1453 561 1542 ejus
580 1453 697 1541 jussui
722 1453 928 1542 paruissent,
946 1452 1043 1522 susae
1067 1465 1148 1523 sunt
1164 1473 1256 1522 com-

14 1554 108 1604 nunes
129 1551 161 1606 et
185 1540 344 1610 intensae
369 1561 485 1629 preces
509 1540 551 1610 ad
578 1542 773 1622 Dominum,
794 1553 832 1611 ut
856 1541 1017 1613 Ecclesiis
1040 1555 1149 1612 cesset
1178 1563 1256 1632 per-

14 1624 123 1704 ecutio,
142 1640 173 1698 et
191 1651 258 1717 pax
283 1629 333 1697 eis
352 1629 565 1709 concilietur,
584 1643 615 1699 et
636 1629 772 1700 tandem
794 1629 876 1701 finis
899 1632 1100 1720 imponatur
1116 1629 1256 1700 daemo-

14 1729 72 1808 ium
97 1712 333 1798 libaminibus
351 1718 453 1799 otiis,
471 1719 532 1804 qui
558 1739 617 1808 per
635 1719 728 1806 ipsos
744 1732 870 1800 errant,
891 1719 1069 1788 illucescat
1087 1719 1145 1787 lux
1162 1718 1281 1788 salu-⁸

16 1817 81 1898 ans.
100 1807 177 1874 Cum
195 1807 270 1894 jam
290 1819 402 1876 antem
422 1806 617 1877 advenisset
632 1807 705 1876 dies
722 1808 902 1897 septimus
926 1809 1065 1877 divinus
1087 1806 1257 1906 Sylvester

14 1899 83 1956 venit
97 1892 135 1960 ad
160 1916 329 1986 magnum
347 1897 629 1966 Constantinum:
648 1909 680 1964 et
703 1919 783 1966 cum
801 1919 880 1966 eum
902 1896 1070 1966 catechesi
1087 1896 1257 1964 instituis-

14 1987 57 2052 set,
73 1991 102 2046 et
122 1981 154 2048 in
175 1997 316 2054 sanctae
344 1984 518 2054 trinitatis
539 1986 700 2074 mysterio
728 2007 807 2054 eum
836 1986 1026 2065 initiasset,
1057 1997 1090 2053 et
1119 1984 1256 2053 dlvinae

14 2070 203 2161 oeconomiae
225 2076 428 2144 universum
455 2073 629 2144 docuisset
652 2075 880 2162 mysterium:
908 2097 925 2140 «
952 2079 1100 2164 Tempus
1125 2086 1186 2154 est,
1207 2072 1257 2140 in·

14 2166 79 2232 quit,
101 2177 118 2224 o
138 2163 338 2248 Imperator,
360 2172 399 2231 ut
425 2161 487 2233 tibi
510 2175 648 2252 paretur
678 2163 821 2251 piscina.
841 2185 858 2230 n
880 2168 963 2232 Cum
988 2185 1026 2232 ea
1051 2174 1164 2231 autem
1182 2163 1268 2250 jam⁸

14 2255 85 2339 esset
99 2263 232 2332 parata:
252 2274 270 2317 a
290 2255 379 2320 Ilaec
401 2264 463 2331 est,
483 2251 606 2339 inquit,
627 2251 771 2340 piscina,
790 2273 894 2338 qnam
919 2252 1081 2322 dixerunt
1105 2252 1128 2319 ii
1152 2250 1212 2350 qui
1237 2272 1257 2318 a

16 2332 112 2428 revisi
132 2353 229 2421 suut;
259 2351 292 2408 et
317 2362 417 2426 aqua,
445 2361 535 2427 quae
559 2353 609 2410 est
633 2341 668 2408 in
697 2341 783 2430 ipsa,
803 2340 1016 2410 sanctificata
1043 2341 1257 2408 invocatione

15 2415 170 2507 Trinitatis,
190 2441 318 2518 purgat
341 2429 487 2510 animas,
508 2429 568 2498 tibi
594 2441 706 2498 autem
729 2451 767 2498 ea
792 2429 855 2497 erit
874 2441 907 2499 et
930 2429 1045 2498 carnis
1068 2429 1200 2497 curatIo
1217 2447 1257 2495 ac

15 2511 156 2594 Purgatio,
174 2530 206 2587 et
231 2517 392 2586 morbum
412 2530 509 2587 tuum
528 2517 563 2587 Iu
591 2518 672 2598 abit,
692 2531 728 2587 ut
754 2517 814 2587 tibi
845 2520 1053 2587 sacrosancti
1084 2515 1257 2605 praedixe-

14 2607 77 2661 rant
90 2603 242 2687 Apostoli.
264 2605 447 2696 Ingredere
462 2627 499 2675 er
523 2541 715 2676 oilivinum
734 2606 921 2684 lavacrum,
941 2607 1091 2695 primum
1115 2604 1257 2692 quidem

14 2689 188 2772 purgandus
207 2717 227 2763 a
245 2695 395 2784 peccatis
418 2709 450 2764 et
466 2629 601 2765 delicus
624 2696 692 2764 tuis
707 2717 714 2775 ;
732 2695 857 2764 deinde
878 2697 980 2764 etiam
1006 2717 1025 2763 a
1044 2695 1174 2775 morh0,
1197 2693 1258 2780 qui

15 2781 103 2924 inim
126 2801 263 2871 corpore
285 2782 478 2873 pullulavit,
498 2794 597 2871 teque
623 2797 727 2864 vexat,
747 2798 779 2853 et
805 2785 929 2872 probro
957 2796 988 2852 et
1017 2782 1183 2853 dedecore
1208 2780 1258 2850 al·
1360 2865 1364 2874 ι

24 2873 81 2924 ttr.
107 2888 121 2927 n
815 2873 821 2888 '

49 2947 62 3030 ἓ
84 2957 146 3024 Η.
164 2963 253 3030 Ilaec
271 2982 350 3031 cum
370 2960 558 3031 audivisset
574 2967 774 3050 Imperator,
794 2975 826 3030 et
844 2961 953 3030 laetus
970 2960 1128 3029 ultimam
1146 2960 1259 3030 exuis·

17 3043 53 3096 set
68 3043 217 3131 tunicam,
230 3063 263 3119 et
280 3049 444 3140 probrum
460 3052 575 3120 carnis
592 3050 796 3136 subjecisset
813 3049 934 3130 oculis,
948 3060 981 3117 et
996 3062 1122 3118 unctus
1137 3047 1259 3118 suisset
1354 3091 1356 3096 -

18 3135 112 3216 sancto
128 3133 319 3221 chrismate,
338 3139 517 3228 Ingressus
532 3151 582 3208 est
603 3139 770 3228 piscinam
795 3137 823 3204 *.
843 3144 926 3207 dum
951 3151 1066 3208 autem
1089 3136 1259 3226 Sylvester

18 3221 76 3300 llus
93 3237 188 3308 eaput
213 3228 388 3317 tetigisset,
407 3240 440 3297 et
463 3249 541 3296 eum
568 3227 602 3295 in
630 3249 755 3312 aquam
790 3227 1026 3306 immersisset,
1046 3237 1078 3295 et
1102 3239 1257 3295 sanctam

20 3302 164 3392 sunulque
190 3316 418 3384 venerandam
448 3317 638 3388 invocasset
664 3315 874 3398 Trinitatem,
898 3317 955 3385 lux
988 3327 1127 3405 repente
1151 3325 1256 3383 totam

20 3377 133 3472 illorum
152 3401 389 3486 circumfulsit,
408 3416 439 3475 et
456 3404 544 3474 lucis
559 3405 722 3493 splendor
738 3404 924 3494 plusquam
945 3404 999 3474 Sol
1020 3404 1154 3474 enituit.
1171 3401 1259 3472 Exiit
1320 3465 1323 3470 .

22 3477 111 3558 “illle
143 3489 386 3580 Imperatores
419 3493 537 3562 divino
566 3493 723 3572 lavacro,
754 3493 886 3563 hahens
912 3515 1049 3562 carnem
1078 3513 1200 3582 puram
1226 3503 1259 3559 et

23 3573 128 3662 illm,
154 3597 258 3666 neque
307 3581 396 3672 laga,
426 3603 488 3651 nec
512 3581 585 3651 ulla
609 3593 796 3672 apparente
823 3582 993 3653 cicatrice.
1023 3587 1116 3671 hqua
1142 3590 1257 3680 autem

26 3659 147 3758 diffluae
168 3683 236 3740 erat
259 3604 361 3761 plena
386 3671 439 3752 iis,
458 3691 547 3760 quae
566 3692 605 3740 ex
621 3670 799 3741 ulceribus
816 3670 1022 3750 exciderant,
1047 3670 1259 3739 membranis

25 3747 51 3824 ar
67 3741 227 3840 pelliculis,
246 3782 313 3830 non
339 3781 493 3830 secusne
512 3760 883 3848 squammis'piscium.
903 3758 963 3828 Ille
983 3771 1096 3829 autem
1123 3780 1203 3828 cum
1224 3777 1260 3854 se

27 3821 226 3915 valissorum
257 3859 395 3936 repente
427 3860 611 3930 sanatum,
645 3850 817 3918 nesciebat
849 3847 1143 3934 quemadmodum
1176 3856 1261 3913 satis

28 3918 182 4017 Ostenderat
203 3937 319 4026 gaudii
346 3937 401 4006 sui
433 3937 720 4027 magnitudinem.
740 3941 823 4007 Cum
849 3947 962 4020 autem
985 3947 1110 4006 vestem
1140 3931 1259 4002 candi·

29 3987 87 4066 lam
107 4015 259 4095 induisset
283 4025 506 4106 luminosam,
526 4026 611 4095 dixit
635 4027 678 4097 iis
702 4027 762 4113 qui
786 4023 940 4106 aderant,
960 4048 996 4094 se
1021 4025 1170 4124 sensisse
1188 4042 1259 4122 ma-

32 4093 92 4181 nun
107 4096 241 4198 desuper
264 4125 452 4197 extensam,
472 4136 657 4202 quaecum
680 4113 788 4204 tetigit
817 4113 1019 4184 immersum
1048 4113 1080 4180 in
1111 4131 1255 4200 piscina.

34 4165 59 4233 ll
71 4191 162 4262 Statim
177 4201 279 4273 edidit
294 4203 483 4283 decretum,
504 4225 546 4273 ne
561 4205 641 4290 quis
658 4202 799 4272 auderet
814 4201 1056 4290 blasphemare
1072 4200 1257 4278 Christum,

67 4330 87 4372 ¹³
94 4340 181 4396 arotarii
187 4360 341 4414 scriptoribus
349 4365 449 4406 habetur
460 4363 640 4406 conataarinum
651 4365 817 4416 imperatorem
827 4363 976 4412 baptismatis
987 4361 1055 4413 aquia
1063 4361 1137 4406 minse
1146 4362 1265 4404 carritum,

50 4326 59 4348 a

33 4381 86 4425 mm
95 4398 180 4449 ΨΜ
189 4419 271 4466 ageret,
282 4426 343 4457 nuno
355 4418 400 4458 387.
