2960 4824
44 273 109 338 tan
134 273 174 338 42
323 289 361 336 ott
385 289 411 336 s.
439 285 603 337 srtntnoxe
626 289 774 336 necarer.
800 289 972 337 rnrnxrrn.
1179 273 1243 338 303

44 373 182 459 reliquiae
201 372 407 461 spiridonis,
430 379 533 463 Atque
558 372 613 442 lris
637 374 776 459 quidem
802 395 881 444 eum
908 372 987 442 aliis
1002 372 1170 453 dimissis,
1189 395 1288 461 aocc-¹

45 463 170 530 dendum
189 474 251 544 est,
271 474 308 531 ut
331 483 454 530 sumus
479 461 633 550 polliciti,
654 461 696 531 ad
721 462 873 532 divinam
901 462 1177 533 illiusmortem.

74 554 88 637 l
109 557 183 622 26.
209 556 360 639 Tempus
383 563 454 618 erat
477 553 625 630 aestatis,
646 562 678 619 et
703 551 825 621 uberes
846 564 987 640 segetes,
1007 551 1210 638 {ructusque
1227 572 1286 620 co·

43 640 136 726 piosus
158 653 189 707 et
210 638 390 728 multiplex
410 651 481 708 erat
497 644 630 708 Sancto.
651 644 871 728 Ipseautem,
891 641 1003 727 utqui
1029 640 1102 709 suis
1125 641 1287 710 manibus

41 729 206 816 plurimum
231 741 386 797 uteretur
414 728 447 795 in
479 749 580 815 opere
610 726 777 810 faciende,
801 729 920 797 dextra
943 729 1068 818 accipit
1092 728 1227 809 falcem,
1253 740 1286 800 et

39 817 136 906 incipit
161 830 305 886 metere:
327 832 465 906 repente
484 839 561 886 vero
586 815 774 886 admodum
797 830 917 886 tenues
944 831 1061 908 guttae
1092 819 1192 900 roris,
1219 823 1309 910 Deo¹

39 917 104 974 tuuc
125 906 264 974 minime
283 905 432 995 pluente,
451 906 561 974 solum
584 928 720 975 sacrum
747 906 842 976 illius
857 922 963 995 caput
980 918 1117 997 petunt:
1139 911 1204 976 Deo
1222 907 1287 975 boo

36 994 60 1061 ei
79 995 278 1076 ostendente,
300 994 392 1080 quod
419 994 476 1063 ille
499 1016 636 1084 quoque
655 995 780 1064 llorens
797 997 993 1078 virtutibus,
1013 1009 1188 1082 tamquam
1208 995 1287 1085 pul·

36 1105 81 1151 cra
101 1084 211 1170 aliqua
236 1105 345 1173 seges,
363 1106 437 1154 rore
454 1085 638 1173 appetitur,
657 1099 690 1154 et
706 1085 795 1171 quod
817 1085 908 1154 illico
929 1085 984 1154 bic
1001 1105 1137 1173 quoque
1152 1083 1286 1154 fructus

36 1185 167 1260 portatur
190 1172 231 1242 ad
258 1173 443 1242 bominum
467 1185 499 1242 et
516 1173 716 1262 agricolam.
739 1179 835 1243 Hanc
861 1195 931 1243 rem
957 1173 1197 1243 admirabilem
1216 1173 1286 1242 alia

37 1283 150 1346 quoque
167 1276 352 1332 consecuta
377 1261 441 1331 luit
464 1262 714 1332 admirabilior.
743 1267 825 1332 Cum
851 1263 942 1331 enim
970 1263 1027 1331 ille
1053 1285 1156 1333 suum
1182 1273 1287 1352 caput

40 1361 134 1418 tenens
157 1351 310 1431 dextera,
338 1351 380 1419 iis
404 1351 462 1437 qui
493 1351 646 1432 aderant,
678 1351 878 1420 ostendebat
908 1352 1096 1433 roscidum,
1119 1353 1285 1421 continuo

35 1439 130 1527 capilli
155 1439 379 1508 effloruerunt
402 1438 506 1508 simul
532 1440 623 1520 ssavi,
645 1440 734 1529 nigri
750 1455 784 1510 et
799 1441 885 1509 albi:
915 1442 1100 1522 nescimus,
1115 1441 1284 1528 quidnam

32 1531 85 1594 lico
108 1549 164 1616 per
182 1530 263 1598 baec
288 1527 518 1618 significante.
538 1529 600 1598 Ille
623 1544 736 1598 autem
763 1551 856 1610 cum,
883 1542 921 1599 ut
939 1530 1083 1610 videtur,
1106 1529 1285 1620 cognovis-

29 1629 87 1683 set:
108 1639 124 1682 ιι
144 1617 276 1698 Sciatis,
296 1641 316 1686 o
333 1617 448 1695 amici,
475 1617 561 1685 dixit
582 1619 833 1707 praesentibus,
849 1618 940 1704 qdod
966 1639 1029 1708 ego
1053 1619 1191 1705 quidem
1209 1619 1284 1709 jam

30 1706 172 1774 excedoe
196 1727 357 1796 corpore:
382 1728 506 1796 magna
525 1728 601 1776 vero
645 1706 727 1776 loria
753 1707 919 1778 lloruinus
944 1709 1008 1777 mei
1033 1729 1194 1777 excessus
1217 1709 1285 1776 cir-

29 1794 193 1863 cumdabit
211 1796 412 1864 memoriam
441 1809 473 1864 et
490 1729 831 1865 multislrominibus
854 1796 928 1866 dies
947 1796 1011 1865 mei
1037 1796 1204 1864 adventus
1221 1796 1286 1865 erit

28 1881 91 1950 lesti
122 1898 377 1972 argumentum,
405 1883 509 1971 idque
532 1884 647 1954 omrris
671 1899 763 1954 aetas
787 1897 926 1975 peraget
950 1883 1132 1974 splendide
1154 1897 1186 1953 et
1211 1907 1285 1953 ma-

27 1971 157 2060 gnifiee,
186 1984 252 2041 tam
281 1994 490 2062 puerorum,
518 1995 620 2060 qnam
641 1973 809 2062 juvenum
836 1989 868 2042 et
892 1995 1027 2043 senum.
1050 1995 1068 2039 ιι
1089 1977 1170 2042 Cum
1200 1973 1284 2042 haee

26 2075 50 2128 et
66 2061 169 2130 multa
193 2061 261 2130 alia
278 2062 420 2131 dixisset
442 2075 474 2130 et
493 2062 728 2151 praedixisset,
752 2076 783 2131 et
808 2062 887 2143 alia,
907 2083 996 2152 quae
1014 2063 1203 2152 oportebat,
1222 2061 1284 2129 ad-

28 2151 227 2228 monuisset,
257 2163 290 2220 et
321 2150 486 2238 quicquid
517 2165 589 2220 erat
620 2151 748 2220 bonum
774 2163 806 2220 et
830 2152 979 2220 salutare
1010 2150 1101 2241 apud
1127 2172 1197 2230 eos,
1222 2149 1283 2236 qui

26 2238 165 2316 oderant,
181 2241 346 2319 oratione,
362 2253 400 2309 ut
424 2239 528 2309 semel
554 2241 680 2320 diuam,
698 2256 787 2309 esset
805 2253 1014 2330 persecutus,
1032 2253 1065 2308 et
1081 2240 1226 2308 maxime
1241 2237 1284 2308 de

26 2327 164 2413 generali
181 2341 215 2398 et
237 2329 394 2397 omnium
420 2328 565 2397 aliarum
589 2329 752 2398 virtutum
784 2329 944 2410 maxima,
962 2329 1003 2398 de
1028 2329 1204 2408 charitate,
1232 2327 1284 2395 in-

26 2435 131 2496 quam.
157 2417 191 2485 in
219 2421 323 2486 Deum
353 2431 386 2486 et
417 2419 624 2507 proximum,
651 2417 881 2498 disseruisset,
903 2439 968 2486 non
995 2418 1104 2488 multo
1130 2429 1215 2510 post,
1247 2427 1283 2486 ut

26 2502 154 2586 dixerat,
181 2519 310 2575 castam
342 2504 436 2574 illam
462 2519 494 2574 et
519 2528 651 2576 sacram
676 2507 791 2576 emisit
815 2507 986 2588 animam,
1017 2508 1051 2576 in
1076 2505 1282 2606 Angelorum

25 2592 151 2676 quidem
170 2593 314 2663 eborum
336 2595 457 2664 merito
473 2593 666 2665 admissus:
686 2617 797 2682 neque
814 2609 925 2664 tamen
942 2595 1084 2665 omnino
1101 2593 1283 2664 discedens

24 2681 58 2748 ab
74 2682 283 2764 bominibus,
305 2684 360 2754 sed
380 2705 473 2753 nunc
489 2705 626 2772 quoque
653 2685 836 2752 maximam
857 2707 975 2753 curum
994 2705 1127 2772 gerens,
1143 2682 1282 2769 quando

24 2783 49 2837 et
71 2777 133 2841 [leo
157 2787 208 2840 est
241 2773 489 2860 propinquior,
515 2785 547 2841 et
572 2772 691 2860 majori
717 2772 808 2863 apud
845 2795 925 2841 eum
953 2771 1082 2842 fiducia
1118 2774 1226 2841 utitur
1250 2783 1282 2841 et

24 2855 178 2929 libertate.
205 2864 242 2929 lt
269 2883 312 2930 ue
337 2861 446 2930 multa
468 2861 608 2946 quidem
637 2875 711 2951 post
733 2864 807 2948 ejus
834 2862 1012 2931 decessum
1035 2875 1067 2931 et
1089 2860 1176 2930 laetu
1201 2873 1282 2931 sunt

23 2947 57 3015 ab
76 2950 146 3030 illo,
166 2949 254 3018 etad
287 2973 329 3018 uc
349 2951 448 3018 fiunt.
468 2955 533 3020 llos
550 2964 678 3030 autem,
699 2972 740 3018 ne
759 2963 791 3018 et
807 2949 875 3019 fine
898 2951 986 3019 ritae
1005 2950 1161 3038 protinus
1178 2951 1281 3020 etiam

22 3037 341 3108 circumscribamus
380 3039 571 3116 miracula,
599 3061 709 3126 neque
733 3061 854 3108 rursus
879 3040 1099 3129 scriptionem
1134 3040 1280 3108 nimium

22 3129 246 3206 extendamus,
266 3149 345 3198 cum
371 3129 477 3197 unius
494 3127 716 3198 autduorum
743 3127 1017 3208 meminerimus,
1045 3133 1111 3197 Deo
1136 3127 1278 3208 volente,

22 3214 112 3284 inem
140 3217 361 3304 imponemus
377 3217 536 3286 orationi.

55 3306 71 3390 ξ
96 3309 170 3376 22.
200 3306 285 3375 Dixit
308 3305 449 3391 quidam
475 3327 514 3376 ex
541 3304 595 3386 iis,
619 3304 678 3392 qui
705 3316 786 3374 sunt
811 3305 934 3374 Christi
959 3315 1125 3383 amantes,
1145 3316 1177 3374 et
1201 3326 1281 3374 sun·

21 3403 100 3460 ctum
119 3393 262 3482 quidem
287 3394 448 3464 ardenter
471 3405 612 3463 amant:
639 3407 757 3464 amant
780 3408 892 3463 autern
924 3393 1153 3462 nibilominus
1177 3395 1280 3463 etiam

22 3483 210 3552 ueritatem:
237 3482 327 3569 quod
354 3505 434 3552 cum
459 3484 534 3573 ejus
559 3484 632 3552 dies
667 3482 775 3552 festus
803 3482 1035 3552 celebraretur
1060 3481 1282 3573 (celebratur

21 3587 121 3640 autern
150 3571 355 3642 duodecimo
389 3574 516 3642 mensis
541 3572 763 3658 Decembris),
790 3571 931 3641 accessit
964 3574 1038 3662 ipse
1065 3593 1202 3662 quoque
1237 3572 1280 3641 ad

20 3661 224 3747 sepulcrum,
244 3675 418 3748 tamquam
451 3663 562 3730 rivum
589 3661 815 3740 allocuturus,
835 3683 994 3750 magnam
1024 3661 1059 3729 in
1085 3682 1163 3728 eurn
1184 3659 1281 3730 vultu
1350 3663 1352 3668 ’

19 3749 212 3836 significans
236 3749 459 3820 reverentiam
485 3762 517 3820 et
538 3751 801 3820 venerationem.
822 3755 903 3819 Cum
931 3765 1044 3818 autem
1073 3770 1177 3839 prope
1194 3748 1280 3819 luis-

20 3853 68 3918 set,
89 3852 121 3908 et
145 3839 265 3909 oeulos
289 3852 379 3909 esset
401 3838 616 3917 admoturus,
636 3839 771 3908 dicebat
798 3861 834 3908 se
863 3851 990 3908 tantam
1024 3836 1177 3907 divinam
1204 3860 1280 3906 sen-

19 3927 92 3996 sisse
117 3929 347 3997 visitationem
375 3929 468 3998 intus
492 3943 703 4017 operantem,
726 3941 757 3998 et
782 3949 841 3998 eor
856 3929 930 4018 ejus
958 3926 1043 3995 adeo
1069 3940 1277 4016 penetrasse,

20 4030 47 4080 ut
62 4017 213 4086 sublime
235 4018 375 4104 quidem
394 4015 495 4086 suerit
520 4030 640 4106 raptus
664 4018 799 4106 spiritu,
818 4031 852 4086 et
871 4015 974 4096 solas,
993 4037 1082 4102 quae
1098 4015 1168 4084 illie
1184 4029 1276 4100 sunt,

20 4103 136 4175 risione
162 4107 352 4195 perciperet
378 4106 647 4194 pulcritudines:
677 4106 804 4177 oblitus
829 4105 967 4192 quidem
994 4105 1150 4174 omnium
1177 4117 1280 4174 terre-

23 4209 152 4277 nurum:
173 4194 301 4265 oblitus
322 4217 401 4264 vero
418 4195 529 4286 ipsius
545 4217 682 4282 quoque
698 4196 862 4285 eorporis,
884 4195 1044 4282 vocisque
1058 4207 1090 4262 et
1109 4195 1280 4264 sermonis

24 4299 112 4372 prope
136 4307 268 4374 expers;
284 4285 432 4373 jejunus
455 4305 603 4372 quoque,
618 4299 651 4353 et
669 4305 777 4370 neque
801 4283 892 4374 apud
922 4282 1029 4352 ullum
1050 4304 1163 4351 vocem
1181 4284 1278 4354 emit·

23 4373 92 4453 teus,
117 4396 225 4463 neque
249 4377 369 4447 cibum
394 4387 454 4444 aut
479 4388 597 4464 potum
615 4387 683 4446 toto
704 4373 763 4443 illo
780 4372 835 4443 die
851 4373 1047 4455 admittens,
1066 4372 1132 4442 nisi
1150 4371 1275 4454 solum,
