2994 4832
1389 64 1403 102 ι
1489 49 1490 60 .

263 287 305 352 76
577 304 616 350 nn
640 304 666 351 s.
695 304 840 350 annnam
863 303 947 351 vino.
974 303 1012 350 nr
1034 303 1129 350 unni.
1345 281 1457 348 nutu
1489 301 1490 378 q

219 387 407 471 debilitata,
434 411 454 458 a
477 387 670 457 Christiana
696 387 860 478 religione
884 387 1007 456 abduci
1028 409 1093 456 non
1114 399 1232 476 potest.
1255 391 1354 468 Quam
1369 385 1458 454 animi
1489 381 1490 468 l

218 478 447 548 constantiam
472 477 508 544 in
539 497 579 545 ea
602 481 741 546 Praeses
771 487 950 567 expertus,
983 477 1019 546 in
1050 496 1220 545 carcerem
1246 473 1360 545 tandiu
1380 473 1457 542 illam
1489 473 1490 566 l

218 566 352 636 includi
371 566 482 655 jubet,
500 564 615 652 quoad
632 576 804 647 statueret,
830 587 919 654 quae
962 566 1095 634 rariora
1120 565 1151 633 ei
1176 563 1210 632 in
1234 575 1394 654 posterum
1413 562 1460 630 ad·

217 655 350 725 biberet
373 653 556 812 supplicia.
583 658 621 723 In
640 654 797 724 custodia
809 675 886 723 cum
914 588 973 722 illa
988 667 1088 734 esset,
1106 653 1217 722 media
1236 663 1329 723 nocte
1350 672 1457 728 carcer,
1489 671 1490 728 t

218 745 278 814 ubi
308 756 391 826 erat,
417 743 612 813 carissima
636 742 712 813 luce
736 742 978 824 collustratur,
1004 744 1039 812 in
1072 752 1358 832 conspectumque
1378 739 1405 810 ei
1430 759 1458 808 se

218 833 347 924 gloriae
364 833 530 902 Dominus
546 831 658 902 dedit:
677 831 736 920 qui
753 844 786 901 et
802 844 1015 924 praesentem
1041 830 1193 901 dolorem
1210 829 1397 902 consolatus
1409 841 1456 906 est,
1489 841 1490 916 q

218 922 316 992 etad
347 920 498 1008 reliquas
523 941 658 1011 pugnas
692 931 795 1008 atque
824 942 952 1012 poenas
980 920 1213 990 cohortatione
1244 917 1457 989 confirmavit:

218 1023 292 1080 tum
316 1010 471 1092 vulnera,
489 1028 577 1097 quae
594 1011 625 1078 ei
649 1009 765 1100 gravia
790 1009 918 1100 injusta
942 1021 1050 1090 erant,
1078 1009 1221 1079 sanavit.
1489 1009 1490 1036 ¹

262 1101 281 1187 ξ
302 1103 341 1170 1.
361 1104 453 1182 Quae
473 1099 640 1168 miracula
656 1119 801 1168 cernens
823 1099 963 1168 Juliana
987 1098 1145 1190 religiosa
1174 1096 1334 1178 loemina,
1364 1113 1458 1164 secun

218 1190 295 1290 ipsa
311 1189 436 1257 mirata
458 1199 519 1268 est,
546 1209 615 1275 quo
640 1186 741 1257 modo
764 1187 797 1255 in
821 1189 896 1278 ipso
920 1189 1039 1257 aetatis
1060 1187 1144 1256 flore
1169 1186 1228 1256 illa
1249 1207 1330 1277 prae
1347 1195 1461 1274 paterno
1489 1223 1490 1232 .

219 1289 340 1347 timore
356 1289 387 1346 et
404 1275 620 1348 observantia
639 1276 817 1364 antiquius
841 1276 975 1345 duxerit
993 1297 1028 1346 se
1054 1297 1114 1376 per
1128 1287 1296 1345 tormenta
1322 1279 1382 1343 Deo
1400 1293 1461 1342 con·

218 1367 342 1446 ciliari,
370 1387 474 1453 quam
492 1375 663 1455 paternas,
688 1385 777 1452 quae
796 1365 839 1436 ab
856 1364 1015 1435 Praeside
1031 1386 1062 1434 ei
1084 1364 1279 1455 propositae
1297 1373 1398 1444 crant,
1421 1359 1462 1428 de·
1489 1361 1490 1428 l

218 1455 316 1524 licias
337 1455 507 1545 persequi.
528 1457 617 1524 Haec
633 1453 741 1544 igitur
763 1475 831 1525 non
856 1456 931 1524 sine
961 1475 1098 1524 summa
1123 1453 1349 1522 admiratione
1370 1449 1463 1520 anino
1489 1429 1490 1492 l

218 1543 277 1613 illa
304 1556 478 1634 reputans,
509 1544 543 1612 in
575 1542 665 1612 idem
690 1557 884 1623 certamen,
914 1541 1007 1630 quod
1042 1541 1119 1611 lorti
1150 1535 1345 1630 invictoque
1369 1539 1463 1609 anino

217 1632 365 1703 Barbara
389 1633 484 1722 virgo
509 1631 715 1712 sustinebat,
750 1654 784 1700 se
818 1646 938 1722 sponte
971 1631 1130 1718 conjecit.
1160 1632 1215 1701 Sic
1239 1627 1463 1700 admirabiliter

218 1734 335 1792 sanata
369 1721 487 1812 virgo,
519 1721 667 1790 maxima
692 1719 821 1789 fiducia
852 1741 926 1790 esse
950 1721 1081 1810 coepit,
1108 1721 1154 1789 ita
1179 1731 1217 1789 ut
1236 1731 1399 1789 tormenta
1426 1711 1464 1780 ltl
1489 1731 1490 1794 l

209 1811 419 1901 gravissima
438 1830 504 1880 non
530 1809 674 1879 timeret.
695 1814 813 1896 ltaque
828 1809 993 1899 postridie
1007 1809 1088 1897 ejus
1113 1808 1180 1876 diei
1214 1829 1315 1878 mane
1339 1809 1370 1876 in
1390 1801 1465 1894 judi·
1489 1795 1490 1828 ¹

216 1900 310 1969 cium
328 1920 406 1968 cum
425 1898 529 1968 ducta
552 1910 651 1978 esset,
682 1919 791 1985 neque
815 1898 927 1968 ullum
953 1899 1147 1999 plagarum,
1176 1917 1262 1984 quas
1289 1904 1464 1986 acceperat,

217 1989 355 2078 signum
391 1989 587 2078 appareret:
614 1992 753 2057 Praeses
791 1987 988 2056 admirabili
1026 2009 1064 2056 ea
1091 1985 1269 2056 curatione
1299 1994 1490 2076 perspectaq

217 2077 361 2158 «Vides,
384 2077 509 2164 inquit,
529 2076 656 2167 puella,
683 2089 847 2162 quantam
867 2076 916 2145 tui
936 2097 1055 2145 curam
1076 2075 1123 2144 dii
1141 2086 1273 2166 gerant,
1296 2074 1356 2162 qni
1372 2086 1465 2142 terer-

216 2166 357 2236 heribus
382 2166 528 2256 graviter
545 2186 693 2246 caesam,
713 2169 945 2234 sanaverunt?
969 2169 1025 2234 Est
1049 2164 1165 2266 igitur,
1186 2185 1249 2234 cur
1264 2164 1337 2233 illis
1355 2175 1386 2231 et
1407 2179 1465 2250 gra·
1489 2177 1490 2246 i

216 2255 298 2325 tiam
324 2254 463 2334 babeas,
486 2265 519 2323 et
538 2254 669 2324 cultum
695 2253 848 2334 tribuas,
875 2274 1023 2340 quorum
1048 2252 1217 2344 singulari
1248 2251 1410 2322 beneficio
1429 2249 1490 2340 inl

217 2343 364 2414 columis
387 2356 420 2413 et
444 2342 537 2412 salva
560 2364 643 2412 es.»
672 2347 709 2411 lt
739 2341 810 2425 illa,
832 2363 920 2429 quae
943 2363 963 2410 a
988 2341 1119 2413 Christo
1144 2363 1284 2432 sponse,
1312 2363 1376 2410 non
1403 2335 1490 2410 ullis

218 2433 401 2502 verborum
418 2432 567 2512 insidiis,
595 2452 663 2500 non
685 2431 801 2512 minis,
830 2453 895 2500 non
925 2431 1040 2512 caede,
1065 2451 1131 2500 non
1158 2429 1344 2520 suppliciis
1372 2422 1466 2522 divelli

218 2533 360 2611 poterat,
380 2541 516 2590 summa
533 2521 625 2589 vocis
649 2531 681 2588 et
697 2519 861 2589 orationis
889 2519 1053 2620 gravitate
1069 2519 1103 2589 in
1132 2519 1232 2600 banc,
1261 2541 1353 2606 quae
1381 2535 1490 2630 sequi-p

218 2623 285 2691 tur,
309 2609 511 2678 sententiam
529 2608 723 2698 respondit:
746 2609 833 2677 «Dii
854 2621 904 2679 tut
929 2621 1009 2678 sunt
1027 2609 1075 2678 tui
1094 2607 1235 2689 similes,
1263 2609 1365 2688 muti,
1381 2602 1465 2675 caeci.

217 2712 389 2769 etsensus
413 2697 526 2768 omnis
551 2710 716 2786 expertes,
743 2699 801 2785 qui
833 2698 944 2768 caecis
977 2719 1044 2767 non
1075 2696 1226 2777 videndi,
1256 2696 1394 2768 claudis
1418 2713 1469 2761 non

218 2785 434 2866 ambulandi,
455 2785 560 2854 mutis
578 2807 644 2854 non
667 2785 829 2874 loquendi
858 2785 1053 2857 facultatem
1079 2786 1230 2856 tribuere
1256 2797 1400 2873 queunt,
1418 2799 1469 2849 non

218 2895 338 2965 aegros
355 2895 488 2955 sanare,
507 2895 574 2944 non
603 2885 753 2945 mortuos
772 2875 813 2944 nd
834 2876 936 2945 vitam
963 2895 1119 2944 revocare
1144 2886 1302 2964 possunt.
1331 2875 1394 2958 Qui
1407 2873 1470 2940 baec

218 2963 334 3064 omnia
359 2962 538 3064 praestitit,
561 2975 593 3031 et
621 2975 793 3052 praestare
820 2976 940 3054 potest,
968 2969 997 3033 is
1021 2963 1175 3034 Christus
1198 2976 1249 3032 est
1271 2963 1372 3034 lesus
1397 2959 1470 3030 filius

218 3056 276 3122 Der
301 3053 656 3142 v1v1.Hic1pseest,
683 3054 743 3140 qui
769 3074 824 3122 me
849 3053 1003 3134 sanavit,
1030 3073 1132 3140 quem
1160 3063 1197 3122 tu
1232 3052 1387 3142 prolenis
1409 3067 1471 3119 ocu·

218 3141 272 3223 tis,
298 3153 331 3209 et
349 3152 460 3210 mente
484 3141 634 3210 tenebris
648 3141 796 3212 obducta
814 3141 927 3212 ridere
943 3163 1009 3212 non
1030 3153 1135 3232 potes;
1154 3161 1264 3229 neque
1283 3141 1378 3210 enim
1398 3147 1472 3207 tanta

216 3230 251 3300 di
280 3251 345 3300 nus
360 3251 396 3300 es
419 3230 578 3321 gratia.»

255 3253 279 3407 ἓ
303 3321 342 3390 8.
367 3323 436 3389 Hac
468 3320 620 3389 oratione
649 3325 787 3390 Praeses
811 3319 1047 3388 vehementius
1070 3330 1286 3400 commotus,
1321 3317 1490 3406 virginem

217 3407 336 3477 ferreis
350 3408 529 3499 unguibus
549 3408 723 3490 dilaniari,
739 3409 814 3497 ejus
835 3405 1000 3479 lateribus
1017 3407 1108 3477 laces
1124 3429 1287 3476 accensas
1301 3399 1471 3476 admoveri,

217 3511 292 3568 tum
310 3496 449 3566 demum
468 3509 573 3587 ceput
598 3497 765 3567 malleolis
784 3497 993 3583 quibusdam
1012 3497 1172 3586 pertundi
1180 3496 1291 3586 jubet.
1311 3495 1374 3564 llln
1397 3511 1490 3580 verni

216 3585 380 3742 congemis
408 3585 440 3653 in
467 3585 599 3654 coelum
635 3585 766 3657 oculis:
794 3587 983 3668 «Domine,
1018 3586 1148 3674 inquit,
1175 3585 1233 3673 qui
1259 3595 1473 3654 scrutatores

216 3695 274 3743 cor
303 3676 386 3756 ium,
414 3675 500 3744 nosti
526 3689 656 3762 quanto
676 3675 725 3746 tui
746 3674 915 3746 desiderio
936 3689 1069 3745 tenear:
1097 3695 1147 3746 ne.
1164 3695 1218 3744 me
1245 3673 1490 3760 derelinquasr

215 3783 354 3850 quaeso,
372 3784 483 3850 usque
508 3763 541 3831 in
559 3761 675 3832 finem.
697 3786 715 3830 n
741 3768 885 3834 Strenua
905 3763 1029 3834 Christi
1049 3775 1180 3853 martyr
1193 3762 1342 3832 Barbara
1364 3751 1490 3840 iteruml

216 3850 430 3940 gravissimis
446 3851 629 3953 suppliciis
644 3873 724 3922 cum
745 3865 969 3944 torqueretur,
988 3875 1026 3922 ea
1044 3851 1166 3922 lortius
1184 3850 1272 3934 tulit,
1291 3871 1396 3938 quam
1418 3857 1490 3936 nont

216 3937 328 4008 solum
364 3937 519 4010 mulieris
543 3940 773 4023 imbecillitas,
807 3941 864 4011 sed
891 3941 1044 4011 bumana
1070 3951 1191 4010 natura
1223 3939 1421 4030 postularet.
1445 3939 1490 4016 ltt

215 4025 366 4108 iuliane,
396 4029 555 4121 religiosa
578 4043 610 4100 et
625 4031 683 4121 pia
706 4031 843 4112 mulier,
876 4052 957 4100 cum
988 4031 1173 4110 teterrima,
1199 4029 1327 4116 quibus
1357 4027 1414 4096 illa
1435 4020 1474 4092 al·

214 4115 406 4217 liciebatur,
435 4118 606 4208 supplicia
641 4132 812 4200 cerneret,
840 4139 907 4188 non
940 4120 1050 4209 potuit
1078 4119 1246 4207 lacrymas
1279 4131 1310 4187 et
1329 4115 1475 4274 (lemnus

215 4217 409 4287 continere;
438 4227 505 4275 non
531 4206 660 4278 destitit
684 4221 797 4278 tamen
823 4209 857 4277 in
885 4207 938 4277 bis
962 4208 1123 4277 lamentis
1143 4229 1216 4278 eam
1235 4205 1277 4276 ud
1303 4205 1325 4274 fi
1353 4205 1384 4274 ei
1406 4221 1490 4272 conr

208 4294 377 4364 stantiam
397 4294 579 4366 cohortari.

260 4385 277 4469 q
294 4387 342 4452 t).
369 4381 464 4464 Quod
481 4407 559 4452 cum
575 4389 713 4455 Praeses
726 4385 1021 4467 animadverteret,
1038 4385 1158 4455 iisdem
1176 4383 1353 4455 tormentis
1374 4381 1472 4470 ipsan
1489 4441 1490 4446 ,
