3046 4838
72 311 180 376 beda
341 331 386 377 nn
413 331 661 392 sammonico,
687 309 834 392 susurria,
861 331 930 380 arc.
958 333 1015 380 nn.
1232 317 1274 380 67

70 427 187 494 eterra,
211 427 242 484 et
265 415 446 485 ducantur
468 416 508 484 ad
533 419 661 486 Petram
687 416 887 487 sceleratam
914 420 1004 486 Neon
1032 416 1137 498 filius,
1165 428 1197 487 et
1214 419 1320 488 llaria

71 523 165 578 soror.
190 515 220 574 et
249 517 421 574 necentur
444 504 477 572 in
502 516 685 595 conspectu
710 507 873 596 parentis.
904 527 921 571 n
957 509 1031 588 Quo
1055 507 1174 588 ducti,
1202 507 1318 596 gladio

69 592 139 659 caesi
161 605 246 672 sunt,
262 593 465 681 jactataque
481 593 527 662 ibi
544 606 624 664 sunt
646 616 789 684 corpora
814 616 946 664 eorum.
975 599 1068 678 Quae
1084 594 1226 665 collecta
1246 619 1265 664 a
1283 595 1321 665 sr-

70 678 202 762 delibus,
228 683 364 772 sepulta
401 694 515 782 postea
538 696 619 752 sunt
647 683 680 752 in
706 683 869 753 Arenaria
892 683 1012 754 eodem
1042 684 1104 754 ubi
1133 706 1320 756 consueve-

69 783 130 927 pnt
149 773 346 929 cppvenire,
376 793 429 840 vta
462 773 593 862 Appia,
627 772 789 842 milliario
819 773 862 842 ab
885 773 997 854 urbe,
1025 785 1116 845 sento
1149 773 1320 844 Kalendas

69 879 167 928 ,ovem
195 881 250 929 ns.

102 951 206 1034 tto.
232 947 476 1019 secundianus
500 961 614 1019 autem
639 971 717 1019 cum
751 949 868 1020 omnia
897 951 1096 1022 nunciasset
1120 950 1311 1031 Valeriano,

68 1049 128 1124 post
141 1036 208 1108 dies
225 1038 416 1127 octojussit
434 1038 547 1128 parari
562 1037 628 1108 sibi
643 1038 793 1108 tribunal
812 1039 846 1106 in
869 1039 964 1110 Circo
983 1040 1151 1110 Flaminio
1167 1040 1195 1121 *‚
1216 1052 1319 1128 atque

68 1124 172 1195 adduci
189 1127 227 1195 ad
249 1149 288 1196 se
304 1127 532 1218 Hippolytum
552 1139 584 1196 et
603 1127 740 1198 adriam
758 1129 888 1198 vinctos
904 1130 1047 1210 catenis,
1067 1141 1099 1198 et
1116 1151 1196 1199 voce
1222 1152 1319 1220 prae-

69 1215 146 1284 conis
160 1215 318 1286 clamari:
336 1216 433 1285 «Isti
452 1227 532 1286 sunt
550 1216 723 1308 sacrilegi,
742 1217 802 1304 qui
817 1229 973 1286 evertunt
991 1219 1128 1288 Urbem.
1149 1243 1163 1284 r
1181 1223 1317 1290 Etcum

68 1302 225 1375 introducti
238 1305 403 1386 luissent,
426 1305 535 1376 ludex
549 1305 591 1374 de
611 1305 769 1398 pecuniis
791 1328 912 1377 rursus
929 1306 1051 1376 habuit
1065 1307 1316 1394 quaestionem,

68 1389 184 1463 dicens:
209 1400 326 1464 «Date
352 1395 531 1484 pecunias
549 1416 609 1485 per
625 1417 712 1481 quas
733 1394 857 1484 vulgus
874 1395 1052 1465 ducebatis
1069 1396 1104 1464 in
1120 1418 1318 1466 errorem.»

68 1483 229 1572 Respondit
251 1484 398 1554 Adrias:
426 1489 526 1554 «llos
550 1483 723 1554 Christum
745 1483 1005 1573 praedicamus,
1031 1485 1091 1572 qui
1118 1507 1179 1555 nos
1200 1485 1243 1554 de
1267 1507 1321 1553 er-

69 1591 133 1640 rore
152 1573 374 1664 dignatusest
391 1572 549 1654 liberare,
577 1594 644 1641 non
671 1583 709 1642 ut
729 1571 886 1642 homiues
903 1572 1113 1654 occidamus,
1134 1574 1193 1644 sed
1212 1573 1322 1644 vivili-

73 1680 181 1730 cemus.
207 1687 221 1729 r
245 1669 331 1732 Cum
364 1661 492 1730 videret
520 1660 760 1731 secundianus
789 1666 937 1752 Rogatus
962 1683 997 1732 se
1023 1662 1108 1731 nihil
1135 1663 1319 1754 proficere,

69 1747 156 1833 jussit
176 1751 329 1822 maxillas
354 1772 473 1820 eorum
500 1750 689 1839 plumbatis
712 1749 899 1819 durissime
929 1750 1050 1833 caedi,
1080 1774 1119 1822 ac
1146 1753 1211 1822 sub
1242 1774 1323 1822 voce

74 1842 225 1926 praeconis
249 1840 340 1909 dici:
373 1863 385 1901 v
408 1839 601 1908 sacrificate
626 1839 705 1921 diis,
727 1839 825 1908 thura
846 1839 1114 1912 incendentes.»
1139 1842 1322 1931 Tripodem

74 1928 242 1999 enimcum
271 1929 375 1998 thura
403 1927 484 1997 illuc
508 1927 632 1997 lecerat
656 1927 895 1997 Secundianus
927 1929 1081 2018 portari,
1112 1929 1322 2020 Hippolytus

76 2017 450 2090 cruentatusclamabat:
468 2022 572 2098 «Fac,
593 2016 707 2097 miser,
731 2017 821 2104 quod
839 2017 939 2098 lacis;
960 2017 1030 2087 noli
1043 2039 1212 2088 cessare.»
1227 2024 1322 2088 Tunc

81 2106 284 2177 secundianus
299 2105 527 2176 caedentibus
544 2107 640 2196 parci
655 2105 772 2195 jussit,
793 2105 944 2192 dixitque
961 2107 1003 2176 ad
1021 2129 1094 2176 eos:
1115 2113 1223 2176 «lam
1243 2129 1321 2176 con·

81 2191 166 2289 ¹sulite
186 2195 266 2268 vobis
296 2196 411 2286 ipsis;
438 2216 515 2264 ecce
539 2217 643 2284 parco
668 2194 832 2264 stultitiae
856 2207 1032 2264 vestrae.»
1060 2194 1324 2285 Responderunt

77 2279 143 2349 rllii
165 2291 247 2356 vh'os
271 2285 386 2375 parati
411 2305 533 2353 sumus
550 2284 665 2353 omnia
693 2295 860 2352 tormenta
885 2285 1075 2365 sustinere;
1102 2295 1134 2354 et
1157 2285 1249 2372 quod
1272 2297 1319 2365 tu,

76 2371 117 2438 vel
142 2374 284 2465 Princeps
312 2373 436 2464 jubet,
466 2371 586 2442 facturi
617 2394 684 2441 non
717 2394 852 2441 sumus.
880 2395 898 2439 r>
929 2373 1056 2443 Retulit
1082 2373 1322 2443 secundianus

71 2457 109 2527 ad
126 2462 321 2534 l'alerianum
340 2486 347 2529 :
370 2462 428 2550 qui
443 2461 549 2552 jussit
563 2483 620 2532 eos
637 2461 796 2530 consumi
812 2461 914 2530 citius
930 2461 964 2530 in
986 2473 1171 2552 conspectu
1188 2461 1320 2553 populi.

107 2551 322 2636 §tarano
350 2550 588 2620 Secundianus
608 2549 716 2637 ‘jussit
739 2571 797 2619 eos
830 2549 956 2619 adduci
981 2549 1024 2620 ad
1056 2563 1190 2637 pontem
1221 2555 1323 2620 Rnto-

67 2637 150 2718 nini,
173 2656 202 2711 ct
226 2639 420 2732 plumbatis
443 2638 538 2708 caedi
564 2638 758 2708 diutissime
782 2660 892 2726 usqne
917 2638 960 2707 ad
990 2638 1323 2710 consummationem

65 2747 191 2811 eorum;
216 2749 369 2815 cumque
386 2727 518 2797 diutius
538 2727 772 2808 caederentur,
800 2727 990 2796 emiserunt
1013 2728 1187 2817 spiritum.
1214 2733 1252 2798 Et
1270 2751 1322 2797 re-

64 2813 132 2885 licta
155 2830 229 2890 suat
262 2839 409 2918 corpora
442 2815 560 2886 eodem
596 2815 691 2896 loco,
720 2815 819 2908 juxta
850 2816 1000 2885 insulam
1036 2815 1239 2906 Lycaoniam
1272 2817 1320 2886 ⁴¹⁵.

63 2908 158 2976 lloctu
179 2907 269 2976 venit
294 2903 503 2996 Hippolytus
528 2905 695 2974 diaconus
719 2909 892 2975 Romanae
912 2905 1095 2987 Ecclesiae,
1115 2920 1217 2993 atque
1241 2905 1323 2976 sub-

63 2991 124 3062 lata
146 3017 282 3086 corpora
299 2995 360 3064 Via
379 2993 498 3083 Rppia,
524 2993 684 3064 milliario
701 2993 742 3063 ad
764 2995 863 3076 Urbe,
886 2994 920 3062 in
939 2995 1112 3076 Arenaria,
1132 2995 1229 3084 juxta
1250 3017 1324 3064 cor-

60 3103 137 3170 pora
158 3089 373 3164 Sanctorum,
408 3081 561 3172 sepelivit
584 3083 704 3169 quinto
736 3083 819 3152 Idus
846 3083 1053 3154 Decembris.
1080 3088 1158 3154 Post
1188 3105 1324 3153 menses

60 3192 182 3254 novem,
200 3179 345 3244 Romam
364 3172 456 3240 venit
473 3170 631 3252 foemina,
653 3172 782 3240 ltartba
799 3171 851 3208 *l*
868 3173 1017 3254 nomine,
1040 3176 1164 3242 Graeca
1184 3193 1320 3262 genere,

62 3281 125 3328 una
143 3283 214 3332 cum
234 3262 308 3331 lilia
328 3260 472 3342 Valeria,
491 3260 611 3329 ambae
627 3261 849 3340 Christianae,
870 3260 991 3331 aldrice
1007 3273 1036 3329 et
1060 3260 1221 3329 Paulinae
1240 3281 1323 3328 con-

60 3352 280 3440 sanguineae;
308 3371 459 3437 cumque
483 3371 539 3419 eos
564 3361 777 3434 quaererent,
808 3371 868 3418 nec
897 3350 1111 3428 invenirent,
1141 3349 1325 3419 audientes

61 3459 115 3506 eos
137 3440 295 3530 martyrio
321 3451 502 3508 coronatos
525 3459 610 3520 esse,
638 3437 773 3527 gavisae
800 3449 881 3507 sunt
905 3438 1132 3508 vehementer.
1152 3443 1191 3507 llt
1208 3437 1323 3525 inqui·

60 3528 202 3598 rentibus
214 3531 256 3598 de
270 3527 475 3616 corporibus
489 3525 640 3606 illorum,
660 3547 737 3594 cum
761 3526 982 3609 invenissent,
1003 3526 1129 3596 ibidem
1145 3525 1268 3596 dicbus
1283 3548 1327 3596 ac

64 3617 207 3688 noctibus
230 3616 417 3706 vigilantes
440 3616 474 3683 in
500 3613 712 3684 orationibus
739 3626 1002 3704 permanserunt
1027 3614 1195 3702 usquead
1214 3635 1328 3684 annos

65 3703 234 3786 tredecim;
265 3703 449 3775 reddentes
473 3703 506 3770 in
525 3725 607 3806 pace
635 3703 795 3793 spiritum
817 3708 893 3773 Deo.
915 3703 1075 3794 Sepultae
1098 3704 1225 3774 ibidem
1244 3715 1328 3773 sunt

65 3807 170 3874 quarto
194 3794 275 3864 idus
300 3792 497 3862 Decembris
525 3815 558 3860 m
585 3793 748 3863 honorem
771 3792 894 3862 Christi
910 3799 1013 3869 lesu.
1038 3794 1173 3864 Domini
1199 3793 1327 3874 nostri,

67 3881 116 3962 qui
134 3883 208 3954 vivit
221 3896 254 3954 et
269 3894 392 3973 regnat
407 3882 442 3950 in
464 3881 580 3952 secula
600 3881 807 3951 seculorum.
828 3887 933 3952 amen
949 3881 1030 3951 Μ’.

91 4075 100 4098 ⁸
111 4075 205 4119 arbitrio
218 4077 342 4130 Principis,
357 4075 460 4118 diversis
470 4077 533 4118 'locta
544 4077 662 4130 ¹Servatum
676 4075 736 4127 cogi,
751 4079 790 4126 juv
805 4073 859 4122 dtcl,
869 4087 952 4118 caussa
963 4075 1009 4126 agl.
1019 4079 1149 4119 sentcnttcs
1161 4075 1217 4118 terri
1230 4087 1327 4118 consuc-

71 4132 120 4167 rtue
128 4131 244 4175 tutamen
253 4135 375 4174 habentur
384 4127 499 4180 exemplu.

74 4180 112 4268 ζ’
125 4185 233 4274 praemia,
247 4189 329 4228 insula
343 4187 407 4226 luter
422 4185 482 4224 datos
497 4189 579 4234 pontes
594 4185 648 4229 alta,
662 4181 696 4223 sio
712 4179 828 4232 appellata
842 4183 894 4229 tult,
912 4185 974 4234 quod
985 4181 1017 4225 lbl
1027 4183 1096 4226 lovis
1106 4195 1200 4234 quoque
1209 4183 1333 4233 Lycaonis.

93 4241 125 4281 ἢν
136 4247 171 4277 um
180 4243 246 4280 esset

96 4287 130 4313 *³*
142 4291 192 4334 ant.
206 4295 316 4332 Hortum.

95 4339 141 4366 '⁸⁸'
154 4345 218 4386 Sacra
230 4347 329 4396 ptgnora
345 4345 384 4385 SS.
400 4345 527 4395 Hippolyti.
542 4345 632 4388 Adrlae,
650 4344 742 4390 blaviae.
762 4343 848 4383 Neonla
864 4345 887 4385 et
899 4345 1010 4384 Portltnce
1021 4345 1173 4385 asservantur
1183 4345 1208 4384 ln
1220 4345 1333 4384 Ecclesia.

75 4387 94 4424 ἓ·
104 4393 194 4438 tntum
208 4401 231 4438 tn
246 4401 358 4444 suburra.
373 4401 400 4440 ut
409 4399 461 4448 elus
471 4399 587 4438 Ecclestce
597 4397 694 4446 authaa
705 4399 858 4438 monumenta
867 4397 1037 4444 demonstrant,
1047 4401 1108 4438 toste
1117 4399 1217 4440 Baronto
1228 4401 1252 4438 iu
1264 4399 1333 4438 Hortor

75 4441 191 4497 “illum
201 4453 273 4500 Rom..
282 4456 320 4494 dte
331 4454 438 4493 secunda
447 4449 584 4492 decembris.
