2920 4810
28 301 111 366 liet.
137 299 181 366 20
418 315 680 366 uanrraouocrurr
705 317 920 366 vacueraarurt
1172 297 1274 369 ⁴033*

28 407 174 476 uuarrtum
203 398 345 475 rapitur,
374 405 407 460 ut
437 399 481 458 eis
510 405 659 476 praeesset
686 396 1317 477 uictus:quicumattero,iiutvbauomiuo,

27 479 208 558 sceptrigera
237 483 393 557 potestate.
425 475 501 540 Nam
531 485 597 540 erat
629 478 657 540 ei
685 480 818 556 ejusdem
846 479 1049 556 perversitatis
1077 479 1227 554 homine,
1258 482 1317 542 nisi

26 557 241 635 speciesdigna
259 557 399 635 imperio,
415 572 507 634 quam
523 558 656 620 serenis·
686 560 789 620 diviua
816 558 1017 635 impediretur
1043 559 1248 632 miseratione,
1272 577 1319 622 co·

26 640 89 699 simi
111 637 214 698 cordis
234 635 351 714 jugiter
371 635 551 699 venustabat
577 643 658 700 tran·
687 645 834 701 natusest
848 639 879 699 in
900 637 1086 700 exterminio
1106 639 1257 702 adducere
1280 647 1320 700 to·

26 717 110 792 orvilla
136 716 272 778 devotio.
296 715 527 778 Eratomnibus
548 717 658 780 blando
688 719 747 780 tius
777 718 853 779 lines
879 716 1068 780 Britanniae.
1090 717 1152 780 Nec
1184 720 1319 793 mirum,

27 797 142 874 eloquio
169 794 323 867 affabilis,
347 795 530 856 numilitatis
560 797 657 874 gratia
686 813 755 859 cum
777 797 919 859 venerint
945 798 1080 860 indurati
1108 799 1222 874 lrigere
1248 815 1320 862 suae

26 875 205 953 praeclarus,
227 881 258 936 et
272 876 352 936 inter
372 889 441 936 suos
455 891 581 938 coaevos
601 877 658 938 mi·
687 877 830 950 malitiae,
851 876 889 938 ab
914 876 966 938 illo
992 885 1092 940 terrae
1113 881 1238 960 vertice,
1259 895 1321 958 quo

28 955 107 1017 rabili
130 953 368 1017 mausuetudine
390 953 540 1016 residebat
561 957 657 1017 domi·
686 955 789 1018 sedeur
802 971 888 1019 suam
900 958 1012 1034 posuit,
1027 957 1320 1035 quiperelutiouem

31 1051 81 1096 uus
95 1034 208 1112 absone
223 1034 286 1097 ullo
300 1041 379 1095 statu
394 1033 564 1110 superbiae.
578 1033 658 1098 lant·
687 1035 842 1098 Altissimo
856 1035 965 1098 similis
976 1053 1039 1099 esse
1049 1039 1258 1116 concupivit...
1275 1037 1318 1100 Ex

30 1116 280 1190 quevirsanctus
303 1113 490 1190 praelerebat
504 1115 537 1176 in
558 1115 657 1189 vultu,
686 1131 794 1178 eorum
822 1130 897 1190 ergo
923 1131 1038 1192 genere
1063 1119 1205 1194 praedicti
1228 1117 1320 1179 duces

30 1193 103 1268 quod
116 1199 219 1272 postea
242 1191 468 1256 manifestatum
489 1200 533 1255 est
552 1195 658 1257 divino
687 1194 796 1274 inguar
816 1202 847 1256 et
867 1193 974 1257 liubba
987 1195 1320 1275 *Nurdanbumbrorum

30 1279 115 1335 nutu:
138 1272 288 1352 qnoniam
315 1287 390 1350 puer
413 1279 474 1334 toto
498 1275 658 1336 conamine
687 1275 830 1353 primitus
850 1277 980 1352 aggressi
1004 1291 1181 1354 expugnare
1196 1278 1319 1353 provin·

31 1353 144 1414 virtutis
172 1352 306 1430 arripuit
322 1353 474 1428 gradum,
495 1368 586 1430 quem
611 1353 658 1414 di·
687 1355 778 1428 ciam,
793 1356 879 1430 gravi
895 1354 1129 1434 depopulatione
1148 1363 1238 1419 totam
1253 1370 1320 1434 per-

30 1433 90 1494 vina
118 1432 213 1509 pietas
240 1432 425 1511 praesciebat
452 1435 598 1510 martyrio
624 1433 658 1494 ii·
688 1440 839 1510 vagantur
862 1448 899 1494 er
923 1437 1038 1496 ordino.
1062 1435 1198 1509 Quorum
1224 1439 1318 1513 pessi·

32 1512 182 1574 uiendum.
206 1510 318 1575 Nactus
332 1527 407 1573 vero
431 1511 555 1574 culmen
580 1514 659 1588 regi·
687 1515 744 1574 mis
756 1512 915 1576 conatibus
936 1513 1037 1575 nullus
1057 1516 1198 1577 resistere
1221 1516 1319 1594 potuit

32 1591 141 1662 minis,
169 1599 305 1669 quantae
333 1591 425 1654 luerit
446 1593 478 1652 iu
510 1590 659 1668 subiectus
687 1609 725 1654 ex
740 1591 985 1670 provincialibus,
1001 1594 1320 1672 quinmulctareutur

32 1669 254 1748 benignitatis,
280 1677 412 1748 quantae
439 1670 472 1731 iu
504 1685 660 1750 perversos
688 1675 798 1734 merita
825 1684 974 1748 supernae
1001 1671 1220 1751 indignationis
1251 1675 1320 1747 ird,

33 1749 230 1824 districtionis,
257 1757 377 1812 nonest
399 1757 518 1812 nostrae
539 1750 660 1812 tacuita-
688 1760 799 1830 agente
827 1752 969 1812 ministro
997 1752 1166 1830 iniquitatis
1192 1753 1319 1816 iiubba:

36 1829 68 1888 tis
80 1828 234 1906 evdlvere,
259 1833 309 1907 qui
334 1830 400 1906 ejus
423 1831 578 1902 minima,
599 1846 660 1907 quo
688 1846 790 1909 quem,
808 1831 927 1971 fraeda
951 1830 1039 1904 iacta,
1064 1829 1176 1909 inguar
1197 1832 1321 1910 reliquit

35 1909 204 1971 conveniret
229 1925 385 1983 sermone,
414 1925 475 1971 uon
503 1925 661 1988 possumus
690 1911 729 1972 ibi
752 1927 806 1973 cru
828 1910 940 1972 elitatis
966 1911 1095 1987 socium,
1117 1917 1149 1973 et
1169 1929 1185 1974 a
1207 1911 1321 1974 boreali

35 1989 176 2065 expedire.
209 1987 367 2066 Siquidem
400 1989 439 2052 ita
470 1988 661 2052 columbinae
689 1998 772 2070 parte
803 1989 945 2052 orientali
972 1989 1072 2052 subito
1098 1992 1218 2052 adstans
1251 2007 1321 2052 cum

37 2067 228 2144 simplicitatis
249 2068 483 2130 mansuetudine
513 2075 660 2146 tempera·
690 2085 796 2148 magna
812 2068 915 2142 classe,
937 2068 973 2130 ad
994 2069 1059 2147 ejvrs
1079 2072 1229 2149 quandam
1244 2071 1322 2131 civi-

38 2149 76 2205 vit
94 2151 285 2226 serpentinae
309 2147 479 2210 calliditatis
497 2152 659 2223 astutiam,
691 2159 782 2212 tutem
799 2148 928 2212 latenter
941 2149 1075 2228 appulit:
1098 2165 1190 2228 quam
1208 2149 1322 2227 ignaris

39 2232 68 2284 ut
94 2243 146 2289 nec
189 2227 314 2306 antiqui
347 2228 440 2288 lrostis
468 2227 661 2304 deciperetur
689 2230 1032 2307 civibusiutrogressus,
1048 2229 1173 2306 ignibus
1184 2245 1322 2292 cremau-

42 2305 219 2370 simulatione
251 2306 457 2380 irauduleuta,
490 2323 546 2368 uec
577 2307 660 2369 mali·
689 2311 757 2371 dam
772 2307 867 2381 dedit,
890 2323 1009 2386 pueros,
1023 2323 1111 2370 senes
1131 2325 1200 2370 cum
1219 2309 1322 2388 junio·

42 2397 159 2468 gnarum
186 2387 349 2448 bominum
376 2389 527 2466 reciperet
553 2395 659 2450 coutra
690 2389 774 2450 ribus
789 2388 820 2448 in
834 2388 939 2466 plateis
948 2387 1080 2450 civitatis
1093 2389 1215 2450 obviam
1231 2389 1322 2451 iactos

39 2467 172 2536 iustitiam
196 2467 374 2539 sententias,
404 2482 469 2528 rem
494 2481 584 2545 quam
610 2482 661 2530 ne·
685 2467 818 2545 jugulat,
840 2477 871 2528 et
891 2469 1088 2530 matronalem
1108 2484 1161 2530 seu
1185 2468 1322 2544 virgina-

41 2543 165 2619 sciebat,
194 2546 428 2624 diligentissime
458 2546 658 2623 investigans.
690 2548 749 2610 lem
776 2546 954 2625 pudicitiam
989 2547 1121 2609 ludibrio
1146 2547 1321 2610 tradendam

41 2617 404 2704 Gradiensqueviaregia,
421 2625 661 2689 necdeclinabat
690 2627 824 2690 mandat.
857 2627 990 2690 llaritus'
1013 2643 1082 2689 uum
1112 2629 1241 2704 conjuge
1272 2633 1324 2689 aut

41 2699 71 2758 ad
84 2703 254 2776 dexteram,
276 2703 447 2768 extollendo
467 2721 498 2766 se
512 2705 550 2767 de
572 2707 661 2768 meri·
690 2715 837 2779 mortuus,
862 2712 915 2767 aut
933 2706 1135 2769 moribundus
1152 2706 1270 2783 jacebat
1291 2707 1322 2768 in

43 2779 86 2868 tis:
108 2799 161 2846 nec
181 2785 218 2847 ad
242 2785 407 2856 sinistram,
436 2783 661 2848 succumbendo
690 2785 816 2848 limine:
840 2785 1055 2866 iniansraptus
1070 2806 1084 2848 a
1099 2788 1206 2850 matris
1220 2785 1323 2848 uberi·

41 2861 115 2922 vitiis
130 2863 279 2926 humanae
300 2863 480 2940 tragilitatis.
504 2863 576 2926 lirat
589 2882 662 2944 quo·
691 2865 756 2939 bus,
773 2875 806 2928 ut
821 2867 915 2942 major
929 2875 1008 2928 esset
1027 2864 1168 2943 ejulatus,
1192 2865 1324 2928 trucida·

40 2952 92 3014 que
104 2945 263 3018 egentibus
276 2941 399 3021 dapsilis
416 2942 592 3018 liberaliter,
608 2959 661 3022 pu·
691 2945 780 3007 batur
794 2961 896 3008 coram
913 2948 1061 3007 maternis
1082 2945 1248 3008 obtutibus.
1265 2945 1323 3006 Fu·

39 3016 111 3092 pillis
124 3029 153 3082 et
168 3024 270 3085 viduis
291 3023 547 3084 clementissimus
566 3031 661 3100 pater,
690 3025 774 3088 rebat
790 3025 902 3103 impius
917 3024 1015 3098 miles,
1029 3028 1155 3088 lustrata
1173 3025 1260 3098 urbe,
1277 3041 1325 3086 ar·

41 3111 147 3182 semper
173 3102 289 3164 habens
317 3117 387 3176 prae
415 3102 511 3164 oculis
544 3101 660 3166 dictum
690 3104 836 3166 dendoad
848 3104 1086 3184 flagitiumque
1100 3113 1196 3184 posset
1208 3104 1324 3183 placere

42 3172 285 3258 vlliussapientis:
309 3181 483 3260 Principem
504 3187 532 3243 te
552 3184 661 3245 consti-
691 3193 833 3264 tyrarruo,
858 3186 910 3263 qui
935 3184 997 3246 solo
1011 3184 1198 3246 crudelitatis
1220 3185 1324 3246 studio

43 3259 178 3321 tentant?
199 3260 262 3323 noli
275 3257 389 3334 entelli,
404 3261 455 3323 sed
467 3267 529 3324 esto
549 3261 582 3324 itt
603 3262 662 3324 diis
687 3267 819 3338 jusserat
832 3268 932 3343 perire
947 3265 1097 3332 iuuovios.
1112 3261 1251 3340 Cumque
1263 3262 1323 3340 jam

43 3338 122 3431 good
141 3355 222 3402 unus
243 3357 281 3403 eac
300 3339 370 3401 illis.
399 3341 526 3414 (Enalos.
549 3344 661 3421 xxxiv).
691 3345 889 3406 multitudine
910 3343 1140 3406 interientorum
1162 3343 1323 3406 Achaeme·
1386 3347 1387 3351 ’

44 3413 169 3495 lunaque
192 3428 251 3482 mvn
266 3421 439 3499 conspicuis
450 3421 482 3481 in
499 3417 620 3483 Christo
634 3430 663 3484 et
692 3423 774 3484 uiam
790 3424 905 3486 rabiem
917 3439 978 3485 nou
992 3429 1112 3486 tautum
1127 3428 1324 3492 ordinasset,

44 3489 161 3560 Ecclesia
186 3501 336 3562 emineret
360 3500 513 3563 bonorum
537 3509 661 3564 actuum
690 3509 841 3581 quantum
856 3503 997 3581 inligatus
1013 3503 1044 3564 in
1062 3509 1215 3581 posterum
1230 3503 1324 3565 distu-

45 3581 227 3654 oruamentis,
244 3582 307 3656 ejus
322 3580 510 3658 patientiam,
532 3582 611 3644 sicut
632 3589 663 3643 et
691 3581 783 3654 iisset,
799 3591 903 3646 evocat
917 3582 1062 3661 quosdam
1085 3581 1227 3663 plebeios,
1250 3599 1326 3660 quos

47 3655 126 3742 uncti
140 3655 202 3732 iob,
217 3673 377 3738 aggressus
397 3667 443 3722 est
457 3659 589 3738 experiri
605 3661 662 3722 ini·
690 3677 744 3723 suo
758 3661 857 3740 gladio
879 3662 1009 3724 credidit
1030 3679 1094 3725 esse
1118 3663 1269 3738 indignos,
1290 3677 1324 3724 ae

48 3743 130 3794 ursus
144 3737 266 3812 humaui
289 3739 432 3814 generis:
456 3743 506 3818 qui
525 3755 562 3800 eo
577 3739 664 3804 bonis
692 3740 741 3803 ubi
757 3741 820 3806 Rex
842 3757 949 3804 eorum
968 3747 1039 3804 tunc
1061 3745 1208 3821 temporis
1229 3743 1325 3803 vitam

48 3805 102 3881 plus
117 3814 238 3905 invidet,
260 3835 319 3899 quo
343 3820 477 3897 appetitu
499 3819 593 3882 bonae
615 3837 663 3882 vo·
691 3821 828 3897 degeret,
850 3820 996 3884 sollicitus
1019 3827 1222 3901 perscrutator
1239 3823 1326 3882 inve·

49 3884 161 3954 luntatis
174 3906 264 3962 earet.
279 3897 421 3972 Quocirca
437 3913 535 3960 unum
550 3915 586 3962 ex
601 3901 663 3961 suis
691 3900 803 3977 stigare
830 3902 941 3963 studet.
972 3900 1050 3964 Nam
1078 3902 1114 3964 ud
1147 3917 1217 3963 euru
1247 3901 1325 3962 larua

48 3971 177 4062 membris
190 3980 216 4038 ei
237 3979 441 4042 adversarium
458 3979 594 4051 immisit,
610 3980 662 4058 qui
692 3991 885 4058 pervenerat,
901 3981 981 4059 quod
998 3982 1076 4043 idam
1089 3981 1151 4044 ilex
1166 3980 1326 4058 gloriosus,

50 4051 187 4129 anavibus,
210 4073 287 4134 uuae
316 4057 474 4131 babuerat,
501 4058 664 4122 undeunde
695 4058 1060 4132 videlicetEadmundus,
1083 4061 1205 4122 florenti
1227 4064 1326 4121 aetate

51 4125 171 4206 sublatis,
190 4137 225 4197 ad
249 4138 484 4216 impatientiam,
504 4138 528 4198 si
551 4145 662 4217 posset,
692 4145 723 4202 et
744 4139 876 4202 robustis
902 4139 1031 4214 viribus,
1058 4138 1135 4202 bello
1157 4139 1326 4216 peremnia

52 4215 194 4290 erumpere
214 4220 347 4294 cogeret,
370 4224 404 4280 ut
418 4219 581 4294 desperans
601 4217 665 4280 beo
692 4225 770 4280 esset
792 4226 954 4282 strenuus:
977 4225 1008 4280 et
1030 4217 1142 4280 idcirco
1164 4216 1326 4279 iestiuabat

53 4296 79 4368 tn
105 4285 202 4356 laniem
229 4296 432 4379 benediceret.
465 4295 536 4360 Fuit
563 4304 664 4359 autem
694 4297 801 4376 passim
814 4300 880 4362 uoci
895 4297 1024 4372 tradere,
1040 4313 1115 4374 quos
1130 4297 1325 4358 circumcirca

54 4358 123 4426 idom
143 4373 350 4454 adversarius,
379 4375 492 4455 inguar
519 4376 665 4440 vocabulo
694 4383 811 4456 poterat
826 4378 973 4456 reperire,
992 4391 1030 4439 ne
1044 4377 1169 4455 stipatus
1190 4375 1326 4436 miiitum
