<?xml version="1.0" encoding="UTF-8"?>
<!DOCTYPE html PUBLIC "-//W3C//DTD XHTML 1.0 Transitional//EN"
    "http://www.w3.org/TR/xhtml1/DTD/xhtml1-transitional.dtd">
<html xmlns="http://www.w3.org/1999/xhtml" xml:lang="en" lang="en">
 <head>
  <title>
</title>
<meta http-equiv="Content-Type" content="text/html;charset=utf-8" />
  <meta name='ocr-system' content='tesseract 3.04.00' />
  <meta name='ocr-capabilities' content='ocr_page ocr_carea ocr_par ocr_line ocrx_word'/>
</head>
<body>
  <div class='ocr_page' id='page_1' title='image "./historiaeseuvit00lippgoog_0743.png"; bbox 0 0 2920 4810; ppageno 0'>
   <div class='ocr_carea' id='block_1_1' title="bbox 174 289 1386 366">
    <p class='ocr_par' dir='ltr' id='par_1_1' title="bbox 174 289 1386 366">
     <span class='ocr_line' id='line_1_1' title="bbox 174 289 1386 366; baseline -0.011 -1"><span class='ocrx_word' id='word_1_1' title='bbox 174 298 255 366; x_wconf 75' lang='lat'><strong>998*</strong></span> <span class='ocrx_word' id='word_1_2' title='bbox 521 313 784 362; x_wconf 81' lang='lat' dir='ltr'><strong>uunnrnonoctuu</strong></span> <span class='ocrx_word' id='word_1_3' title='bbox 812 313 1028 361; x_wconf 80' lang='lat' dir='ltr'><strong>rnnusnnsnutc</strong></span> <span class='ocrx_word' id='word_1_4' title='bbox 1281 289 1386 354; x_wconf 76' lang='lat' dir='ltr'><strong>luit</strong></span> 
     </span>
    </p>
   </div>
   <div class='ocr_carea' id='block_1_2' title="bbox 15 387 1393 1038">
    <p class='ocr_par' dir='ltr' id='par_1_2' title="bbox 794 387 1390 477">
     <span class='ocr_line' id='line_1_2' title="bbox 794 387 1390 477; baseline -0.013 -21"><span class='ocrx_word' id='word_1_5' title='bbox 794 395 972 474; x_wconf 84' lang='lat' dir='ltr'><strong>quandoque</strong></span> <span class='ocrx_word' id='word_1_6' title='bbox 987 395 1079 458; x_wconf 87' lang='lat' dir='ltr'><strong>luerit</strong></span> <span class='ocrx_word' id='word_1_7' title='bbox 1101 395 1162 455; x_wconf 80' lang='lat' dir='ltr'><strong>unt</strong></span> <span class='ocrx_word' id='word_1_8' title='bbox 1182 406 1250 454; x_wconf 91' lang='lat' dir='ltr'><strong>cum</strong></span> <span class='ocrx_word' id='word_1_9' title='bbox 1270 387 1390 477; x_wconf 79' lang='lat' dir='ltr'><strong>beatoia·</strong></span> 
     </span>
    </p>

    <p class='ocr_par' dir='ltr' id='par_1_3' title="bbox 14 473 1393 1038">
     <span class='ocr_line' id='line_1_3' title="bbox 206 473 1388 542; baseline -0.012 -2"><span class='ocrx_word' id='word_1_10' title='bbox 206 479 237 542; x_wconf 88' lang='lat' dir='ltr'><strong>S.</strong></span> <span class='ocrx_word' id='word_1_11' title='bbox 261 475 489 540; x_wconf 76' lang='lat' dir='ltr'><strong>luminemus</strong></span> <span class='ocrx_word' id='word_1_12' title='bbox 509 473 682 538; x_wconf 80' lang='lat' dir='ltr'><strong>Ecuscmus.</strong></span> <span class='ocrx_word' id='word_1_13' title='bbox 794 475 900 537; x_wconf 87' lang='lat' dir='ltr'><strong>nuario</strong></span> <span class='ocrx_word' id='word_1_14' title='bbox 911 474 1012 536; x_wconf 70' lang='lat' dir='ltr'><strong>admse</strong></span> <span class='ocrx_word' id='word_1_15' title='bbox 1025 479 1130 536; x_wconf 83' lang='lat' dir='ltr'><strong>sancto</strong></span> <span class='ocrx_word' id='word_1_16' title='bbox 1144 473 1255 536; x_wconf 88' lang='lat' dir='ltr'><strong>Severo</strong></span> <span class='ocrx_word' id='word_1_17' title='bbox 1268 473 1388 536; x_wconf 82' lang='lat' dir='ltr'><strong>morienti,</strong></span> 
     </span>
     <span class='ocr_line' id='line_1_4' title="bbox 252 549 1390 649; baseline -0.01 -30"><span class='ocrx_word' id='word_1_18' title='bbox 252 584 562 649; x_wconf 54' lang='lat' dir='ltr'><strong>mmm-,mmm</strong></span> <span class='ocrx_word' id='word_1_19' title='bbox 575 581 643 644; x_wconf 43' lang='lat'><strong>200·</strong></span> <span class='ocrx_word' id='word_1_20' title='bbox 792 561 823 615; x_wconf 91' lang='lat' dir='ltr'><strong>et</strong></span> <span class='ocrx_word' id='word_1_21' title='bbox 853 556 971 616; x_wconf 90' lang='lat' dir='ltr'><strong>civitati</strong></span> <span class='ocrx_word' id='word_1_22' title='bbox 1002 554 1138 616; x_wconf 84' lang='lat' dir='ltr'><strong>obsessae</strong></span> <span class='ocrx_word' id='word_1_23' title='bbox 1167 551 1309 614; x_wconf 79' lang='lat' dir='ltr'><strong>auxilium</strong></span> <span class='ocrx_word' id='word_1_24' title='bbox 1333 549 1390 612; x_wconf 89' lang='lat' dir='ltr'><strong>leue</strong></span> 
     </span>
     <span class='ocr_line' id='line_1_5' title="bbox 792 630 1393 710; baseline -0.008 -17"><span class='ocrx_word' id='word_1_25' title='bbox 792 634 829 694; x_wconf 91' lang='lat' dir='ltr'><strong>de</strong></span> <span class='ocrx_word' id='word_1_26' title='bbox 858 632 959 706; x_wconf 91' lang='lat' dir='ltr'><strong>coelo,</strong></span> <span class='ocrx_word' id='word_1_27' title='bbox 984 635 1096 696; x_wconf 87' lang='lat' dir='ltr'><strong>idcirco</strong></span> <span class='ocrx_word' id='word_1_28' title='bbox 1124 630 1305 710; x_wconf 73' lang='lat' dir='ltr'>Neapolitani</span> <span class='ocrx_word' id='word_1_29' title='bbox 1334 631 1393 690; x_wconf 81' lang='lat' dir='ltr'><strong>circs</strong></span> 
     </span>
     <span class='ocr_line' id='line_1_6' title="bbox 169 708 1390 794; baseline -0.008 -14"><span class='ocrx_word' id='word_1_30' title='bbox 169 717 349 782; x_wconf 73' lang='lat' dir='ltr'><strong>Eiarinon.</strong></span> <span class='ocrx_word' id='word_1_31' title='bbox 373 715 550 794; x_wconf 90' lang='lat' dir='ltr'><strong>-Neapoli</strong></span> <span class='ocrx_word' id='word_1_32' title='bbox 581 719 610 778; x_wconf 95' lang='lat' dir='ltr'><strong>in</strong></span> <span class='ocrx_word' id='word_1_33' title='bbox 641 714 764 794; x_wconf 92' lang='lat' dir='ltr'><strong>Campa·</strong></span> <span class='ocrx_word' id='word_1_34' title='bbox 792 713 906 790; x_wconf 81' lang='lat' dir='ltr'><strong>aliique</strong></span> <span class='ocrx_word' id='word_1_35' title='bbox 938 713 1064 776; x_wconf 88' lang='lat' dir='ltr'><strong>finitimi</strong></span> <span class='ocrx_word' id='word_1_36' title='bbox 1096 711 1237 774; x_wconf 73' lang='lat' dir='ltr'><strong>Basilicas</strong></span> <span class='ocrx_word' id='word_1_37' title='bbox 1262 717 1290 772; x_wconf 90' lang='lat' dir='ltr'><strong>ei</strong></span> <span class='ocrx_word' id='word_1_38' title='bbox 1315 708 1390 786; x_wconf 86' lang='lat' dir='ltr'><strong>oppib</strong></span> 
     </span>
     <span class='ocr_line' id='line_1_7' title="bbox 130 790 1390 874; baseline -0.011 -12"><span class='ocrx_word' id='word_1_39' title='bbox 130 801 179 862; x_wconf 90' lang='lat' dir='ltr'><strong>uie</strong></span> <span class='ocrx_word' id='word_1_40' title='bbox 201 800 299 862; x_wconf 87' lang='lat' dir='ltr'><strong>saneti</strong></span> <span class='ocrx_word' id='word_1_41' title='bbox 319 798 482 860; x_wconf 77' lang='lat' dir='ltr'><strong>Aenianum</strong></span> <span class='ocrx_word' id='word_1_42' title='bbox 495 795 647 874; x_wconf 86' lang='lat' dir='ltr'><strong>Episcopi,</strong></span> <span class='ocrx_word' id='word_1_43' title='bbox 673 803 763 860; x_wconf 89' lang='lat' dir='ltr'><strong>mira·</strong></span> <span class='ocrx_word' id='word_1_44' title='bbox 793 793 938 870; x_wconf 83' lang='lat' dir='ltr'><strong>insignita</strong></span> <span class='ocrx_word' id='word_1_45' title='bbox 961 793 1126 872; x_wconf 69' lang='lat' dir='ltr'><strong>agrippini</strong></span> <span class='ocrx_word' id='word_1_46' title='bbox 1150 793 1273 854; x_wconf 91' lang='lat' dir='ltr'><strong>nomine</strong></span> <span class='ocrx_word' id='word_1_47' title='bbox 1289 790 1390 853; x_wconf 77' lang='lat' dir='ltr'><strong>aetite</strong></span> 
     </span>
     <span class='ocr_line' id='line_1_8' title="bbox 129 869 1389 950; baseline -0.011 -8.255"><span class='ocrx_word' id='word_1_48' title='bbox 129 878 300 942; x_wconf 88' lang='lat' dir='ltr'><strong>culisclari.</strong></span> <span class='ocrx_word' id='word_1_49' title='bbox 793 881 876 935; x_wconf 89' lang='lat' dir='ltr'><strong>runt.</strong></span> <span class='ocrx_word' id='word_1_50' title='bbox 898 871 990 950; x_wconf 80' lang='lat' dir='ltr'><strong>Cujus</strong></span> <span class='ocrx_word' id='word_1_51' title='bbox 1008 873 1135 936; x_wconf 87' lang='lat' dir='ltr'><strong>Sacrum</strong></span> <span class='ocrx_word' id='word_1_52' title='bbox 1159 871 1272 948; x_wconf 88' lang='lat' dir='ltr'><strong>Corpus</strong></span> <span class='ocrx_word' id='word_1_53' title='bbox 1290 869 1389 932; x_wconf 83' lang='lat' dir='ltr'><strong>subm</strong></span> 
     </span>
     <span class='ocr_line' id='line_1_9' title="bbox 15 951 1392 1038; baseline -0.01 -17"><span class='ocrx_word' id='word_1_54' title='bbox 15 959 18 987; x_wconf 79' lang='lat'>&#39;</span> <span class='ocrx_word' id='word_1_55' title='bbox 169 957 357 1038; x_wconf 67' lang='lat' dir='ltr'><strong>agrippinus</strong></span> <span class='ocrx_word' id='word_1_56' title='bbox 382 955 505 1035; x_wconf 77' lang='lat' dir='ltr'>Neapoli</span> <span class='ocrx_word' id='word_1_57' title='bbox 539 957 570 1017; x_wconf 93' lang='lat' dir='ltr'><strong>in</strong></span> <span class='ocrx_word' id='word_1_58' title='bbox 601 954 762 1033; x_wconf 80' lang='lat' dir='ltr'><strong>Campania</strong></span> <span class='ocrx_word' id='word_1_59' title='bbox 792 954 925 1034; x_wconf 79' lang='lat' dir='ltr'><strong>maxima</strong></span> <span class='ocrx_word' id='word_1_60' title='bbox 947 954 1091 1031; x_wconf 92' lang='lat' dir='ltr'><strong>principis</strong></span> <span class='ocrx_word' id='word_1_61' title='bbox 1113 951 1262 1015; x_wconf 78' lang='lat' dir='ltr'><strong>Ecclesiae</strong></span> <span class='ocrx_word' id='word_1_62' title='bbox 1283 963 1392 1014; x_wconf 84' lang='lat' dir='ltr'><strong>nunete-</strong></span> 
     </span>
    </p>
   </div>
   <div class='ocr_carea' id='block_1_3' title="bbox 14 1021 1392 1275">
    <p class='ocr_par' dir='ltr' id='par_1_4' title="bbox 14 1021 1392 1275">
     <span class='ocr_line' id='line_1_10' title="bbox 14 1021 1392 1115; baseline -0.012 -12"><span class='ocrx_word' id='word_1_63' title='bbox 14 1021 16 1060; x_wconf 72' lang='lat'><em>³</em></span> <span class='ocrx_word' id='word_1_64' title='bbox 130 1047 230 1113; x_wconf 88' lang='lat' dir='ltr'><strong>natus,</strong></span> <span class='ocrx_word' id='word_1_65' title='bbox 246 1055 261 1100; x_wconf 88' lang='lat' dir='ltr'><strong>a</strong></span> <span class='ocrx_word' id='word_1_66' title='bbox 279 1039 373 1115; x_wconf 84' lang='lat' dir='ltr'><strong>primo</strong></span> <span class='ocrx_word' id='word_1_67' title='bbox 389 1043 484 1098; x_wconf 90' lang='lat' dir='ltr'><strong>aetate</strong></span> <span class='ocrx_word' id='word_1_68' title='bbox 500 1033 676 1098; x_wconf 90' lang='lat' dir='ltr'><strong>Cbristianis</strong></span> <span class='ocrx_word' id='word_1_69' title='bbox 698 1035 762 1111; x_wconf 89' lang='lat' dir='ltr'><strong>llly-</strong></span> <span class='ocrx_word' id='word_1_70' title='bbox 793 1033 941 1095; x_wconf 89' lang='lat' dir='ltr'><strong>nerationi</strong></span> <span class='ocrx_word' id='word_1_71' title='bbox 958 1031 1094 1094; x_wconf 90' lang='lat' dir='ltr'><strong>babetur.</strong></span> <span class='ocrx_word' id='word_1_72' title='bbox 1116 1031 1178 1110; x_wconf 75' lang='lat' dir='ltr'><strong>(Ec</strong></span> <span class='ocrx_word' id='word_1_73' title='bbox 1191 1030 1284 1110; x_wconf 72' lang='lat' dir='ltr'><strong>officio</strong></span> <span class='ocrx_word' id='word_1_74' title='bbox 1300 1029 1392 1110; x_wconf 78' lang='lat' dir='ltr'><strong>proprii</strong></span> 
     </span>
     <span class='ocr_line' id='line_1_11' title="bbox 14 1111 1155 1195; baseline -0.006 -14"><span class='ocrx_word' id='word_1_75' title='bbox 14 1135 16 1162; x_wconf 55' lang='lat' dir='ltr'><strong>t</strong></span> <span class='ocrx_word' id='word_1_76' title='bbox 128 1119 229 1180; x_wconf 90' lang='lat' dir='ltr'><strong>storiis</strong></span> <span class='ocrx_word' id='word_1_77' title='bbox 245 1115 389 1195; x_wconf 82' lang='lat' dir='ltr'><strong>bonisque</strong></span> <span class='ocrx_word' id='word_1_78' title='bbox 405 1115 542 1177; x_wconf 87' lang='lat' dir='ltr'><strong>motibus</strong></span> <span class='ocrx_word' id='word_1_79' title='bbox 557 1115 701 1190; x_wconf 89' lang='lat' dir='ltr'><strong>imbutus,</strong></span> <span class='ocrx_word' id='word_1_80' title='bbox 719 1119 762 1180; x_wconf 84' lang='lat' dir='ltr'><strong>lu·</strong></span> <span class='ocrx_word' id='word_1_81' title='bbox 791 1112 874 1174; x_wconf 87' lang='lat' dir='ltr'><strong>Ecci.</strong></span> <span class='ocrx_word' id='word_1_82' title='bbox 890 1111 1067 1192; x_wconf 64' lang='lat' dir='ltr'><strong>Neapoli).</strong></span> <span class='ocrx_word' id='word_1_83' title='bbox 1151 1165 1155 1174; x_wconf 90' lang='lat'><strong>.</strong></span> 
     </span>
     <span class='ocr_line' id='line_1_12' title="bbox 14 1194 763 1275; baseline 0 -19"><span class='ocrx_word' id='word_1_84' title='bbox 14 1243 16 1256; x_wconf 82' lang='lat'><strong>.</strong></span> <span class='ocrx_word' id='word_1_85' title='bbox 130 1207 216 1260; x_wconf 89' lang='lat' dir='ltr'><strong>turae</strong></span> <span class='ocrx_word' id='word_1_86' title='bbox 230 1197 401 1258; x_wconf 72' lang='lat' dir='ltr'><strong>sanctitatis</strong></span> <span class='ocrx_word' id='word_1_87' title='bbox 420 1197 574 1275; x_wconf 79' lang='lat' dir='ltr'><strong>specimen</strong></span> <span class='ocrx_word' id='word_1_88' title='bbox 589 1195 682 1258; x_wconf 84' lang='lat' dir='ltr'><strong>dedit.</strong></span> <span class='ocrx_word' id='word_1_89' title='bbox 705 1194 763 1257; x_wconf 87' lang='lat' dir='ltr'><strong>Or·</strong></span> 
     </span>
    </p>
   </div>
   <div class='ocr_carea' id='block_1_4' title="bbox 129 1273 1359 1452">
    <p class='ocr_par' dir='ltr' id='par_1_5' title="bbox 14 1261 1359 1452">
     <span class='ocr_line' id='line_1_13' title="bbox 130 1273 1359 1372; baseline -0.009 -27.035"><span class='ocrx_word' id='word_1_90' title='bbox 130 1279 216 1342; x_wconf 89' lang='lat' dir='ltr'><strong>batus</strong></span> <span class='ocrx_word' id='word_1_91' title='bbox 243 1276 437 1368; x_wconf 78' lang='lat' dir='ltr'><strong>parentibus,</strong></span> <span class='ocrx_word' id='word_1_92' title='bbox 460 1273 762 1368; x_wconf 39' lang='lat' dir='ltr'><strong>Cbristinconsilium</strong></span> <span class='ocrx_word' id='word_1_93' title='bbox 846 1297 904 1361; x_wconf 38' lang='lat' dir='ltr'><strong>gg.</strong></span> <span class='ocrx_word' id='word_1_94' title='bbox 927 1296 1116 1362; x_wconf 62' lang='lat' dir='ltr'><strong>pus-som</strong></span> <span class='ocrx_word' id='word_1_95' title='bbox 1126 1299 1169 1372; x_wconf 46' lang='grc' dir='ltr'><strong>Α,</strong></span> <span class='ocrx_word' id='word_1_96' title='bbox 1186 1297 1273 1363; x_wconf 55' lang='lat'><strong>3031</strong></span> <span class='ocrx_word' id='word_1_97' title='bbox 1281 1296 1332 1359; x_wconf 63' lang='lat' dir='ltr'><strong>AN</strong></span> <span class='ocrx_word' id='word_1_98' title='bbox 1340 1295 1359 1357; x_wconf 62' lang='lat' dir='ltr'><strong>p</strong></span> 
     </span>
     <span class='ocr_line' id='line_1_14' title="bbox 129 1355 1311 1452; baseline -0.005 -34"><span class='ocrx_word' id='word_1_99' title='bbox 129 1362 346 1436; x_wconf 76' lang='lat' dir='ltr'><strong>sequutusctx</strong></span> <span class='ocrx_word' id='word_1_100' title='bbox 361 1355 417 1416; x_wconf 83' lang='lat' dir='ltr'><strong>sibi</strong></span> <span class='ocrx_word' id='word_1_101' title='bbox 436 1371 611 1418; x_wconf 88' lang='lat' dir='ltr'><strong>necessarus</strong></span> <span class='ocrx_word' id='word_1_102' title='bbox 625 1363 762 1426; x_wconf 83' lang='lat' dir='ltr'><strong>retentis,</strong></span> <span class='ocrx_word' id='word_1_103' title='bbox 903 1405 941 1450; x_wconf 59' lang='grc' dir='ltr'><strong>ΕΤ</strong></span> <span class='ocrx_word' id='word_1_104' title='bbox 963 1387 1137 1452; x_wconf 57' lang='grc' dir='ltr'><strong>ΞΟΡΑΤΗΑ</strong></span> <span class='ocrx_word' id='word_1_105' title='bbox 1159 1389 1311 1452; x_wconf 60' lang='lat' dir='ltr'><strong>vmfflffi</strong></span> 
     </span>
    </p>
   </div>
   <div class='ocr_carea' id='block_1_5' title="bbox 14 1433 763 1514">
    <p class='ocr_par' dir='ltr' id='par_1_6' title="bbox 14 1433 763 1514">
     <span class='ocr_line' id='line_1_15' title="bbox 14 1433 763 1514; baseline -0.007 -13"><span class='ocrx_word' id='word_1_106' title='bbox 14 1493 15 1500; x_wconf 74' lang='grc'>,</span> <span class='ocrx_word' id='word_1_107' title='bbox 131 1439 208 1501; x_wconf 91' lang='lat' dir='ltr'><strong>bona</strong></span> <span class='ocrx_word' id='word_1_108' title='bbox 225 1435 406 1514; x_wconf 88' lang='lat' dir='ltr'><strong>pauperibus</strong></span> <span class='ocrx_word' id='word_1_109' title='bbox 420 1433 568 1512; x_wconf 82' lang='lat' dir='ltr'><strong>elargitus</strong></span> <span class='ocrx_word' id='word_1_110' title='bbox 582 1441 642 1508; x_wconf 86' lang='lat' dir='ltr'><strong>est;</strong></span> <span class='ocrx_word' id='word_1_111' title='bbox 665 1442 763 1514; x_wconf 92' lang='lat' dir='ltr'><strong>pater·</strong></span> 
     </span>
    </p>
   </div>
   <div class='ocr_carea' id='block_1_6' title="bbox 127 1512 1398 4463">
    <p class='ocr_par' dir='ltr' id='par_1_7' title="bbox 129 1512 1351 1672">
     <span class='ocr_line' id='line_1_16' title="bbox 130 1512 1351 1589; baseline -0.002 -9"><span class='ocrx_word' id='word_1_112' title='bbox 130 1535 168 1580; x_wconf 91' lang='lat' dir='ltr'><strong>na</strong></span> <span class='ocrx_word' id='word_1_113' title='bbox 179 1517 269 1578; x_wconf 89' lang='lat' dir='ltr'><strong>etiam</strong></span> <span class='ocrx_word' id='word_1_114' title='bbox 281 1516 370 1576; x_wconf 90' lang='lat' dir='ltr'><strong>domo</strong></span> <span class='ocrx_word' id='word_1_115' title='bbox 382 1517 415 1577; x_wconf 92' lang='lat' dir='ltr'><strong>in</strong></span> <span class='ocrx_word' id='word_1_116' title='bbox 426 1512 596 1577; x_wconf 77' lang='lat' dir='ltr'><strong>maceriam</strong></span> <span class='ocrx_word' id='word_1_117' title='bbox 609 1529 762 1589; x_wconf 81' lang='lat' dir='ltr'><strong>conuersa,</strong></span> <span class='ocrx_word' id='word_1_118' title='bbox 856 1520 1004 1585; x_wconf 75' lang='lat' dir='ltr'><strong>Obiarunt</strong></span> <span class='ocrx_word' id='word_1_119' title='bbox 1018 1523 1139 1586; x_wconf 76' lang='lat' dir='ltr'><strong>saecuto</strong></span> <span class='ocrx_word' id='word_1_120' title='bbox 1160 1524 1220 1587; x_wconf 77' lang='lat' dir='ltr'><strong>Vn</strong></span> <span class='ocrx_word' id='word_1_121' title='bbox 1231 1524 1351 1585; x_wconf 71' lang='lat' dir='ltr'><strong>imane.</strong></span> 
     </span>
     <span class='ocr_line' id='line_1_17' title="bbox 129 1595 762 1672; baseline -0.003 -14"><span class='ocrx_word' id='word_1_122' title='bbox 129 1612 165 1658; x_wconf 90' lang='lat' dir='ltr'><strong>eo</strong></span> <span class='ocrx_word' id='word_1_123' title='bbox 178 1599 232 1658; x_wconf 85' lang='lat' dir='ltr'><strong>situ</strong></span> <span class='ocrx_word' id='word_1_124' title='bbox 250 1597 281 1656; x_wconf 93' lang='lat' dir='ltr'><strong>in</strong></span> <span class='ocrx_word' id='word_1_125' title='bbox 297 1595 374 1668; x_wconf 89' lang='lat' dir='ltr'><strong>loco,</strong></span> <span class='ocrx_word' id='word_1_126' title='bbox 391 1599 423 1656; x_wconf 92' lang='lat' dir='ltr'><strong>in</strong></span> <span class='ocrx_word' id='word_1_127' title='bbox 438 1611 499 1672; x_wconf 80' lang='lat' dir='ltr'><strong>uuo</strong></span> <span class='ocrx_word' id='word_1_128' title='bbox 514 1601 612 1671; x_wconf 89' lang='lat' dir='ltr'><strong>postea</strong></span> <span class='ocrx_word' id='word_1_129' title='bbox 628 1601 762 1656; x_wconf 80' lang='lat' dir='ltr'><strong>extructa</strong></span> 
     </span>
    </p>

    <p class='ocr_par' dir='ltr' id='par_1_8' title="bbox 128 1673 1397 1992">
     <span class='ocr_line' id='line_1_18' title="bbox 129 1673 1396 1754; baseline -0.004 -17"><span class='ocrx_word' id='word_1_130' title='bbox 129 1676 253 1740; x_wconf 88' lang='lat' dir='ltr'><strong>Basilica</strong></span> <span class='ocrx_word' id='word_1_131' title='bbox 278 1673 358 1738; x_wconf 90' lang='lat' dir='ltr'><strong>beati</strong></span> <span class='ocrx_word' id='word_1_132' title='bbox 384 1675 544 1753; x_wconf 80' lang='lat' dir='ltr'><strong>Agrippini</strong></span> <span class='ocrx_word' id='word_1_133' title='bbox 568 1674 692 1735; x_wconf 90' lang='lat' dir='ltr'><strong>nomino</strong></span> <span class='ocrx_word' id='word_1_134' title='bbox 713 1674 763 1736; x_wconf 89' lang='lat' dir='ltr'><strong>de·</strong></span> <span class='ocrx_word' id='word_1_135' title='bbox 831 1675 1011 1737; x_wconf 81' lang='lat' dir='ltr'><strong>Enarrnon.</strong></span> <span class='ocrx_word' id='word_1_136' title='bbox 1028 1709 1065 1722; x_wconf 88' lang='lat'>-</span> <span class='ocrx_word' id='word_1_137' title='bbox 1081 1673 1336 1754; x_wconf 82' lang='lat' dir='ltr'><strong>Constantinopoli</strong></span> <span class='ocrx_word' id='word_1_138' title='bbox 1352 1687 1396 1734; x_wconf 87' lang='lat' dir='ltr'><strong>san·</strong></span> 
     </span>
     <span class='ocr_line' id='line_1_19' title="bbox 128 1753 1397 1832; baseline -0.003 -16"><span class='ocrx_word' id='word_1_139' title='bbox 128 1755 226 1818; x_wconf 90' lang='lat' dir='ltr'><strong>dicata</strong></span> <span class='ocrx_word' id='word_1_140' title='bbox 253 1762 306 1816; x_wconf 90' lang='lat' dir='ltr'><strong>est.</strong></span> <span class='ocrx_word' id='word_1_141' title='bbox 328 1753 361 1816; x_wconf 92' lang='lat' dir='ltr'><strong>ln</strong></span> <span class='ocrx_word' id='word_1_142' title='bbox 390 1754 542 1816; x_wconf 80' lang='lat' dir='ltr'><strong>demortui</strong></span> <span class='ocrx_word' id='word_1_143' title='bbox 574 1753 761 1830; x_wconf 88' lang='lat' dir='ltr'><strong>Neapolitani</strong></span> <span class='ocrx_word' id='word_1_144' title='bbox 792 1761 909 1817; x_wconf 88' lang='lat' dir='ltr'><strong>uturum</strong></span> <span class='ocrx_word' id='word_1_145' title='bbox 931 1755 1095 1832; x_wconf 80' lang='lat' dir='ltr'><strong>virgiuum</strong></span> <span class='ocrx_word' id='word_1_146' title='bbox 1118 1755 1299 1828; x_wconf 79' lang='lat' dir='ltr'><strong>Eusconrsn,</strong></span> <span class='ocrx_word' id='word_1_147' title='bbox 1324 1755 1397 1815; x_wconf 80' lang='lat' dir='ltr'><strong>Rorn-</strong></span> 
     </span>
     <span class='ocr_line' id='line_1_20' title="bbox 132 1832 1397 1912; baseline -0.003 -16"><span class='ocrx_word' id='word_1_148' title='bbox 132 1833 761 1912; x_wconf 80' lang='lat' dir='ltr'><strong>Antistitis,AntoninoPioimperaute,ad</strong></span> <span class='ocrx_word' id='word_1_149' title='bbox 794 1832 1397 1899; x_wconf 71' lang='lat' dir='ltr'><strong>uacetSonnrmfiliarurnllauritiiln·</strong></span> 
     </span>
     <span class='ocr_line' id='line_1_21' title="bbox 131 1914 1242 1992; baseline -0.005 -14"><span class='ocrx_word' id='word_1_150' title='bbox 131 1915 290 1978; x_wconf 83' lang='lat' dir='ltr'><strong>celsiorem</strong></span> <span class='ocrx_word' id='word_1_151' title='bbox 313 1914 413 1976; x_wconf 90' lang='lat' dir='ltr'><strong>lucum</strong></span> <span class='ocrx_word' id='word_1_152' title='bbox 436 1920 581 1986; x_wconf 85' lang='lat' dir='ltr'><strong>evectus,</strong></span> <span class='ocrx_word' id='word_1_153' title='bbox 605 1914 764 1990; x_wconf 88' lang='lat' dir='ltr'><strong>praeclaris</strong></span> <span class='ocrx_word' id='word_1_154' title='bbox 793 1915 951 1992; x_wconf 89' lang='lat' dir='ltr'><strong>peratoris.</strong></span> <span class='ocrx_word' id='word_1_155' title='bbox 1236 1959 1242 1972; x_wconf 94' lang='lat'><strong>.</strong></span> 
     </span>
    </p>

    <p class='ocr_par' dir='ltr' id='par_1_9' title="bbox 129 1993 1398 3028">
     <span class='ocr_line' id='line_1_22' title="bbox 131 1993 1397 2074; baseline -0.006 -18"><span class='ocrx_word' id='word_1_156' title='bbox 131 1995 229 2074; x_wconf 81' lang='lat' dir='ltr'><strong>magis</strong></span> <span class='ocrx_word' id='word_1_157' title='bbox 254 1996 409 2073; x_wconf 78' lang='lat' dir='ltr'><strong>magisque</strong></span> <span class='ocrx_word' id='word_1_158' title='bbox 438 1993 605 2055; x_wconf 89' lang='lat' dir='ltr'><strong>virtutibus</strong></span> <span class='ocrx_word' id='word_1_159' title='bbox 624 1995 763 2067; x_wconf 87' lang='lat' dir='ltr'><strong>emicuit,</strong></span> <span class='ocrx_word' id='word_1_160' title='bbox 832 1994 875 2054; x_wconf 85' lang='lat' dir='ltr'><strong>Ex</strong></span> <span class='ocrx_word' id='word_1_161' title='bbox 893 1994 939 2072; x_wconf 88' lang='lat' dir='ltr'><strong>pia</strong></span> <span class='ocrx_word' id='word_1_162' title='bbox 964 1994 1097 2056; x_wconf 84' lang='lat' dir='ltr'><strong>Macrritii</strong></span> <span class='ocrx_word' id='word_1_163' title='bbox 1124 1994 1241 2058; x_wconf 82' lang='lat' dir='ltr'><strong>tamilla</strong></span> <span class='ocrx_word' id='word_1_164' title='bbox 1271 1994 1397 2074; x_wconf 80' lang='lat' dir='ltr'><strong>pleraeque</strong></span> 
     </span>
     <span class='ocr_line' id='line_1_23' title="bbox 130 2074 1396 2153; baseline -0.007 -17"><span class='ocrx_word' id='word_1_165' title='bbox 130 2075 337 2153; x_wconf 79' lang='lat' dir='ltr'><strong>quibusantea</strong></span> <span class='ocrx_word' id='word_1_166' title='bbox 354 2077 385 2135; x_wconf 91' lang='lat' dir='ltr'><strong>in</strong></span> <span class='ocrx_word' id='word_1_167' title='bbox 401 2075 517 2151; x_wconf 86' lang='lat' dir='ltr'><strong>privata</strong></span> <span class='ocrx_word' id='word_1_168' title='bbox 533 2074 595 2135; x_wconf 88' lang='lat' dir='ltr'><strong>vitu</strong></span> <span class='ocrx_word' id='word_1_169' title='bbox 611 2081 671 2135; x_wconf 88' lang='lat' dir='ltr'><strong>tam</strong></span> <span class='ocrx_word' id='word_1_170' title='bbox 687 2075 764 2136; x_wconf 93' lang='lat' dir='ltr'><strong>mire</strong></span> <span class='ocrx_word' id='word_1_171' title='bbox 794 2075 901 2150; x_wconf 88' lang='lat' dir='ltr'><strong>pietate</strong></span> <span class='ocrx_word' id='word_1_172' title='bbox 931 2075 1067 2152; x_wconf 81' lang='lat' dir='ltr'><strong>insignes</strong></span> <span class='ocrx_word' id='word_1_173' title='bbox 1095 2076 1253 2137; x_wconf 76' lang='lat' dir='ltr'><strong>foeminae</strong></span> <span class='ocrx_word' id='word_1_174' title='bbox 1278 2075 1396 2136; x_wconf 83' lang='lat' dir='ltr'><strong>extitere:</strong></span> 
     </span>
     <span class='ocr_line' id='line_1_24' title="bbox 130 2151 1397 2230; baseline -0.006 -14"><span class='ocrx_word' id='word_1_175' title='bbox 130 2155 296 2216; x_wconf 82' lang='lat' dir='ltr'><strong>ettuiserat.</strong></span> <span class='ocrx_word' id='word_1_176' title='bbox 322 2153 354 2216; x_wconf 92' lang='lat' dir='ltr'><strong>ln</strong></span> <span class='ocrx_word' id='word_1_177' title='bbox 370 2151 509 2230; x_wconf 89' lang='lat' dir='ltr'><strong>pastorali</strong></span> <span class='ocrx_word' id='word_1_178' title='bbox 531 2153 629 2214; x_wconf 90' lang='lat' dir='ltr'><strong>oiilcio</strong></span> <span class='ocrx_word' id='word_1_179' title='bbox 656 2168 765 2214; x_wconf 92' lang='lat' dir='ltr'><strong>omnes</strong></span> <span class='ocrx_word' id='word_1_180' title='bbox 792 2162 921 2215; x_wconf 87' lang='lat' dir='ltr'><strong>exornat</strong></span> <span class='ocrx_word' id='word_1_181' title='bbox 948 2171 1022 2215; x_wconf 88' lang='lat' dir='ltr'><strong>vero</strong></span> <span class='ocrx_word' id='word_1_182' title='bbox 1057 2153 1281 2216; x_wconf 82' lang='lat' dir='ltr'><strong>Ecclesiasticus</strong></span> <span class='ocrx_word' id='word_1_183' title='bbox 1312 2151 1397 2214; x_wconf 84' lang='lat' dir='ltr'><strong>tabulas</strong></span> 
     </span>
     <span class='ocr_line' id='line_1_25' title="bbox 131 2231 1398 2306; baseline -0.003 -12"><span class='ocrx_word' id='word_1_184' title='bbox 131 2241 259 2296; x_wconf 91' lang='lat' dir='ltr'><strong>conatus</strong></span> <span class='ocrx_word' id='word_1_185' title='bbox 271 2251 307 2296; x_wconf 93' lang='lat' dir='ltr'><strong>eo</strong></span> <span class='ocrx_word' id='word_1_186' title='bbox 321 2233 466 2299; x_wconf 77' lang='lat' dir='ltr'><strong>intendit.</strong></span> <span class='ocrx_word' id='word_1_187' title='bbox 488 2239 521 2294; x_wconf 88' lang='lat' dir='ltr'><strong>ut</strong></span> <span class='ocrx_word' id='word_1_188' title='bbox 545 2233 672 2294; x_wconf 80' lang='lat' dir='ltr'><strong>Divinus</strong></span> <span class='ocrx_word' id='word_1_189' title='bbox 697 2231 764 2294; x_wconf 89' lang='lat' dir='ltr'><strong>Cul-</strong></span> <span class='ocrx_word' id='word_1_190' title='bbox 794 2240 860 2294; x_wconf 89' lang='lat' dir='ltr'><strong>tum</strong></span> <span class='ocrx_word' id='word_1_191' title='bbox 876 2231 1060 2296; x_wconf 87' lang='lat' dir='ltr'><strong>Graecorum</strong></span> <span class='ocrx_word' id='word_1_192' title='bbox 1077 2242 1143 2295; x_wconf 92' lang='lat' dir='ltr'><strong>tum</strong></span> <span class='ocrx_word' id='word_1_193' title='bbox 1161 2233 1334 2296; x_wconf 85' lang='lat' dir='ltr'><strong>Latinorum</strong></span> <span class='ocrx_word' id='word_1_194' title='bbox 1347 2231 1398 2306; x_wconf 78' lang='lat' dir='ltr'><strong>ejus</strong></span> 
     </span>
     <span class='ocr_line' id='line_1_26' title="bbox 131 2310 1397 2390; baseline -0.003 -17"><span class='ocrx_word' id='word_1_195' title='bbox 131 2323 179 2374; x_wconf 91' lang='lat' dir='ltr'><strong>tus</strong></span> <span class='ocrx_word' id='word_1_196' title='bbox 203 2321 379 2388; x_wconf 73' lang='lat' dir='ltr'><strong>augeretur.</strong></span> <span class='ocrx_word' id='word_1_197' title='bbox 400 2321 432 2374; x_wconf 91' lang='lat' dir='ltr'><strong>et</strong></span> <span class='ocrx_word' id='word_1_198' title='bbox 454 2310 622 2374; x_wconf 83' lang='lat' dir='ltr'><strong>Christiana</strong></span> <span class='ocrx_word' id='word_1_199' title='bbox 645 2311 765 2389; x_wconf 79' lang='lat' dir='ltr'><strong>Religio</strong></span> <span class='ocrx_word' id='word_1_200' title='bbox 793 2313 1083 2390; x_wconf 77' lang='lat' dir='ltr'><strong>demntiasopatra</strong></span> <span class='ocrx_word' id='word_1_201' title='bbox 1098 2315 1397 2386; x_wconf 82' lang='lat' dir='ltr'><strong>nomine,sanctisrm</strong></span> 
     </span>
     <span class='ocr_line' id='line_1_27' title="bbox 131 2392 1397 2470; baseline -0.004 -16"><span class='ocrx_word' id='word_1_202' title='bbox 131 2393 244 2455; x_wconf 89' lang='lat' dir='ltr'><strong>illibata</strong></span> <span class='ocrx_word' id='word_1_203' title='bbox 269 2394 404 2464; x_wconf 90' lang='lat' dir='ltr'><strong>lloreret,</strong></span> <span class='ocrx_word' id='word_1_204' title='bbox 431 2407 466 2452; x_wconf 91' lang='lat' dir='ltr'><strong>eo</strong></span> <span class='ocrx_word' id='word_1_205' title='bbox 481 2393 668 2470; x_wconf 90' lang='lat' dir='ltr'><strong>potissimum</strong></span> <span class='ocrx_word' id='word_1_206' title='bbox 694 2401 766 2454; x_wconf 90' lang='lat' dir='ltr'><strong>tem·</strong></span> <span class='ocrx_word' id='word_1_207' title='bbox 794 2392 894 2470; x_wconf 85' lang='lat' dir='ltr'><strong>virgo,</strong></span> <span class='ocrx_word' id='word_1_208' title='bbox 911 2394 992 2454; x_wconf 88' lang='lat' dir='ltr'><strong>inter</strong></span> <span class='ocrx_word' id='word_1_209' title='bbox 1006 2402 1125 2454; x_wconf 89' lang='lat' dir='ltr'><strong>sanctos</strong></span> <span class='ocrx_word' id='word_1_210' title='bbox 1138 2393 1245 2466; x_wconf 86' lang='lat' dir='ltr'><strong>relata,</strong></span> <span class='ocrx_word' id='word_1_211' title='bbox 1258 2394 1397 2454; x_wconf 80' lang='lat' dir='ltr'><strong>anniversa·</strong></span> 
     </span>
     <span class='ocr_line' id='line_1_28' title="bbox 131 2468 1397 2551; baseline -0.006 -17"><span class='ocrx_word' id='word_1_212' title='bbox 131 2489 214 2550; x_wconf 92' lang='lat' dir='ltr'><strong>pore,</strong></span> <span class='ocrx_word' id='word_1_213' title='bbox 243 2489 303 2549; x_wconf 85' lang='lat' dir='ltr'><strong>ouo</strong></span> <span class='ocrx_word' id='word_1_214' title='bbox 331 2473 480 2534; x_wconf 88' lang='lat' dir='ltr'><strong>Haeretici</strong></span> <span class='ocrx_word' id='word_1_215' title='bbox 510 2471 589 2534; x_wconf 79' lang='lat' dir='ltr'><strong>salsis</strong></span> <span class='ocrx_word' id='word_1_216' title='bbox 616 2471 765 2534; x_wconf 89' lang='lat' dir='ltr'><strong>doctrinis</strong></span> <span class='ocrx_word' id='word_1_217' title='bbox 794 2474 901 2551; x_wconf 82' lang='lat' dir='ltr'><strong>niaque</strong></span> <span class='ocrx_word' id='word_1_218' title='bbox 924 2474 1218 2534; x_wconf 85' lang='lat' dir='ltr'><strong>commemoratione</strong></span> <span class='ocrx_word' id='word_1_219' title='bbox 1241 2473 1340 2535; x_wconf 83' lang='lat' dir='ltr'><strong>donata</strong></span> <span class='ocrx_word' id='word_1_220' title='bbox 1358 2468 1397 2530; x_wconf 89' lang='lat' dir='ltr'><strong>unl</strong></span> 
     </span>
     <span class='ocr_line' id='line_1_29' title="bbox 132 2549 1396 2630; baseline -0.004 -17"><span class='ocrx_word' id='word_1_221' title='bbox 132 2555 259 2629; x_wconf 88' lang='lat' dir='ltr'><strong>perdere</strong></span> <span class='ocrx_word' id='word_1_222' title='bbox 280 2553 408 2625; x_wconf 88' lang='lat' dir='ltr'><strong>animas,</strong></span> <span class='ocrx_word' id='word_1_223' title='bbox 429 2559 461 2612; x_wconf 92' lang='lat' dir='ltr'><strong>et</strong></span> <span class='ocrx_word' id='word_1_224' title='bbox 474 2549 585 2612; x_wconf 84' lang='lat' dir='ltr'><strong>Christi</strong></span> <span class='ocrx_word' id='word_1_225' title='bbox 611 2569 683 2613; x_wconf 90' lang='lat' dir='ltr'><strong>oves</strong></span> <span class='ocrx_word' id='word_1_226' title='bbox 703 2567 764 2614; x_wconf 88' lang='lat' dir='ltr'><strong>ma·</strong></span> <span class='ocrx_word' id='word_1_227' title='bbox 793 2567 864 2614; x_wconf 92' lang='lat' dir='ltr'><strong>cum</strong></span> <span class='ocrx_word' id='word_1_228' title='bbox 894 2551 1024 2614; x_wconf 86' lang='lat' dir='ltr'><strong>Eustolie</strong></span> <span class='ocrx_word' id='word_1_229' title='bbox 1058 2559 1088 2613; x_wconf 91' lang='lat' dir='ltr'><strong>et</strong></span> <span class='ocrx_word' id='word_1_230' title='bbox 1114 2551 1275 2626; x_wconf 84' lang='lat' dir='ltr'><strong>Rottrane,</strong></span> <span class='ocrx_word' id='word_1_231' title='bbox 1299 2561 1396 2630; x_wconf 81' lang='lat' dir='ltr'><strong>puarnn</strong></span> 
     </span>
     <span class='ocr_line' id='line_1_30' title="bbox 131 2629 1395 2710; baseline -0.008 -16"><span class='ocrx_word' id='word_1_232' title='bbox 131 2639 213 2694; x_wconf 88' lang='lat' dir='ltr'><strong>ctare</strong></span> <span class='ocrx_word' id='word_1_233' title='bbox 237 2631 476 2710; x_wconf 78' lang='lat' dir='ltr'><strong>contendebant:</strong></span> <span class='ocrx_word' id='word_1_234' title='bbox 504 2629 541 2692; x_wconf 91' lang='lat' dir='ltr'><strong>ad</strong></span> <span class='ocrx_word' id='word_1_235' title='bbox 566 2647 641 2709; x_wconf 80' lang='lat' dir='ltr'><strong>qtlos</strong></span> <span class='ocrx_word' id='word_1_236' title='bbox 661 2631 766 2693; x_wconf 87' lang='lat' dir='ltr'><strong>conlu-</strong></span> <span class='ocrx_word' id='word_1_237' title='bbox 796 2631 902 2695; x_wconf 87' lang='lat' dir='ltr'><strong>natalis</strong></span> <span class='ocrx_word' id='word_1_238' title='bbox 927 2631 957 2693; x_wconf 92' lang='lat' dir='ltr'><strong>in</strong></span> <span class='ocrx_word' id='word_1_239' title='bbox 984 2631 1114 2694; x_wconf 84' lang='lat' dir='ltr'><strong>Ecclesia</strong></span> <span class='ocrx_word' id='word_1_240' title='bbox 1143 2633 1252 2710; x_wconf 84' lang='lat' dir='ltr'><strong>agitur</strong></span> <span class='ocrx_word' id='word_1_241' title='bbox 1278 2633 1323 2694; x_wconf 91' lang='lat' dir='ltr'><strong>die</strong></span> <span class='ocrx_word' id='word_1_242' title='bbox 1341 2639 1395 2690; x_wconf 86' lang='lat' dir='ltr'><strong>nont</strong></span> 
     </span>
     <span class='ocr_line' id='line_1_31' title="bbox 132 2709 1397 2775; baseline -0.006 -3"><span class='ocrx_word' id='word_1_243' title='bbox 132 2713 237 2775; x_wconf 91' lang='lat' dir='ltr'><strong>taudos</strong></span> <span class='ocrx_word' id='word_1_244' title='bbox 260 2717 383 2774; x_wconf 85' lang='lat' dir='ltr'><strong>sanctus</strong></span> <span class='ocrx_word' id='word_1_245' title='bbox 402 2709 488 2772; x_wconf 85' lang='lat' dir='ltr'><strong>Soter</strong></span> <span class='ocrx_word' id='word_1_246' title='bbox 512 2710 648 2772; x_wconf 87' lang='lat' dir='ltr'><strong>Pontilex</strong></span> <span class='ocrx_word' id='word_1_247' title='bbox 673 2712 765 2774; x_wconf 78' lang='lat' dir='ltr'><strong>ttuxi-</strong></span> <span class='ocrx_word' id='word_1_248' title='bbox 793 2709 985 2774; x_wconf 83' lang='lat' dir='ltr'><strong>Novembris.</strong></span> <span class='ocrx_word' id='word_1_249' title='bbox 999 2745 1036 2756; x_wconf 89' lang='lat'>-</span> <span class='ocrx_word' id='word_1_250' title='bbox 1052 2711 1091 2774; x_wconf 89' lang='lat' dir='ltr'><strong>lte</strong></span> <span class='ocrx_word' id='word_1_251' title='bbox 1108 2711 1262 2774; x_wconf 87' lang='lat' dir='ltr'><strong>Beronius</strong></span> <span class='ocrx_word' id='word_1_252' title='bbox 1277 2714 1305 2772; x_wconf 94' lang='lat' dir='ltr'><strong>in</strong></span> <span class='ocrx_word' id='word_1_253' title='bbox 1319 2711 1397 2772; x_wconf 78' lang='lat' dir='ltr'><strong>Atreu·</strong></span> 
     </span>
     <span class='ocr_line' id='line_1_32' title="bbox 131 2789 1396 2869; baseline -0.008 -16"><span class='ocrx_word' id='word_1_254' title='bbox 131 2807 199 2855; x_wconf 93' lang='lat' dir='ltr'><strong>mus</strong></span> <span class='ocrx_word' id='word_1_255' title='bbox 213 2792 377 2854; x_wconf 88' lang='lat' dir='ltr'><strong>salutarem</strong></span> <span class='ocrx_word' id='word_1_256' title='bbox 388 2791 471 2852; x_wconf 87' lang='lat' dir='ltr'><strong>dedit</strong></span> <span class='ocrx_word' id='word_1_257' title='bbox 482 2790 650 2868; x_wconf 85' lang='lat' dir='ltr'><strong>epistolam,</strong></span> <span class='ocrx_word' id='word_1_258' title='bbox 661 2791 763 2852; x_wconf 90' lang='lat' dir='ltr'><strong>admo·</strong></span> <span class='ocrx_word' id='word_1_259' title='bbox 793 2789 887 2866; x_wconf 67' lang='lat' dir='ltr'><strong>lidus·</strong></span> <span class='ocrx_word' id='word_1_260' title='bbox 902 2807 957 2853; x_wconf 93' lang='lat' dir='ltr'><strong>uec</strong></span> <span class='ocrx_word' id='word_1_261' title='bbox 972 2792 1138 2869; x_wconf 79' lang='lat' dir='ltr'><strong>quidquam</strong></span> <span class='ocrx_word' id='word_1_262' title='bbox 1155 2791 1239 2854; x_wconf 90' lang='lat' dir='ltr'><strong>alind</strong></span> <span class='ocrx_word' id='word_1_263' title='bbox 1254 2791 1289 2854; x_wconf 89' lang='lat' dir='ltr'><strong>de</strong></span> <span class='ocrx_word' id='word_1_264' title='bbox 1303 2791 1396 2851; x_wconf 86' lang='lat' dir='ltr'><strong>bissan·</strong></span> 
     </span>
     <span class='ocr_line' id='line_1_33' title="bbox 132 2868 1388 2952; baseline -0.008 -18"><span class='ocrx_word' id='word_1_265' title='bbox 132 2888 207 2934; x_wconf 92' lang='lat' dir='ltr'><strong>nens</strong></span> <span class='ocrx_word' id='word_1_266' title='bbox 222 2871 425 2949; x_wconf 77' lang='lat' dir='ltr'><strong>Agrippinum</strong></span> <span class='ocrx_word' id='word_1_267' title='bbox 437 2870 572 2948; x_wconf 83' lang='lat' dir='ltr'><strong>aliosque</strong></span> <span class='ocrx_word' id='word_1_268' title='bbox 585 2868 764 2947; x_wconf 85' lang='lat' dir='ltr'><strong>Campaniae</strong></span> <span class='ocrx_word' id='word_1_269' title='bbox 793 2875 849 2933; x_wconf 90' lang='lat' dir='ltr'><strong>ctis</strong></span> <span class='ocrx_word' id='word_1_270' title='bbox 862 2871 1044 2948; x_wconf 81' lang='lat' dir='ltr'><strong>Virginibus</strong></span> <span class='ocrx_word' id='word_1_271' title='bbox 1057 2871 1145 2932; x_wconf 92' lang='lat' dir='ltr'><strong>nobis</strong></span> <span class='ocrx_word' id='word_1_272' title='bbox 1157 2878 1205 2933; x_wconf 92' lang='lat' dir='ltr'><strong>est</strong></span> <span class='ocrx_word' id='word_1_273' title='bbox 1216 2879 1388 2952; x_wconf 85' lang='lat' dir='ltr'><strong>compertum.</strong></span> 
     </span>
     <span class='ocr_line' id='line_1_34' title="bbox 129 2949 765 3028; baseline 0 -16"><span class='ocrx_word' id='word_1_274' title='bbox 129 2951 297 3023; x_wconf 82' lang='lat' dir='ltr'><strong>Prasstilos,</strong></span> <span class='ocrx_word' id='word_1_275' title='bbox 320 2961 351 3012; x_wconf 91' lang='lat' dir='ltr'><strong>ut</strong></span> <span class='ocrx_word' id='word_1_276' title='bbox 365 2949 528 3028; x_wconf 81' lang='lat' dir='ltr'><strong>pervigiles</strong></span> <span class='ocrx_word' id='word_1_277' title='bbox 548 2953 703 3026; x_wconf 85' lang='lat' dir='ltr'><strong>caverent,</strong></span> <span class='ocrx_word' id='word_1_278' title='bbox 726 2967 765 3012; x_wconf 90' lang='lat' dir='ltr'><strong>ne</strong></span> 
     </span>
    </p>

    <p class='ocr_par' dir='ltr' id='par_1_10' title="bbox 127 3029 1396 4463">
     <span class='ocr_line' id='line_1_35' title="bbox 129 3029 1396 3108; baseline -0.009 -16"><span class='ocrx_word' id='word_1_279' title='bbox 129 3029 315 3094; x_wconf 88' lang='lat' dir='ltr'><strong>claudestina</strong></span> <span class='ocrx_word' id='word_1_280' title='bbox 333 3029 477 3107; x_wconf 83' lang='lat' dir='ltr'><strong>perfidiae</strong></span> <span class='ocrx_word' id='word_1_281' title='bbox 493 3029 558 3091; x_wconf 88' lang='lat' dir='ltr'><strong>lues</strong></span> <span class='ocrx_word' id='word_1_282' title='bbox 586 3031 765 3092; x_wconf 88' lang='lat' dir='ltr'><strong>commissos</strong></span> <span class='ocrx_word' id='word_1_283' title='bbox 833 3065 871 3078; x_wconf 93' lang='lat'><em>-</em></span> <span class='ocrx_word' id='word_1_284' title='bbox 893 3031 995 3108; x_wconf 73' lang='lat' dir='ltr'><strong>Beryti</strong></span> <span class='ocrx_word' id='word_1_285' title='bbox 1026 3033 1057 3091; x_wconf 95' lang='lat' dir='ltr'><strong>in</strong></span> <span class='ocrx_word' id='word_1_286' title='bbox 1084 3029 1170 3104; x_wconf 74' lang='lat' dir='ltr'><strong>Syria</strong></span> <span class='ocrx_word' id='word_1_287' title='bbox 1195 3029 1396 3094; x_wconf 74' lang='lat' dir='ltr'><strong>Consuescet</strong></span> 
     </span>
     <span class='ocr_line' id='line_1_36' title="bbox 131 3103 1396 3188; baseline -0.01 -16"><span class='ocrx_word' id='word_1_288' title='bbox 131 3113 162 3172; x_wconf 93' lang='lat' dir='ltr'><strong>in</strong></span> <span class='ocrx_word' id='word_1_289' title='bbox 178 3126 286 3186; x_wconf 71' lang='lat' dir='ltr'><strong>greges</strong></span> <span class='ocrx_word' id='word_1_290' title='bbox 315 3117 512 3184; x_wconf 83' lang='lat' dir='ltr'><strong>grassaretur.</strong></span> <span class='ocrx_word' id='word_1_291' title='bbox 542 3106 624 3181; x_wconf 81' lang='lat' dir='ltr'><strong>Quod</strong></span> <span class='ocrx_word' id='word_1_292' title='bbox 645 3117 765 3172; x_wconf 90' lang='lat' dir='ltr'><strong>sanctus</strong></span> <span class='ocrx_word' id='word_1_293' title='bbox 793 3111 932 3176; x_wconf 80' lang='lat' dir='ltr'><strong>lunetms</strong></span> <span class='ocrx_word' id='word_1_294' title='bbox 951 3111 1141 3173; x_wconf 80' lang='lat' dir='ltr'><strong>Sntvanonrs</strong></span> <span class='ocrx_word' id='word_1_295' title='bbox 1161 3127 1240 3188; x_wconf 82' lang='lat' dir='ltr'><strong>unae</strong></span> <span class='ocrx_word' id='word_1_296' title='bbox 1266 3127 1281 3172; x_wconf 88' lang='lat' dir='ltr'><strong>a</strong></span> <span class='ocrx_word' id='word_1_297' title='bbox 1307 3103 1396 3168; x_wconf 85' lang='lat' dir='ltr'><strong>iudaeis</strong></span> 
     </span>
     <span class='ocr_line' id='line_1_37' title="bbox 129 3187 1395 3267; baseline -0.007 -16"><span class='ocrx_word' id='word_1_298' title='bbox 129 3190 304 3252; x_wconf 75' lang='lat' dir='ltr'><strong>Antisteset</strong></span> <span class='ocrx_word' id='word_1_299' title='bbox 318 3189 539 3267; x_wconf 90' lang='lat' dir='ltr'><strong>praedicatione</strong></span> <span class='ocrx_word' id='word_1_300' title='bbox 553 3189 763 3262; x_wconf 82' lang='lat' dir='ltr'><strong>divinirerbi,</strong></span> <span class='ocrx_word' id='word_1_301' title='bbox 793 3191 952 3265; x_wconf 81' lang='lat' dir='ltr'><strong>crucifixa,</strong></span> <span class='ocrx_word' id='word_1_302' title='bbox 976 3198 1035 3252; x_wconf 89' lang='lat' dir='ltr'><strong>tam</strong></span> <span class='ocrx_word' id='word_1_303' title='bbox 1056 3193 1215 3267; x_wconf 88' lang='lat' dir='ltr'><strong>copiosum</strong></span> <span class='ocrx_word' id='word_1_304' title='bbox 1236 3187 1332 3252; x_wconf 88' lang='lat' dir='ltr'><strong>emisit</strong></span> <span class='ocrx_word' id='word_1_305' title='bbox 1347 3197 1395 3245; x_wconf 86' lang='lat' dir='ltr'><strong>san·</strong></span> 
     </span>
     <span class='ocr_line' id='line_1_38' title="bbox 127 3267 1395 3347; baseline -0.006 -15"><span class='ocrx_word' id='word_1_306' title='bbox 127 3277 160 3332; x_wconf 90' lang='lat' dir='ltr'><strong>et</strong></span> <span class='ocrx_word' id='word_1_307' title='bbox 180 3267 319 3347; x_wconf 83' lang='lat' dir='ltr'><strong>exemplo</strong></span> <span class='ocrx_word' id='word_1_308' title='bbox 343 3267 563 3344; x_wconf 74' lang='lat' dir='ltr'><strong>integerrimae</strong></span> <span class='ocrx_word' id='word_1_309' title='bbox 579 3269 658 3330; x_wconf 88' lang='lat' dir='ltr'><strong>vitae</strong></span> <span class='ocrx_word' id='word_1_310' title='bbox 677 3268 766 3331; x_wconf 85' lang='lat' dir='ltr'><strong>soler·</strong></span> <span class='ocrx_word' id='word_1_311' title='bbox 793 3274 934 3346; x_wconf 77' lang='lat' dir='ltr'><strong>guinem,</strong></span> <span class='ocrx_word' id='word_1_312' title='bbox 958 3278 991 3331; x_wconf 91' lang='lat' dir='ltr'><strong>ut</strong></span> <span class='ocrx_word' id='word_1_313' title='bbox 1009 3267 1181 3332; x_wconf 84' lang='lat' dir='ltr'><strong>Orientates</strong></span> <span class='ocrx_word' id='word_1_314' title='bbox 1202 3277 1235 3333; x_wconf 91' lang='lat' dir='ltr'><strong>et</strong></span> <span class='ocrx_word' id='word_1_315' title='bbox 1255 3267 1395 3332; x_wconf 83' lang='lat' dir='ltr'><strong>Occidenta-</strong></span> 
     </span>
     <span class='ocr_line' id='line_1_39' title="bbox 129 3345 1394 3426; baseline -0.008 -17"><span class='ocrx_word' id='word_1_316' title='bbox 129 3349 246 3413; x_wconf 90' lang='lat' dir='ltr'><strong>tissime</strong></span> <span class='ocrx_word' id='word_1_317' title='bbox 269 3347 433 3426; x_wconf 88' lang='lat' dir='ltr'><strong>praestitit;</strong></span> <span class='ocrx_word' id='word_1_318' title='bbox 456 3347 604 3426; x_wconf 83' lang='lat' dir='ltr'><strong>multique</strong></span> <span class='ocrx_word' id='word_1_319' title='bbox 626 3348 765 3410; x_wconf 77' lang='lat' dir='ltr'><strong>infideles</strong></span> <span class='ocrx_word' id='word_1_320' title='bbox 794 3352 836 3413; x_wconf 91' lang='lat' dir='ltr'><strong>les</strong></span> <span class='ocrx_word' id='word_1_321' title='bbox 848 3349 994 3412; x_wconf 89' lang='lat' dir='ltr'><strong>Ecclesiae</strong></span> <span class='ocrx_word' id='word_1_322' title='bbox 1004 3366 1041 3411; x_wconf 82' lang='lat' dir='ltr'><strong>ex</strong></span> <span class='ocrx_word' id='word_1_323' title='bbox 1052 3366 1087 3410; x_wconf 93' lang='lat' dir='ltr'><strong>eo</strong></span> <span class='ocrx_word' id='word_1_324' title='bbox 1103 3345 1394 3425; x_wconf 88' lang='lat' dir='ltr'><strong>ubertimacceperini.</strong></span> 
     </span>
     <span class='ocr_line' id='line_1_40' title="bbox 130 3423 1394 3507; baseline -0.003 -17"><span class='ocrx_word' id='word_1_325' title='bbox 130 3431 280 3490; x_wconf 84' lang='lat' dir='ltr'><strong>divinitus</strong></span> <span class='ocrx_word' id='word_1_326' title='bbox 310 3430 457 3507; x_wconf 88' lang='lat' dir='ltr'><strong>permoti,</strong></span> <span class='ocrx_word' id='word_1_327' title='bbox 488 3429 553 3506; x_wconf 85' lang='lat' dir='ltr'><strong>ejus</strong></span> <span class='ocrx_word' id='word_1_328' title='bbox 580 3429 670 3506; x_wconf 79' lang='lat' dir='ltr'><strong>opera</strong></span> <span class='ocrx_word' id='word_1_329' title='bbox 697 3431 762 3490; x_wconf 87' lang='lat' dir='ltr'><strong>veri</strong></span> <span class='ocrx_word' id='word_1_330' title='bbox 832 3428 960 3492; x_wconf 86' lang='lat' dir='ltr'><strong>videtur</strong></span> <span class='ocrx_word' id='word_1_331' title='bbox 988 3429 1043 3491; x_wconf 91' lang='lat' dir='ltr'><strong>boc</strong></span> <span class='ocrx_word' id='word_1_332' title='bbox 1071 3429 1304 3492; x_wconf 90' lang='lat' dir='ltr'><strong>celeberrimum</strong></span> <span class='ocrx_word' id='word_1_333' title='bbox 1329 3423 1394 3486; x_wconf 83' lang='lat' dir='ltr'><strong>mitt·</strong></span> 
     </span>
     <span class='ocr_line' id='line_1_41' title="bbox 131 3507 1395 3589; baseline -0.005 -19"><span class='ocrx_word' id='word_1_334' title='bbox 131 3509 183 3572; x_wconf 84' lang='lat' dir='ltr'><strong>liei</strong></span> <span class='ocrx_word' id='word_1_335' title='bbox 199 3508 317 3570; x_wconf 90' lang='lat' dir='ltr'><strong>cultum</strong></span> <span class='ocrx_word' id='word_1_336' title='bbox 329 3523 497 3587; x_wconf 82' lang='lat' dir='ltr'><strong>puramque</strong></span> <span class='ocrx_word' id='word_1_337' title='bbox 512 3507 703 3582; x_wconf 73' lang='lat' dir='ltr'><strong>Religionem</strong></span> <span class='ocrx_word' id='word_1_338' title='bbox 715 3523 763 3569; x_wconf 93' lang='lat' dir='ltr'><strong>su·</strong></span> <span class='ocrx_word' id='word_1_339' title='bbox 793 3508 908 3583; x_wconf 88' lang='lat' dir='ltr'><strong>culum,</strong></span> <span class='ocrx_word' id='word_1_340' title='bbox 924 3509 1025 3583; x_wconf 83' lang='lat' dir='ltr'><strong>dequo</strong></span> <span class='ocrx_word' id='word_1_341' title='bbox 1036 3510 1155 3587; x_wconf 88' lang='lat' dir='ltr'><strong>antiqui</strong></span> <span class='ocrx_word' id='word_1_342' title='bbox 1166 3513 1322 3589; x_wconf 85' lang='lat' dir='ltr'><strong>scriptores</strong></span> <span class='ocrx_word' id='word_1_343' title='bbox 1332 3511 1395 3576; x_wconf 74' lang='lat' dir='ltr'><strong>saep</strong></span> 
     </span>
     <span class='ocr_line' id='line_1_42' title="bbox 129 3581 1392 3668; baseline -0.002 -20"><span class='ocrx_word' id='word_1_344' title='bbox 129 3590 263 3668; x_wconf 83' lang='lat' dir='ltr'><strong>scopere.</strong></span> <span class='ocrx_word' id='word_1_345' title='bbox 286 3587 334 3650; x_wconf 89' lang='lat' dir='ltr'><strong>Sic</strong></span> <span class='ocrx_word' id='word_1_346' title='bbox 355 3596 461 3660; x_wconf 86' lang='lat' dir='ltr'><strong>aetate,</strong></span> <span class='ocrx_word' id='word_1_347' title='bbox 484 3586 637 3650; x_wconf 89' lang='lat' dir='ltr'><strong>laboribus</strong></span> <span class='ocrx_word' id='word_1_348' title='bbox 666 3585 762 3664; x_wconf 90' lang='lat' dir='ltr'><strong>pluri·</strong></span> <span class='ocrx_word' id='word_1_349' title='bbox 793 3595 936 3666; x_wconf 83' lang='lat' dir='ltr'><strong>egerunt,</strong></span> <span class='ocrx_word' id='word_1_350' title='bbox 958 3604 1037 3650; x_wconf 85' lang='lat' dir='ltr'><strong>annno</strong></span> <span class='ocrx_word' id='word_1_351' title='bbox 1052 3587 1111 3650; x_wconf 78' lang='lat' dir='ltr'><strong>tue</strong></span> <span class='ocrx_word' id='word_1_352' title='bbox 1133 3591 1304 3666; x_wconf 85' lang='lat' dir='ltr'><strong>contigisse.</strong></span> <span class='ocrx_word' id='word_1_353' title='bbox 1323 3581 1392 3660; x_wconf 72' lang='lat' dir='ltr'><strong>ipsiti</strong></span> 
     </span>
     <span class='ocr_line' id='line_1_43' title="bbox 131 3667 1392 3748; baseline -0.002 -19"><span class='ocrx_word' id='word_1_354' title='bbox 131 3669 188 3730; x_wconf 89' lang='lat' dir='ltr'><strong>mis</strong></span> <span class='ocrx_word' id='word_1_355' title='bbox 214 3671 361 3744; x_wconf 81' lang='lat' dir='ltr'><strong>mirisque</strong></span> <span class='ocrx_word' id='word_1_356' title='bbox 384 3667 550 3729; x_wconf 79' lang='lat' dir='ltr'><strong>uirtutibus</strong></span> <span class='ocrx_word' id='word_1_357' title='bbox 571 3673 687 3740; x_wconf 83' lang='lat' dir='ltr'><strong>exacta,</strong></span> <span class='ocrx_word' id='word_1_358' title='bbox 709 3667 764 3728; x_wconf 89' lang='lat' dir='ltr'><strong>mi·</strong></span> <span class='ocrx_word' id='word_1_359' title='bbox 795 3668 971 3741; x_wconf 77' lang='lat' dir='ltr'><strong>historiam</strong></span> <span class='ocrx_word' id='word_1_360' title='bbox 987 3668 1117 3748; x_wconf 81' lang='lat' dir='ltr'><strong>quodam</strong></span> <span class='ocrx_word' id='word_1_361' title='bbox 1133 3667 1392 3746; x_wconf 77' lang='lat' dir='ltr'><strong>libelloquipetpt·</strong></span> 
     </span>
     <span class='ocr_line' id='line_1_44' title="bbox 132 3745 1392 3826; baseline -0.005 -16"><span class='ocrx_word' id='word_1_362' title='bbox 132 3750 233 3826; x_wconf 77' lang='lat' dir='ltr'><strong>gravit</strong></span> <span class='ocrx_word' id='word_1_363' title='bbox 249 3749 285 3812; x_wconf 89' lang='lat' dir='ltr'><strong>ad</strong></span> <span class='ocrx_word' id='word_1_364' title='bbox 308 3747 483 3819; x_wconf 81' lang='lat' dir='ltr'><strong>Dominum,</strong></span> <span class='ocrx_word' id='word_1_365' title='bbox 506 3745 610 3807; x_wconf 89' lang='lat' dir='ltr'><strong>multis</strong></span> <span class='ocrx_word' id='word_1_366' title='bbox 630 3754 703 3809; x_wconf 90' lang='lat' dir='ltr'><strong>ante</strong></span> <span class='ocrx_word' id='word_1_367' title='bbox 733 3754 765 3809; x_wconf 90' lang='lat' dir='ltr'><strong>et</strong></span> <span class='ocrx_word' id='word_1_368' title='bbox 794 3764 858 3812; x_wconf 91' lang='lat' dir='ltr'><strong>ram</strong></span> <span class='ocrx_word' id='word_1_369' title='bbox 874 3747 1078 3812; x_wconf 64' lang='lat' dir='ltr'><strong>&amp;Athanasio</strong></span> <span class='ocrx_word' id='word_1_370' title='bbox 1088 3747 1282 3818; x_wconf 85' lang='lat' dir='ltr'><strong>adscribitur,</strong></span> <span class='ocrx_word' id='word_1_371' title='bbox 1292 3749 1392 3819; x_wconf 73' lang='lat' dir='ltr'><strong>eructu</strong></span> 
     </span>
     <span class='ocr_line' id='line_1_45' title="bbox 129 3822 1392 3968; baseline -0.009 -78"><span class='ocrx_word' id='word_1_372' title='bbox 129 3824 765 3968; x_wconf 66' lang='lat' dir='ltr'><strong>fostobitummiraculisellulgens,quiuto</strong></span> <span class='ocrx_word' id='word_1_373' title='bbox 799 3829 908 3891; x_wconf 89' lang='lat' dir='ltr'><strong>Surins</strong></span> <span class='ocrx_word' id='word_1_374' title='bbox 938 3827 1059 3900; x_wconf 82' lang='lat' dir='ltr'><strong>edidit,</strong></span> <span class='ocrx_word' id='word_1_375' title='bbox 1090 3828 1278 3890; x_wconf 90' lang='lat' dir='ltr'><strong>continetur.</strong></span> <span class='ocrx_word' id='word_1_376' title='bbox 1307 3822 1392 3884; x_wconf 78' lang='lat' dir='ltr'><strong>term</strong></span> 
     </span>
     <span class='ocr_line' id='line_1_46' title="bbox 143 3903 1391 3988; baseline -0.011 -17"><span class='ocrx_word' id='word_1_377' title='bbox 143 3909 198 3971; x_wconf 87' lang='lat' dir='ltr'><strong>dus</strong></span> <span class='ocrx_word' id='word_1_378' title='bbox 219 3905 412 3978; x_wconf 85' lang='lat' dir='ltr'><strong>Novembris,</strong></span> <span class='ocrx_word' id='word_1_379' title='bbox 435 3907 572 3968; x_wconf 91' lang='lat' dir='ltr'><strong>secundo</strong></span> <span class='ocrx_word' id='word_1_380' title='bbox 594 3915 657 3985; x_wconf 92' lang='lat' dir='ltr'><strong>post</strong></span> <span class='ocrx_word' id='word_1_381' title='bbox 678 3905 764 3969; x_wconf 90' lang='lat' dir='ltr'><strong>Cbri·</strong></span> <span class='ocrx_word' id='word_1_382' title='bbox 793 3925 889 3988; x_wconf 90' lang='lat' dir='ltr'><strong>quum</strong></span> <span class='ocrx_word' id='word_1_383' title='bbox 905 3909 936 3970; x_wconf 92' lang='lat' dir='ltr'><strong>in</strong></span> <span class='ocrx_word' id='word_1_384' title='bbox 966 3907 1044 3968; x_wconf 89' lang='lat' dir='ltr'><strong>banc</strong></span> <span class='ocrx_word' id='word_1_385' title='bbox 1069 3905 1232 3970; x_wconf 90' lang='lat' dir='ltr'><strong>Surianam</strong></span> <span class='ocrx_word' id='word_1_386' title='bbox 1258 3903 1391 3968; x_wconf 83' lang='lat' dir='ltr'><strong>editionem</strong></span> 
     </span>
     <span class='ocr_line' id='line_1_47' title="bbox 129 3985 1392 4127; baseline -0.006 -80"><span class='ocrx_word' id='word_1_387' title='bbox 129 3998 209 4050; x_wconf 90' lang='lat' dir='ltr'><strong>stnm</strong></span> <span class='ocrx_word' id='word_1_388' title='bbox 232 3997 336 4051; x_wconf 91' lang='lat' dir='ltr'><strong>natum</strong></span> <span class='ocrx_word' id='word_1_389' title='bbox 358 3986 494 4060; x_wconf 89' lang='lat' dir='ltr'><strong>saeculo,</strong></span> <span class='ocrx_word' id='word_1_390' title='bbox 516 3987 711 4066; x_wconf 81' lang='lat' dir='ltr'><strong>sepultusque</strong></span> <span class='ocrx_word' id='word_1_391' title='bbox 733 3989 763 4049; x_wconf 92' lang='lat' dir='ltr'><strong>in</strong></span> <span class='ocrx_word' id='word_1_392' title='bbox 794 3989 942 4066; x_wconf 80' lang='lat' dir='ltr'><strong>quaedam</strong></span> <span class='ocrx_word' id='word_1_393' title='bbox 965 3987 1135 4127; x_wconf 57' lang='lat' dir='ltr'><strong>apocrypha</strong></span> <span class='ocrx_word' id='word_1_394' title='bbox 1161 3985 1337 4066; x_wconf 86' lang='lat' dir='ltr'><strong>irrepserint,</strong></span> <span class='ocrx_word' id='word_1_395' title='bbox 1355 3987 1392 4064; x_wconf 70' lang='lat' dir='ltr'><strong>nit</strong></span> 
     </span>
     <span class='ocr_line' id='line_1_48' title="bbox 130 4051 1389 4146; baseline -0.003 -20"><span class='ocrx_word' id='word_1_396' title='bbox 130 4063 764 4140; x_wconf 72' lang='lat' dir='ltr'><strong>Coemeterioextramoeniaundeinsan·</strong></span> <span class='ocrx_word' id='word_1_397' title='bbox 795 4067 972 4146; x_wconf 83' lang='lat' dir='ltr'><strong>hujuscemo</strong></span> <span class='ocrx_word' id='word_1_398' title='bbox 996 4067 1002 4127; x_wconf 92' lang='lat' dir='ltr'><strong>i</strong></span> <span class='ocrx_word' id='word_1_399' title='bbox 1026 4068 1255 4138; x_wconf 81' lang='lat' dir='ltr'><strong>narrationem,</strong></span> <span class='ocrx_word' id='word_1_400' title='bbox 1275 4077 1334 4124; x_wconf 89' lang='lat' dir='ltr'><strong>eon</strong></span> <span class='ocrx_word' id='word_1_401' title='bbox 1358 4051 1389 4112; x_wconf 80' lang='lat'>¹¹¹³</span> 
     </span>
     <span class='ocr_line' id='line_1_49' title="bbox 130 4131 1391 4224; baseline -0.001 -19"><span class='ocrx_word' id='word_1_402' title='bbox 130 4147 170 4206; x_wconf 92' lang='lat' dir='ltr'><strong>cti</strong></span> <span class='ocrx_word' id='word_1_403' title='bbox 181 4146 342 4209; x_wconf 84' lang='lat' dir='ltr'><strong>Salvatoris</strong></span> <span class='ocrx_word' id='word_1_404' title='bbox 355 4146 503 4223; x_wconf 90' lang='lat' dir='ltr'><strong>templum</strong></span> <span class='ocrx_word' id='word_1_405' title='bbox 517 4145 696 4209; x_wconf 87' lang='lat' dir='ltr'><strong>translatum</strong></span> <span class='ocrx_word' id='word_1_406' title='bbox 707 4154 764 4221; x_wconf 90' lang='lat' dir='ltr'><strong>est,</strong></span> <span class='ocrx_word' id='word_1_407' title='bbox 793 4148 967 4218; x_wconf 85' lang='lat' dir='ltr'><strong>sinceriore,</strong></span> <span class='ocrx_word' id='word_1_408' title='bbox 982 4162 1059 4224; x_wconf 83' lang='lat' dir='ltr'><strong>uuae</strong></span> <span class='ocrx_word' id='word_1_409' title='bbox 1074 4147 1108 4207; x_wconf 89' lang='lat' dir='ltr'><strong>in</strong></span> <span class='ocrx_word' id='word_1_410' title='bbox 1123 4143 1244 4208; x_wconf 84' lang='lat' dir='ltr'><strong>Batonii</strong></span> <span class='ocrx_word' id='word_1_411' title='bbox 1256 4131 1391 4224; x_wconf 54' lang='lat' dir='ltr'><strong>luadiit*</strong></span> 
     </span>
     <span class='ocr_line' id='line_1_50' title="bbox 131 4217 1391 4312; baseline -0.002 -29"><span class='ocrx_word' id='word_1_412' title='bbox 131 4224 356 4312; x_wconf 85' lang='lat' dir='ltr'><strong>continentibus</strong></span> <span class='ocrx_word' id='word_1_413' title='bbox 370 4226 407 4288; x_wconf 91' lang='lat' dir='ltr'><strong>ad</strong></span> <span class='ocrx_word' id='word_1_414' title='bbox 428 4223 493 4301; x_wconf 84' lang='lat' dir='ltr'><strong>ejus</strong></span> <span class='ocrx_word' id='word_1_415' title='bbox 514 4223 688 4304; x_wconf 89' lang='lat' dir='ltr'><strong>sepulcrum</strong></span> <span class='ocrx_word' id='word_1_416' title='bbox 702 4226 765 4288; x_wconf 90' lang='lat' dir='ltr'><strong>cul·</strong></span> <span class='ocrx_word' id='word_1_417' title='bbox 793 4227 915 4302; x_wconf 81' lang='lat' dir='ltr'><strong>legitur,</strong></span> <span class='ocrx_word' id='word_1_418' title='bbox 931 4224 1127 4288; x_wconf 89' lang='lat' dir='ltr'><strong>contulimus.</strong></span> <span class='ocrx_word' id='word_1_419' title='bbox 1143 4225 1184 4288; x_wconf 89' lang='lat' dir='ltr'><strong>Ea</strong></span> <span class='ocrx_word' id='word_1_420' title='bbox 1200 4239 1291 4304; x_wconf 91' lang='lat' dir='ltr'><strong>porro,</strong></span> <span class='ocrx_word' id='word_1_421' title='bbox 1311 4217 1391 4291; x_wconf 71' lang='lat' dir='ltr'><strong>cittii</strong></span> 
     </span>
     <span class='ocr_line' id='line_1_51' title="bbox 133 4301 1388 4384; baseline 0.006 -27"><span class='ocrx_word' id='word_1_422' title='bbox 133 4301 260 4372; x_wconf 80' lang='lat' dir='ltr'><strong>toribus,</strong></span> <span class='ocrx_word' id='word_1_423' title='bbox 282 4303 360 4365; x_wconf 77' lang='lat' dir='ltr'><strong>lame</strong></span> <span class='ocrx_word' id='word_1_424' title='bbox 381 4305 548 4368; x_wconf 84' lang='lat' dir='ltr'><strong>sanctitatis</strong></span> <span class='ocrx_word' id='word_1_425' title='bbox 562 4311 592 4366; x_wconf 92' lang='lat' dir='ltr'><strong>et</strong></span> <span class='ocrx_word' id='word_1_426' title='bbox 608 4305 763 4384; x_wconf 81' lang='lat' dir='ltr'><strong>prodigio·</strong></span> <span class='ocrx_word' id='word_1_427' title='bbox 793 4305 850 4368; x_wconf 91' lang='lat' dir='ltr'><strong>bus</strong></span> <span class='ocrx_word' id='word_1_428' title='bbox 864 4306 996 4380; x_wconf 90' lang='lat' dir='ltr'><strong>omissis,</strong></span> <span class='ocrx_word' id='word_1_429' title='bbox 1017 4306 1061 4368; x_wconf 88' lang='lat' dir='ltr'><strong>sic</strong></span> <span class='ocrx_word' id='word_1_430' title='bbox 1074 4321 1107 4368; x_wconf 92' lang='lat' dir='ltr'><strong>se</strong></span> <span class='ocrx_word' id='word_1_431' title='bbox 1124 4305 1228 4367; x_wconf 88' lang='lat' dir='ltr'><strong>babet:</strong></span> <span class='ocrx_word' id='word_1_432' title='bbox 1384 4365 1388 4374; x_wconf 83' lang='grc'><strong>,</strong></span> 
     </span>
     <span class='ocr_line' id='line_1_52' title="bbox 132 4371 1388 4463; baseline 0.006 -29"><span class='ocrx_word' id='word_1_433' title='bbox 132 4391 202 4437; x_wconf 90' lang='lat' dir='ltr'><strong>rum</strong></span> <span class='ocrx_word' id='word_1_434' title='bbox 223 4375 371 4443; x_wconf 89' lang='lat' dir='ltr'><strong>adductis.</strong></span> <span class='ocrx_word' id='word_1_435' title='bbox 394 4381 471 4446; x_wconf 92' lang='lat' dir='ltr'><strong>Cum</strong></span> <span class='ocrx_word' id='word_1_436' title='bbox 493 4385 671 4463; x_wconf 86' lang='lat' dir='ltr'><strong>praesertim</strong></span> <span class='ocrx_word' id='word_1_437' title='bbox 683 4385 765 4447; x_wconf 84' lang='lat' dir='ltr'><strong>visus</strong></span> <span class='ocrx_word' id='word_1_438' title='bbox 839 4384 995 4461; x_wconf 82' lang='lat' dir='ltr'><strong>«Berytus</strong></span> <span class='ocrx_word' id='word_1_439' title='bbox 1009 4385 1115 4450; x_wconf 83' lang='lat' dir='ltr'><strong>civitas</strong></span> <span class='ocrx_word' id='word_1_440' title='bbox 1129 4386 1215 4448; x_wconf 88' lang='lat' dir='ltr'><strong>estin</strong></span> <span class='ocrx_word' id='word_1_441' title='bbox 1230 4371 1388 4446; x_wconf 76' lang='lat' dir='ltr'><strong>finibuslttt</strong></span> 
     </span>
    </p>
   </div>
   <div class='ocr_carea' id='block_1_7' title="bbox 0 0 1468 4804">
    <p class='ocr_par' dir='ltr' id='par_1_11' title="bbox 0 0 1468 4804">
     <span class='ocr_line' id='line_1_53' title="bbox 0 0 1468 4804; baseline 0 0"><span class='ocrx_word' id='word_1_442' title='bbox 0 0 1468 4804; x_wconf 95' lang='lat' dir='ltr'><strong> </strong></span> 
     </span>
    </p>
   </div>
  </div>
 </body>
</html>
