2994 4832
432 85 445 127 Ι

65 299 127 364 odi.
149 301 167 364 5
413 317 450 362 oa
474 316 501 362 s.
528 316 608 362 saca
632 316 702 362 aas.
731 317 769 362 nr
793 315 885 364 conr.
1179 301 1242 366 t59

59 411 203 490 proiectae
227 399 362 482 aetatis,
383 413 413 470 et
438 399 567 486 alioqui
591 419 779 490 oppressus
805 400 925 470 morbo
948 401 1114 490 corporis,
1137 423 1217 470 curn
1242 401 1285 471 ad

57 488 327 570 administrandam
359 489 604 579 rempublicam
639 511 705 557 non
737 487 888 578 amplius
917 489 1109 571 sufficeret,
1145 489 1286 580 deponit

55 578 217 677 imperium,
244 576 434 648 iustiniano
459 577 612 667 patruele
634 598 697 646 suo
720 577 904 647 constituto
922 601 983 666 pro
1006 600 1042 647 se
1060 583 1281 668 Imperatore,

51 687 96 752 qut
112 677 172 734 erat
188 665 353 756 patritius,
375 667 494 737 consui
512 677 544 736 et
560 665 629 736 dux
642 667 823 748 exercitus,
843 667 948 752 etqui
961 667 1035 757 jam
1051 665 1182 736 fortiter
1196 689 1297 736 rem-—

50 753 194 853 publicam
231 775 322 824 erere
338 767 407 825 erat
422 777 617 845 aggressus.
634 755 697 824 Sed
714 754 756 823 de
771 754 966 825 iustiniano
982 755 1155 842 *quidem
1171 755 1286 824 dicere

48 844 158 912 interim
175 778 391 913 diieramus:
411 843 637 912 immoremur
653 854 767 913 autem
786 842 820 911 in
842 843 903 925 iis,
931 865 1018 930 quae
1034 843 1286 914 admirabiliter

45 943 176 1001 asaneto
204 933 289 1002 saba
306 931 395 1015 iacta
423 944 504 1003 sunt
529 932 564 1000 in
591 937 726 1002 Petrum
747 953 985 1010 successorem
1004 933 1169 1003 loannis:
1197 954 1285 1018 quae

44 1020 160 1105 quidem
183 1019 280 1090 velim
305 1020 410 1089 nolim
428 1021 471 1089 ad
488 1042 523 1089 se
540 1019 679 1090 trahunt
696 1021 897 1100 orationem,
927 1034 959 1091 et
983 1036 1063 1091 sunt
1078 1021 1155 1090 aliis
1180 1019 1284 1110 longe

39 1109 221 1194 jucundiora
237 1120 269 1178 et
287 1109 445 1199 gratiora.
468 1114 550 1178 Nam
568 1109 597 1178 is
611 1108 750 1195 quidem
773 1109 928 1179 veniebat
950 1109 1090 1180 assidue
1109 1111 1142 1178 in
1158 1108 1284 1178 'solitu-

43 1196 138 1266 dinem
156 1197 195 1267 ad
219 1197 355 1267 beatum
386 1197 526 1276 Sabain,
554 1209 587 1265 et
613 1196 768 1266 eamdem
791 1197 826 1265 in
846 1219 925 1267 eum
947 1199 1101 1268 servabat
1130 1218 1285 1267 reveren-

44 1286 121 1365 tiam,
139 1307 234 1373 quam
257 1287 387 1376 priores
404 1285 630 1355 Patriarchae.
655 1285 793 1354 Interim
814 1307 890 1354 vero
916 1308 995 1355 cum
1022 1288 1163 1357 morbus
1188 1286 1282 1355 inva-

42 1373 123 1443 sisset
141 1397 284 1445 sororem
298 1375 387 1464 (erat
405 1375 496 1443 enim
516 1375 547 1444 ei
564 1391 661 1443 soror
676 1374 815 1442 nomine
834 1373 1016 1464 Hesychia,
1036 1397 1104 1444 non
1129 1373 1283 1464 vulgaris

41 1463 177 1552 virtutis),
196 1476 321 1534 etcum
339 1463 451 1533 ominis
471 1484 526 1532 ars
551 1463 762 1532 medicorum
784 1461 965 1550 abjecisset
980 1485 1075 1552 spero
1094 1465 1169 1553 ejus
1185 1463 1284 1532 'cuia-

42 1551 135 1636 tionis,
154 1553 222 1641 ipse
241 1573 308 1622 non
335 1552 462 1632 minus,
481 1573 585 1638 quarn
613 1549 682 1631 illa,
710 1551 818 1619 animi
849 1573 1001 1620 moerore
1024 1551 1223 1633 coniectuS,
1250 1566 1282 1622 et

42 1641 155 1710 nullum
179 1641 353 1710 inveniens
379 1639 665 1710 medicamentum
690 1638 907 1720 calamitatis,
927 1640 968 1708 ad
994 1640 1133 1714 beatum
1158 1640 1280 1710 Sabain

42 1730 138 1798 statuit
151 1729 340 1821 coningere,
364 1740 401 1798 ut
417 1728 542 1798 videret
557 1751 599 1798 an
621 1727 772 1815 aliquam
791 1739 1030 1815 assequeretur
1048 1729 1278 1798 clementiam.

43 1821 103 1904 Ipse
117 1831 220 1888 autem
237 1840 315 1888 cum
335 1817 532 1888 accessisset
549 1816 590 1886 ad
617 1827 846 1906 aegrotantem
869 1817 988 1886 morbo
1013 1817 1220 1897 incurabili,
1248 1831 1280 1888 ei

45 1917 83 1972 ter
95 1928 185 1976 manu
199 1906 334 1976 lecisset
354 1908 491 1996 signum
509 1904 638 1986 Crucis,
655 1927 721 1974 non
735 1904 935 1987 differendo,
954 1905 1012 1975 sed
1031 1905 1193 1976 continuo
1207 1927 1281 1975 earn

49 2013 142 2062 sanam
157 1995 302 2065 reddidit
317 1993 424 2064 fratri.
444 1994 556 2064 Talem
578 2015 658 2084 ergo
678 1993 867 2084 Episcopus
893 1994 1021 2064 invenit
1039 1994 1283 2064 remuneratio-

52 2100 113 2148 nem
126 2085 168 2152 sui
182 2086 211 2153 in
231 2085 355 2154 Sabam
375 2083 526 2153 honoris.
974 2101 978 2109 ·

87 2171 187 2254 §ott
210 2177 293 2242 Cum
315 2171 388 2259 jam
412 2184 524 2240 autem
551 2171 734 2260 Imperium
769 2172 1013 2262 assumpsisset
1036 2169 1279 2250 lastinianus,

52 2268 77 2322 et
98 2279 188 2327 rerum
212 2261 421 2349 suscepisset
451 2259 809 2339 administrationem,
847 2260 968 2350 agebat
997 2259 1136 2346 quidem
1164 2261 1283 2328 beatus

53 2343 138 2415 Sabas
150 2349 402 2440 nonagesimum
420 2360 451 2422 et
467 2369 575 2418 unum
593 2369 723 2416 annum
741 2371 747 2414 :
775 2347 879 2416 finem
905 2370 982 2418 vero
1003 2349 1089 2418 vitae
1105 2359 1282 2438 acceperat

48 2431 378 2508 beatusiheodosius:
404 2436 463 2523 qui
488 2437 522 2505 in
540 2435 730 2506 Palaestina
746 2436 886 2523 quidem
911 2449 982 2506 erat
1000 2436 1148 2527 populus
1167 2441 1280 2506 Sama·

43 2521 209 2620 ritanomm,
235 2547 316 2596 cum
333 2523 510 2595 Iulianum
536 2523 721 2611 quendam,
741 2525 801 2611 qui
826 2525 899 2615 ipse
915 2547 1052 2613 quoque
1072 2538 1143 2595 erat
1164 2530 1282 2594 Sarna-

40 2623 156 2698 ntanus,
173 2617 239 2686 sibi
267 2637 304 2684 re
330 2635 383 2682 em
408 2625 590 2694 creassent,
619 2611 744 2682 multas
769 2613 915 2703 injurias
935 2613 1104 2684 iaciebant
1121 2612 1282 2682 Christia-

38 2701 88 2780 nis,
110 2705 269 2776 ecclesias
302 2637 549 2792 depopulantes
572 2713 604 2771 et
628 2712 830 2782 exurentes,
860 2703 1069 2774 Christianos
1094 2701 1282 2770 afficientes

35 2793 189 2880 suppliciis
209 2789 540 2871 innumerabilibus,
557 2801 588 2860 et
603 2789 728 2859 deinde
743 2791 845 2860 etiarn
859 2791 1071 2860 occidentes:
1093 2791 1174 2861 etin
1190 2790 1282 2860 vicos

34 2877 174 2954 finitimos
193 2880 361 2952 iacientes
386 2879 611 2959 incursiones,
639 2889 672 2948 et
694 2899 816 2968 capsas
842 2883 1043 2950 Sanctorum
1069 2890 1278 2970 rumpentes,

31 2983 54 3034 et
69 2970 129 3058 igni
152 2970 372 3040 mandantes.
399 2972 491 3050 Quae
506 2966 645 3054 quidem
675 2967 821 3036 maxime
837 2966 991 3038 iecerunt
1014 2969 1047 3036 in
1071 2967 1165 3048 locis,
1192 2990 1281 3056 quae

29 3071 107 3127 erant
126 3061 217 3130 circa
242 3056 445 3147 Neapolim:
471 3067 510 3126 ut
532 3057 590 3142 qui
613 3055 819 3145 Episcopum
846 3056 983 3214 guidem
1014 3056 1129 3147 gladio
1157 3059 1281 3126 intere-

29 3147 143 3228 ateriae
160 3147 335 3236 quosdam
352 3157 464 3214 autem
471 3145 694 3301 presbyteros
714 3165 852 3235 compre
880 3146 1057 3225 enderint;
1076 3157 1108 3213 et
1127 3145 1280 3233 primum

27 3235 143 3317 quidem
166 3234 390 3305 membratim
415 3245 446 3302 et
485 3234 640 3304 rustatim
665 3255 723 3306 eos
747 3233 991 3314 dissecuerint,
1021 3245 1053 3301 et
1077 3231 1201 3302 deinde
1224 3253 1281 3302 eos

27 3343 89 3392 cum
113 3331 304 3416 liartyrum
329 3321 484 3409 reliquiis
503 3321 657 3392 frixerint
675 3323 707 3392 in
727 3325 910 3413 sartagine,
933 3334 965 3391 et
990 3320 1076 3390 nulli
1104 3320 1228 3410 probro
1248 3331 1281 3388 et

26 3413 233 3484 contumeliae
252 3411 426 3502 pauserint
450 3411 485 3478 io
511 3411 731 3482 Christianos.
758 3415 847 3480 iiaec
868 3422 1049 3500 postquam
1076 3408 1280 3478 renunciata

26 3496 144 3572 luerunt
167 3500 389 3594 Imperatori,
415 3499 579 3570 adversus
598 3497 675 3568 ilios
705 3519 848 3590 magnas
874 3499 997 3568 emittit
1024 3499 1160 3587 copies:
1188 3518 1281 3582 quae

26 3607 86 3657 cum
103 3593 150 3660 eis
167 3613 298 3661 manus
324 3589 557 3690 confligentes,
584 3599 615 3657 et
633 3585 759 3656 multos
775 3586 860 3657 alios
880 3587 1093 3668 interimunt,
1115 3598 1147 3656 et
1164 3587 1279 3675 ipsum

27 3676 108 3746 etiam
123 3680 323 3750 lulianum.
350 3679 514 3764 aquibus
539 3675 707 3766 sylvanus
723 3697 859 3766 quoque
878 3691 957 3746 tunc
979 3673 1172 3764 Scythopoli
1188 3695 1279 3774 com·

28 3767 208 3850 prehensus,
238 3770 276 3837 in
304 3766 605 3856 ignemin'icitur,
633 3777 665 3834 et
693 3765 738 3833 ita
766 3766 927 3835 acerbum
952 3765 1078 3854 accipit
1100 3765 1186 3833 vitae
1210 3785 1280 3832 ext-

28 3863 93 3937 tum,
118 3858 168 3927 vir
184 3857 247 3945 qui
273 3853 392 3924 multis
417 3789 550 3944 prolrts
573 3868 605 3924 et
633 3852 852 3924 contumeliis
876 3851 1033 3922 eliecerat
1057 3851 1277 3934 Christianos,

28 3955 48 4008 et
69 3945 147 4026 ideo,
168 3959 207 4016 ut
231 3943 395 4024 arbitror,
424 3944 541 4032 pulcre
557 3943 598 4012 ad
617 3942 681 4014 hoc
698 3965 718 4012 a
738 3941 851 4011 divina
878 3952 1071 4012 reservatus
1086 3953 1157 4010 erat
1175 3941 1281 4031 justi-

30 4029 70 4108 tia,
93 4049 129 4104 ut
152 4035 202 4106 sic
221 4035 336 4104 lueret
361 4031 569 4122 supplicium
589 4031 775 4112 suilieiens,
794 4043 826 4100 et
851 4029 952 4099 linem
973 4030 1162 4120 acciperet:
1188 4029 1280 4116 quod

45 4209 53 4228 ·
65 4212 90 4258 ii.
105 4223 178 4263 qnam
194 4221 291 4254 annum
308 4214 420 4260 quartam
436 4213 459 4252 et
472 4212 679 4262 quadragesimum
688 4214 775 4262 ageret,
785 4211 900 4260 iimperat-e
910 4211 993 4260 coepit.
1003 4209 1110 4252 Veterem
1120 4210 1230 4250 Romanii
1241 4207 1282 4251 im-

31 4265 69 4305 erii
77 4269 170 4316 gloriam
180 4267 274 4308 mitum
285 4266 312 4304 iu
321 4265 416 4306 modum
425 4266 535 4310 resticuli,
546 4263 721 4314 ampliavitque,
730 4267 822 4310 Perses.
832 4265 927 4311 Gothos,
938 4264 1053 4304 vandalos
1061 4259 1195 4304 debellavit.
1206 4265 1281 4313 Lagea

33 4322 78 4356 urea
92 4319 227 4362 Innumeras
246 4321 273 4359 in
291 4320 305 4358 i
322 4319 470 4367 Digestorum
484 4319 557 4358 llbroa
567 4319 689 4359 contraxii.
699 4318 879 4358 immundanum
890 4318 962 4358 libros
973 4317 1074 4366 quatuor
1084 4315 1164 4358 edidit.
1174 4318 1281 4358 codicem

33 4371 128 4463 Quadi„
138 4377 254 4425 Eiusdem
265 4371 374 4414 vitium
382 4371 533 4422 deturpavere
543 4369 648 4419 avarius,
658 4375 682 4413 et
691 4373 759 4414 lavor
770 4381 824 4422 erga
833 4372 998 4420 Eutychianos.
1009 4371 1087 4412 Vitam
1098 4381 1164 4412 suam
1175 4371 1279 4419 explerit
