2954 4816
29 274 96 337 tit.
117 275 155 337 ss
361 293 400 338 nu
425 294 452 340 s.
481 290 644 340 srnentrto
670 293 914 340 rnorotrtnrrnc
1167 276 1231 339 tttt

27 375 107 445 lerret
129 377 389 464 separationem,
414 391 544 467 martyr
572 377 601 445 ei
632 391 773 466 apparet
799 377 833 446 in
860 377 1003 458 somnis,
1027 378 1110 446 adeo
1134 376 1274 464 quidem

27 464 182 550 splendide
211 467 341 546 vestita,
360 479 399 534 ut
432 488 493 536 nec
519 467 553 534 in
578 487 653 534 eam
684 466 767 536 satis
797 479 910 556 posset
938 465 1107 556 conjicere
1135 466 1272 535 oculos:

27 553 132 624 talibus
155 576 231 624 tero
254 554 416 623 comitata
441 554 647 645 virginibus,
674 567 706 623 et
732 568 798 624 tam
819 554 1017 644 praeclaris,
1036 567 1074 624 ut
1102 555 1196 624 nulla
1214 560 1276 624 lie-

25 643 89 730 gina
114 656 221 728 posset
250 665 328 713 cum
355 643 405 712 cis
429 644 635 733 comparari.
668 648 750 712 Cum
783 645 939 734 sicergo
964 644 1176 723 accessisset,
1206 645 1277 712 risa

24 745 64 798 est
83 730 187 800 dicere
204 732 322 802 matri:
350 755 368 798 tt
387 736 572 815 Quorsum,
595 754 615 800 o
641 744 760 812 mater,
779 733 826 803 ita
845 745 875 802 te
900 733 1055 810 afflictas,
1079 731 1196 801 multis
1215 755 1275 820 pro

25 820 106 889 nobis
129 819 308 909 liquefacta
333 820 520 910 lacrymis?
535 826 605 891 lion
624 833 705 890 sunt
721 843 774 890 res
791 837 925 892 nostrae
969 821 1202 908 rosequendae
1217 822 1276 889 lle·

24 908 111 988 tibus,
126 910 180 978 sed
198 908 340 978 laetitia.
359 911 453 979 Scias
468 909 560 980 enim
575 907 666 998 quod
685 932 748 1010 ego
760 923 792 980 et
807 905 901 1001 pa'ter
919 844 1111 1001 Piiilippus,
1126 910 1276 979 vivimus

25 998 52 1062 in
67 997 204 1083 quadam
222 997 392 1069 ineflabili
410 1012 599 1088 martyrum
618 997 758 1082 laetitia,
774 1022 843 1070 una
861 1022 939 1069 cum
956 1001 1089 1068 illrristo
1102 1011 1277 1068 versantes

25 1101 50 1152 ct
72 1101 327 1178 conregnantes:
347 1088 405 1174 qui
433 1101 462 1156 ie
486 1088 588 1156 etiam
608 1109 674 1156 non
694 1087 738 1157 ita
757 1088 874 1158 multis
894 1101 968 1176 post
987 1087 1110 1158 diebus
1126 1087 1167 1156 ad
1188 1087 1277 1155 hanc

26 1176 114 1242 sitam
129 1177 292 1246 evocabit.
311 1176 393 1244 licis
413 1189 525 1246 autem
552 1177 717 1246 iratribus
742 1197 905 1246 conserva
930 1177 1069 1246 firmum
1085 1197 1124 1245 ao
1141 1175 1276 1256 stabile,

27 1262 103 1347 quod
124 1279 169 1334 est
192 1265 227 1334 in
255 1265 412 1346 Christo,
439 1265 673 1367 signaculum,
701 1279 733 1334 et
757 1266 896 1336 assidue
920 1265 1121 1345 exhorrere,
1154 1278 1191 1334 ut
1211 1266 1281 1334 sint

28 1353 112 1420 etiam
131 1355 212 1424 milri
231 1355 356 1424 iratres
380 1353 524 1424 animis:
544 1367 583 1424 ui
598 1355 647 1424 sic
665 1367 772 1424 totum
791 1377 901 1443 genus
915 1354 1101 1424 olleramur
1119 1353 1279 1443 pulcrum

28 1439 135 1510 donum
161 1444 356 1512 ilomitro.»
382 1446 472 1513 llaec
489 1456 596 1512 mater
612 1443 808 1512 audivit-ab
828 1444 992 1533 Eugeuia.
1015 1441 1195 1512 Dicebatur
1218 1465 1282 1512 au-

27 1541 80 1598 tern
95 1531 188 1600 etiam
200 1532 331 1601 vidisse
346 1532 545 1602 assistentes
561 1532 717 1624 Angelos,
731 1553 879 1618 quorum
897 1532 1035 1601 habitus
1049 1543 1120 1600 erat
1138 1533 1278 1688 signum

29 1619 126 1704 gandii
149 1620 253 1690 simul
283 1633 316 1689 et
341 1619 494 1709 pudoris,
521 1621 607 1710 ipsis
631 1621 734 1690 veluti
760 1621 1008 1700 indicantibus,
1034 1620 1125 1707 quod
1154 1619 1175 1688 il
1196 1621 1203 1687 i
1228 1641 1282 1689 es·

29 1721 88 1776 sent
101 1707 223 1780 honore
239 1709 353 1800 digni,
372 1723 405 1778 et
423 1711 577 1800 perpetui
599 1709 702 1778 etiam
716 1709 836 1800 gandii
852 1709 1048 1800 participes.
1068 1709 1164 1790 Quod
1182 1708 1283 1778 detur

29 1797 110 1894 notis
130 1799 295 1868 omnibus
314 1819 455 1886 ‚quoqne
475 1797 637 1886 consequi
664 1799 772 1900 gratia
798 1812 830 1868 et
854 1799 1035 1868 clementia
1062 1797 1195 1867 Domini
1223 1819 1283 1866 no-

32 1895 78 1951 strr
92 1891 166 1957 iesu
182 1886 332 1956 Christi:
352 1909 453 1974 quem
472 1887 569 1957 decet
583 1909 698 1957 omnis
711 1887 832 1976 gloria,
852 1889 961 1956 lronor
977 1901 1009 1956 et
1026 1885 1174 1974 potentia
1190 1907 1283 1955 nunc

30 1985 198 2065 cisernper,
218 1989 251 2046 et
272 1978 306 2044 in
325 1975 441 2045 secula
462 1975 671 2057 seculorum,
699 1983 815 2046 tmen.

186 2343 252 2442 ns
287 2261 339 2441 ss
362 2341 628 2442 srnrntno
662 2331 1109 2442 rnorontnrnu*

87 2563 243 2631 strttrt
274 2563 512 2630 tutudisti
543 2563 716 2628 NYSSAE
748 2562 1018 2628 Ponrttttts
1049 2561 1221 2628 nutrio

244 2777 342 2824 terno
367 2774 539 2824 resncrsco
562 2773 635 2822 zrno
661 2773 836 2822 tunonensi
861 2775 1065 2822 rutenenses.

66 2947 137 3030 it.
163 2955 273 3032 Quam
304 2950 479 3040 praeclara
510 2950 678 3020 bonorum
705 2951 834 3030 series,
868 2969 972 3036 quam
997 2948 1111 3018 dulcis
1144 2949 1291 3018 laetitiae

32 3039 205 3107 successioi
233 3039 424 3109 Ecceenim
442 3038 673 3109 celebritatem
704 3060 743 3108 err
771 3037 978 3116 celebritate,
997 3051 1031 3105 et
1057 3038 1202 3127 gratiam
1230 3058 1293 3135 pro

32 3125 123 3205 gratia
152 3129 378 3218 suscipimus.
415 3129 494 3198 Heri
533 3150 594 3198 nos
626 3128 759 3218 excepit
792 3126 948 3197 convivio
983 3145 1097 3194 rerum
1132 3127 1289 3196 omnium

48 3285 62 3342 y*
76 3287 104 3325 ite
118 3287 264 3330 sanctissimi
278 3289 462 3338 Protomnrtyris
476 3285 557 3334 netuli,
573 3285 709 3328 intentione
724 3289 748 3327 et
765 3287 920 3328 trnnsintionc
931 3286 1011 3326 verine
1021 3287 1077 3326 sunt
1088 3286 1235 3326 eruditorum
1246 3288 1294 3335 rpi-

33 3343 108 3378 ttoner.
125 3344 170 3387 ttst,
184 3353 231 3392 qrro
249 3343 279 3382 sii
296 3343 374 3383 nntnie
390 3343 502 3390 pertinet,
515 3341 575 3382 lieno
589 3339 660 3386 diem.
670 3350 683 3381 s
693 3342 715 3382 S.
726 3337 852 3390 Augustini
861 3349 925 3386 sevo,
936 3339 1040 3380 Ecclesia
1050 3339 1167 3384 universe,
1177 3343 1204 3378 ui
1214 3341 1235 3379 S.
1246 3341 1294 3380 Ste-

34 3387 91 3432 rtsni
106 3397 186 3440 nstsie,
202 3395 396 3436 constantissime
413 3396 549 3437 celebreris
568 3395 618 3444 Quo
636 3391 687 3434 loco
706 3397 786 3434 nutem
797 3396 848 3443 ipse
857 3391 976 3443 lapidibus
985 3391 1085 3433 obrutus
1093 3397 1136 3438 est,
1147 3394 1294 3442 magnificem

35 3439 138 3487 basilicam
150 3447 254 3490 Endocin
270 3449 412 3500 imperatrix
426 3448 563 3490 sediticsvit„
581 3449 638 3488 Tem
655 3457 725 3498 porro
739 3457 755 3487 a
768 3447 867 3492 Latinis,
876 3457 946 3496 qnnm
956 3455 970 3486 s
980 3444 1076 3486 orsects
1085 3447 1201 3491 Petribus.
1212 3449 1234 3486 s.
1245 3445 1294 3486 Ste-

35 3495 111 3538 ttirsnns
120 3501 299 3550 Antissam,
308 3513 351 3544 scu
360 3504 518 3544 Disconnrunn
529 3497 687 3548 Primicerins,
697 3499 805 3551 idemque
814 3501 838 3545 et
848 3497 1158 3559 protomartyr,appelletur.
1174 3501 1221 3540 tice
1234 3509 1294 3558 ⁸reno

36 3555 215 3596 ttmmmsnenm
230 3553 299 3596 nobis
309 3557 403 3598 videtur
413 3556 443 3596 sd
453 3555 512 3596 haec
522 3555 608 3596 sddere
620 3555 659 3595 ss.
671 3555 759 3602 Patres,
768 3559 795 3594 ut
806 3551 829 3593 in
840 3555 898 3604 ipsis
909 3554 1069 3600 Orsiionrbus,
1077 3561 1136 3602 ques
1150 3552 1187 3594 nio
1202 3553 1294 3593 edimus

37 3599 72 3650 list
81 3607 160 3654 potest,
169 3610 286 3656 quun-m
296 3609 333 3652 ss.
344 3610 464 3659 stephani.
473 3609 571 3650 insanis
585 3607 749 3658 Eatnpeiistte
764 3609 788 3648 et
804 3605 968 3648 innocentium
986 3607 1111 3646 sertorum
1128 3605 1294 3656 congruentias

38 3657 152 3714 tunicato
162 3659 300 3704 Natiuitatis
310 3661 402 3704 Domini
412 3660 543 3704 invenisse:
553 3671 600 3711 qus
609 3663 639 3702 de
648 3671 674 3702 re
683 3661 755 3702 setta
763 3661 820 3702 tineo
828 3658 995 3701 concomitantia
1003 3660 1122 3700 dicuntur.
1131 3659 1154 3700 Β.
1163 3661 1296 3719 Bernartius

38 3715 125 3752 omnium
140 3713 272 3764 Martyrum
286 3715 476 3766 conjunctionem
493 3725 546 3760 cnm
564 3711 659 3756 christo
676 3710 700 3754 in
710 3711 874 3764 hrrtnscemodi
884 3711 962 3754 Festis
971 3713 1043 3759 videt,
1052 3713 1297 3761 martyrumsctnoet,

38 3761 129 3804 saturante
137 3772 156 3808 et
164 3779 228 3819 opert
233 3784 242 3820 ,·
254 3769 384 3818 mmmmm
394 3772 503 3810 turstatt
513 3775 532 3810 et
542 3781 584 3809 nnn
594 3779 657 3818 opere
662 3783 671 3817 ,·
680 3768 811 3817 Martyrum
822 3769 916 3808 demum
928 3777 992 3816 opero
1001 3771 1020 3806 rt
1030 3778 1073 3806 sorr
1081 3765 1297 3818 voiuntatstttamer.

39 3811 79 3853 tn.
94 3816 117 3870 ll·
127 3839 150 3848 -
160 3819 203 3870 Qui
212 3823 304 3873 primns
314 3824 336 3864 S.
347 3821 459 3874 stepnsnt
470 3823 649 3872 protomartyris
659 3831 738 3862 scores
748 3822 863 3870 reliquias
873 3820 897 3860 in
908 3817 1058 3860 Occidentem
1069 3817 1188 3864 detulerit,
1198 3819 1294 3860 Orosius

39 3864 80 3911 init,
93 3875 116 3910 nt
132 3869 156 3912 in
171 3875 235 3916 trist
250 3873 363 3924 ltpistnis,
378 3885 438 3927 quse
457 3877 483 3916 in
501 3875 565 3916 iinrii
575 3875 626 3914 Vol.
636 3883 685 3920 srrr,
696 3874 963 3926 psgg.tt·1ocnsbstnr.
972 3873 1070 3923 legitur:
1079 3873 1104 3914 id
1114 3873 1176 3922 qnod
1187 3881 1247 3912 enno
1259 3874 1298 3913 tto

41 3923 114 3963 eccidit
127 3927 224 3974 Verum.
238 3930 315 3972 totum
331 3931 437 3982 eiusdem
456 3939 555 3980 corpus.
572 3929 634 3978 quod
651 3929 728 3969 adhuc
743 3932 867 3977 superaret
884 3937 897 3967 o
914 3927 1047 3968 Jerusalem
1063 3926 1298 3986 constantinopolim.

40 3977 90 4012 nnnc
102 3979 144 4025 tte,
156 3977 221 4022 sciis
235 3981 338 4025 Endocis
351 3983 495 4034 imperatrix,
510 3982 637 4024 Theodosii
650 3983 672 4022 11
683 3991 748 4027 uxor,
759 3980 889 4026 transtulit,
898 3977 985 4030 ibique,
995 3980 1019 4020 in
1032 3981 1053 4020 s.
1063 3979 1185 4021 Laurentri
1195 3979 1298 4020 anliicn

42 4032 98 4070 qnam
109 4030 342 4080 tnnomdcentissime
350 4038 489 4078 recondidit.
500 4038 568 4078 eires
576 4036 695 4078 deinums
716 4035 827 4085 stepnsnt
841 4034 870 4075 sd
878 4033 965 4075 Urbem
972 4035 1151 4076 “afflictionem
1159 4042 1229 4082 quern
1237 4034 1300 4084 Pnps

44 4076 139 4130 turgius,
149 4090 174 4127 nt
184 4085 208 4128 in
221 4089 338 4142 Manyrtt.
349 4093 409 4133 torn.
422 4091 452 4131 sd
461 4092 522 4132 diem
534 4089 613 4139 imsti
622 4089 731 4140 legimns,
741 4089 846 4139 pertenit,
856 4098 885 4127 en
896 4087 1007 4136 quidnam
1018 4088 1042 4127 tn
1052 4088 1102 4128 suis
1114 4089 1178 4128 Notis
1193 4088 1223 4127 sd
1236 4085 1299 4128 idem

46 4129 204 4191 'triticiam
218 4143 335 4184 Berenice
350 4142 500 4194 conscripsit:
516 4143 526 4166 ⁶
537 4143 659 4183 Habentur
669 4143 704 4182 ret
714 4143 794 4190 pestes
803 4143 885 4181 vetars
893 4143 1048 4182 monumenta
1058 4141 1153 4190 scriptis
1166 4141 1277 4182 mentitis
1286 4151 1300 4180 s

46 4179 108 4234 bilior
119 4193 292 4252 'arcntdtnconm
308 4198 349 4238 sed
365 4207 425 4247 quse
442 4207 490 4240 nnn
505 4197 597 4239 modion
614 4197 767 4245 emunctione
786 4194 912 4244 indigeant.
929 4196 1041 4246 Legimus
1055 4204 1084 4236 ea
1098 4195 1123 4235 in
1137 4195 1181 4236 end.
1195 4207 1235 4236 ms.
1252 4204 1299 4235 mo·

49 4241 124 4282 isauris
138 4247 159 4288 ti,
174 4247 291 4290 cccciiise
305 4251 482 4294 ursnsttbertm.
497 4251 581 4293 Petrus
597 4251 655 4291 disc.
671 4251 761 4290 cunin.
775 4250 801 4290 in
816 4247 864 4290 tit.
877 4249 902 4288 rte
920 4247 981 4289 Viris
995 4247 1079 4288 ttiustr.
1096 4250 1186 4288 itemst.
1206 4249 1299 4294 turm»,

50 4294 87 4336 “ii
94 4294 232 4350 ittuntur,
241 4304 349 4344 sunctum
358 4305 491 4348 Brnnonem
501 4307 641 4356 Episcopum
651 4302 773 4353 Signinum
783 4303 811 4344 de
822 4311 849 4342 et
859 4303 1016 4342 irensisttone
1025 4299 1151 4350 scripsisse
1162 4311 1300 4344 sermonems

51 4337 224 4426 {flinsteesptta
241 4359 275 4402 4⁵,
290 4353 360 4401 scuit.
369 4355 441 4399 stium
455 4359 553 4408 insuper
565 4367 696 4398 sermonem
707 4357 868 4404 conscriptum
879 4365 931 4396 esse
942 4365 955 4395 ι
965 4357 1033 4396 Petro
1046 4357 1152 4406 ejusdem
1163 4354 1300 4396 monasterii

65 4393 204 4448 stilatlnecnrin
220 4408 248 4449 de
269 4409 349 4450 eedem
365 4411 520 4452 irnnsiniicne
541 4411 745 4459 constentinnpoli
765 4411 827 4450 teoto
842 4409 967 4467 nomem,

119 4485 257 4547 snmus·
278 4489 360 4551 Vitae
375 4489 426 4553 SS.
440 4525 452 4538 ·
467 4491 537 4552 t'ol.
552 4489 614 4551 itit.
1184 4487 1223 4549 29
