2972 4826
256 291 318 356 not
506 311 544 355 aa
569 311 596 356 s.
624 309 780 355 suaaosro
805 309 853 354 cr.
882 309 1008 355 uuorot.
1035 307 1072 354 ar
1096 305 1186 355 noer.
1341 286 1414 350 buu.
1437 287 1449 348 ῖ

212 393 395 485 superbiae
420 405 551 464 tumore
574 392 761 483 completi,
791 413 851 462 uec
877 414 1046 462 memores
1076 391 1340 482 promissorum,
1360 400 1452 456 conte·

213 495 369 552 muentes
394 488 499 552 ileum
525 483 559 550 in
587 481 761 552 sacerdote
786 482 917 572 ipsiuS,
945 503 1007 551 nec
1029 479 1138 582 plebis
1156 477 1371 569 exspectantis
1389 495 1476 545 con-³

212 572 402 642 siderantes
422 571 604 661 injuriam,
631 572 853 640 immemores
875 571 977 640 etiam
1003 571 1173 640 dictorum
1202 568 1451 639 Dominicorum:

213 663 376 744 Quoniam
400 661 461 750 qai
483 662 771 730 scandalizaverit
798 681 903 729 annm
933 683 978 728 eso
1001 661 1150 728 minimis
1174 661 1271 738 istra,
1296 666 1406 746 oportet
1427 664 1476 752 ntp

211 753 301 818 mola
321 751 475 818 asinaria
498 753 582 818 collo
609 752 682 840 ejas
709 751 777 817 alli
800 761 895 830 etur,
923 760 955 818 et
983 749 1199 838 demergatur
1227 750 1262 816 in
1277 743 1454 840 profundata

211 841 317 907 maris
334 838 468 928 (Matilo.
488 837 593 926 xvur),
612 857 757 908 eonscen
784 851 881 907 entes
900 840 934 906 in
951 857 1058 924 equos
1072 837 1172 924 quasi
1213 836 1296 905 ratilr
1311 830 1451 923 gestandi,
1475 817 1476 886 l

212 927 382 995 civitatem
407 929 536 1017 egressi
557 940 649 1009 sunt,
676 938 895 1017 exspectante
912 926 1098 1007 sacerdote,
1114 939 1146 994 et
1167 859 1265 1015 piebe
1287 924 1320 992 in
1337 920 1455 990 ecclesia

212 1016 409 1086 constituta.
438 1017 500 1086 Sed
527 1015 633 1105 hujus
657 1017 895 1085 contumaciae
914 1016 973 1102 qai
1003 1014 1083 1086 linis
1106 1013 1220 1096 luerit,
1249 1015 1397 1082 horresco
1418 1029 1455 1075 re·

212 1106 336 1174 tereus.
364 1104 484 1175 Subito
498 1105 590 1174 enim
611 1105 835 1194 praecipitati,
857 1107 1000 1173 miseras
1017 1105 1151 1173 animas
1168 1102 1363 1180 emiserunt,
1377 1111 1454 1184 amur

212 1216 355 1284 corpora
381 1192 519 1262 illorum
538 1193 736 1282 sepulturae
754 1207 836 1262 sunt
855 1193 990 1262 tradita.
1014 1197 1158 1262 Sanctus
1175 1213 1254 1261 vero
1271 1188 1453 1260 Ambrosius.

212 1305 292 1352 cum
319 1283 491 1373 ignoraret
514 1282 596 1370 quid
627 1282 753 1352 iactum
779 1294 878 1364 esset,
901 1303 963 1352 uec
986 1280 1119 1351 diutius
1140 1293 1254 1371 posset
1278 1278 1399 1370 plebem
1422 1287 1454 1343 te-

213 1391 305 1450 nere,
330 1372 519 1442 ascendens
540 1392 601 1460 pro
627 1370 802 1451 tribunali,
826 1372 868 1440 de
891 1371 1009 1440 eadem
1031 1372 1241 1458 quaestione,
1263 1387 1348 1455 quae
1371 1365 1455 1434 luerat

214 1460 414 1551 proposita,
442 1479 634 1530 sermonem
662 1459 809 1528 adorsus
832 1470 905 1540 est,
931 1459 1074 1529 dicens:
1102 1460 1319 1537 «Debitum,
1349 1455 1454 1523 iratres.

127 1621 131 1630 ,
212 1571 295 1619 curo
319 1548 545 1629 solvendum,
573 1548 630 1618 sed
657 1548 834 1618 hesternos
859 1570 925 1619 oon
953 1549 1088 1617 invenio
1119 1547 1316 1627 creditores,
1335 1569 1351 1611 n
1373 1557 1401 1612 et
1421 1563 1456 1608 rr.-

213 1637 319 1725 liqua‚
345 1659 432 1724 quae
456 1638 584 1728 scripta
609 1649 689 1706 suot
714 1638 747 1704 in
776 1637 888 1718 libro,
914 1636 1042 1726 quide
1081 1638 1316 1706 incarnatione
1352 1631 1458 1701 ilorniai

213 1725 419 1796 intitulatur.
1441 1807 1444 1816 Ι

258 1822 277 1896 §
301 1819 347 1886 9.
376 1815 495 1884 Occiso
519 1815 633 1902 itaque
653 1815 848 1883 Gratiano*
874 1819 1093 1904 imperatore,
1122 1812 1310 1903 recipiendi
1334 1827 1458 1897 corporis

212 1904 287 1992 ejus
310 1909 426 1986 causi,
446 1904 632 1974 secundam
654 1903 688 1938 ⁴²*
704 1903 746 1972 ad
770 1903 952 1973 Maximum
980 1904 1132 1993 suscepit
1147 1902 1362 1991 legationem.
1386 1893 1457 1987 Apul

215 2013 316 2080 quem
341 2013 445 2080 quam
471 2005 667 2062 constanter
682 1993 800 2082 egerit,
827 1993 886 2080 qui
905 1993 1048 2063 voluerit
1067 2011 1286 2082 cognoscere,
1312 1991 1411 2079 ipsius
1428 1985 1459 2051 le·

212 2081 362 2239 pationis
382 2081 585 2172 epistolam,
616 2081 657 2150 ad
681 2081 956 2151 Valentinianum
977 2082 1151 2171 juniorem
1180 2079 1232 2115 *⁸*
1253 2078 1378 2158 datam,
1400 2093 1457 2144 cau

226 2172 343 2260 egerit,
362 2171 578 2261 approbabit.
599 2171 701 2240 Nobis
726 2171 817 2240 enim
843 2169 995 2239 alienum
1017 2193 1036 2238 a
1060 2168 1287 2258 promissione
1304 2170 1406 2237 visum
1426 2173 1459 2258 est

212 2258 271 2327 illa
294 2260 465 2340 inserere,
496 2281 538 2328 ue
568 2259 749 2348 adjunctae
772 2258 936 2348 epistolae
961 2259 1137 2349 prolixitas
1154 2257 1333 2328 lastidium
1360 2255 1457 2341 legenti

213 2348 357 2417 allerret.
385 2352 503 2437 Ipsum
532 2369 608 2416 vcro
633 2349 817 2417 Maximum
850 2369 869 2416 a
898 2347 1155 2417 communionis
1179 2346 1352 2416 consortio
1374 2359 1458 2430 segre·

212 2438 315 2526 gavit,
343 2435 533 2506 admonens
547 2449 586 2506 ut
604 2437 704 2507 eiiusi
729 2436 911 2524 sanguinis
936 2436 1068 2505 domini
1086 2437 1153 2515 sui,
1172 2447 1204 2504 et
1219 2434 1328 2524 (quod
1345 2445 1392 2502 cst
1406 2447 1458 2519 grc-

217 2526 309 2612 vius)
333 2525 537 2606 innocentis
560 2540 673 2614 ageret
699 2525 967 2614 poenitentiam,
995 2527 1022 2593 si
1048 2525 1114 2594 sibi
1139 2525 1231 2613 apud
1259 2529 1364 2593 Deum
1390 2516 1459 2613 vellet

215 2635 288 2683 esse
307 2612 517 2683 consultum.
546 2615 608 2682 Sed
635 2614 691 2683 ille
708 2635 786 2683 cum
810 2615 1051 2704 poenitentiam
1078 2613 1227 2683 declinat
1244 2611 1390 2701 superbo
1411 2627 1460 2706 spt-

215 2703 295 2783 ritu,
323 2724 390 2771 non
412 2701 523 2772 solum
550 2702 720 2782 futuram,
748 2701 929 2771 sedetiam
952 2716 1160 2792 praesentem
1189 2701 1334 2770 salutem
1359 2705 1459 2767 amisit.

213 2811 428 2880 regnumque
441 2791 533 2878 quod
552 2791 639 2860 male
661 2793 864 2881 arripuerat,
883 2791 1052 2862 foemineo
1071 2789 1221 2878 quodam
1245 2789 1366 2859 timore
1383 2786 1461 2873 depo·

214 2881 293 2961 suit,
313 2893 350 2948 ut
369 2892 622 2968 procuratorem
645 2901 680 2949 se
707 2880 917 2970 reipublicae
942 2881 1080 2950 nominc
1102 2879 1292 2968 praefuisse
1311 2875 1461 2948 confitere·

212 2981 279 3037 tur.
291 2973 421 3038 iliortua
439 2990 515 3036 vero
532 2968 759 3049 lustinum,
772 2969 912 3056 quidam
932 2991 1079 3058 aruspex
1096 2967 1319 3038 Innocentius
1335 2963 1459 3035 nomine.

213 3077 281 3126 non
309 3078 430 3147 opere,
452 3077 532 3128 cum
559 3079 620 3146 pro
648 3079 752 3128 causa
782 3056 1030 3127 maleficiorum
1057 3079 1076 3126 a
1099 3056 1218 3147 judice
1246 3065 1460 3146 torqueretur,

212 3145 306 3215 aliud
327 3167 431 3234 quam
450 3146 729 3236 interrogaretur,
756 3145 853 3216 lateri
872 3148 1000 3244 caepis
1022 3145 1197 3216 Clamabat
1220 3145 1335 3222 enim,
1360 3144 1400 3210 ab
1419 3157 1462 3205 an·

212 3234 289 3326 gelo
307 3236 435 3324 majora
455 3249 623 3306 tormenta
639 3235 706 3305 sibi
722 3234 878 3305 adbiberi
895 3257 946 3318 co,
969 3235 1029 3323 qui
1046 3233 1235 3304 custodiret
1254 3231 1460 3323 Ambrosium,

212 3323 375 3410 qtrouiam
409 3324 622 3415 temporibus
644 3325 799 3394 lustinae
830 3325 872 3393 ad
902 3324 1080 3394 excitanda
1108 3322 1187 3392 odia
1218 3321 1416 3412 populorum
1438 3333 1462 3410 [Β

212 3414 444 3504 Episcopum,
474 3433 637 3482 cacumen
664 3414 741 3483 tecti
765 3413 929 3483 ecclesiae
953 3412 1212 3492 conscendens,
1241 3410 1353 3480 medio
1378 3415 1463 3505 npctts

212 3503 465 3572 sacrificaverit.
493 3502 555 3572 Sed
585 3516 713 3589 quanto
741 3503 924 3572 instantius
951 3513 983 3572 et
1000 3499 1180 3572 sollicitius
1208 3521 1312 3588 opera
1337 3495 1463 3582 maligna

213 3593 412 3672 exercebat,
439 3603 534 3660 tanto
559 3589 669 3681 magis
697 3612 794 3662 amor
824 3590 943 3682 populi
971 3591 1063 3660 circa
1090 3589 1193 3658 iidem
1224 3585 1421 3657 catholicam
1441 3587 1463 3674 el

215 3681 347 3750 bomini
374 3679 583 3750 sacerdotem
605 3680 874 3752 convalescebat.
893 3681 1026 3750 itisisse
1039 3679 1142 3748 etiam
1160 3699 1196 3747 se
1212 3677 1402 3748 daemones.
1419 3685 1464 3753 qu

239 3843 251 3870 ⁸
266 3841 400 3889 Gratianus,
415 3841 573 3884 valentiniani
589 3844 599 3882 1
614 3845 638 3882 et
652 3843 762 3884 iustiucc
777 3840 847 3889 illins,
862 3853 924 3884 anuo
938 3845 985 3890 883,
1000 3845 1117 3894 Lugduni.
1128 3845 1157 3884 ab
1169 3843 1320 3894 Andrcgcalo,
1330 3838 1405 3880 erasus
1414 3838 1463 3882 prii·

212 3895 273 3935 iocto
287 3901 310 3935 ot
325 3896 419 3937 Maximi
429 3897 524 3945 tyranni
535 3894 605 3941 socio.
617 3896 679 3937 inter
690 3899 798 3937 convicta
809 3895 950 3938 interiectus
961 3897 1012 3938 luit.
1025 3899 1098 3946 Quam
1109 3899 1199 3938 cladem
1209 3897 1250 3937 din
1260 3899 1281 3936 S.
1292 3893 1417 3950 ‚ambrosius
1428 3884 1465 3932 ill·

210 3949 279 3994 ravit,
293 3947 341 3998 qui.
355 3951 417 3990 inter
431 3951 483 3994 atta.
501 3951 558 3990 bueo
572 3951 657 3992 effatos
674 3953 721 3992 ert:
740 3952 750 3972 ⁸
765 3951 880 3992 Percussa
896 3961 955 3998 cres.
970 3948 1080 3998 itcoleata,
1097 3949 1122 3992 in
1136 3949 1234 3992 multia
1247 3942 1464 3997 consumment*

211 4003 349 4042 Gratianum
360 4033 370 4054 „
381 4003 423 4053 (De
432 4005 490 4042 obtin
504 4001 663 4054 Valentiniani).
1446 4041 1449 4048 ,

238 4055 263 4084 '⁸
280 4059 344 4096 anuo
354 4059 399 4096 aar.
410 4059 456 4096 (tur
466 4059 487 4096 8.
499 4057 635 4097 ambrosius
647 4055 709 4097 bano
719 4057 860 4107 legationem
870 4057 901 4098 ad
917 4053 1052 4102 mximum,
1063 4059 1105 4106 qm
1114 4057 1224 4098 Treveris
1236 4055 1341 4103 degebat.
1348 4039 1464 4095 anscelffll·

211 4110 261 4158 ipae
271 4110 336 4148 bisce
347 4108 425 4150 verbis
437 4108 555 4150 declarat:
567 4112 577 4132 ⁸
588 4112 635 4160 Ego
645 4113 702 4150 tuus
712 4111 797 4150 iterum
809 4111 902 4160 legatus
912 4108 1014 4161 repetivi
1023 4111 1119 4156 Galum.
1129 4112 1153 4152 et
1163 4108 1221 4152 mibi
1231 4111 1298 4150 dulce
1309 4117 1349 4156 pro
1359 4104 1424 4144 salute
1432 4099 1464 4134 tn·

211 4163 295 4212 primo,
310 4163 394 4203 deinde
411 4173 454 4213 pro
470 4173 534 4212 pace.
549 4167 619 4212 atque
632 4162 719 4214 pietate
729 4173 777 4212 qut
785 4165 901 4204 iratorum
912 4165 1027 4226 reliquias
1036 4163 1179 4214 postulabas,
1189 4165 1290 4204 noudum
1301 4171 1342 4211 pro
1353 4160 1374 4197 tc
1384 4153 1463 4194 securi!

212 4218 291 4298 affin
296 4215 1082 4319 {2:ssppppppppflnpprgppppplpp,,ipmfflpnossppnganpgpr⁰.ius
1094 4269 1229 4312 Orationem
1239 4266 1293 4309 iecit
1303 4257 1464 4308 calomniam

211 4325 265 4372 post
282 4323 395 4367 Gratiani.
414 4323 519 4371 ojrrsdem
536 4321 625 4368 fratris,
641 4333 729 4366 necem.
746 4324 774 4363 ud
793 4325 960 4372 Theodosium,
975 4325 1016 4374 qui
1035 4325 1093 4365 tuno
1111 4327 1135 4366 tu
1151 4321 1246 4364 Oriente
1256 4331 1294 4363 rea
1304 4305 1463 4370 gerebatcelctl

213 4385 301 4455 etat·
308 4375 646 4476 tttttatttttttt‘autt
655 4377 757 4470 atim
765 4379 879 4470 :ttt‘ttt
887 4379 931 4419 ⁰⁵²·
