2954 4816
210 307 272 372 tot
502 321 540 366 na
563 319 751 367 nirivirira
775 319 967 368 suavisonis
991 317 1103 366 nosini
1281 297 1358 362 lllll.
1379 297 1410 360 25

168 409 345 487 habentes;
380 407 443 488 lac,
471 404 650 495 peregrino
677 417 710 473 et
742 425 828 474 novo
852 403 954 474 modo
978 403 1102 483 tluens;
1139 401 1264 481 ubera,
1293 400 1410 489 longai

168 496 318 568 naturali
342 492 591 566 consuetudine
613 516 652 562 ac
670 493 742 584 lege
756 493 880 574 aliena;
901 499 1039 562 lintrem
1057 489 1193 561 Domini
1210 489 1411 578 descriptam:

168 587 294 746 {losbeph
320 603 486 674 sponsum
505 582 640 664 Mariae,
657 584 935 652 communionem
957 582 1031 671 ejus
1056 600 1123 650 nnn
1146 599 1192 651 re.
1220 577 1278 650 sed
1300 577 1415 647 nomine

195 687 364 746 acntem.

214 767 296 852 §2-
326 760 476 830 Audistis
505 759 607 849 paulo
633 772 711 830 ante
742 765 867 831 Lucam
901 758 1159 850 evangelistam,
1186 758 1366 829 dicentem:
1389 758 1416 820 ti

171 855 242 922 tttts
258 853 372 920 diebus
396 852 482 918 aaut
505 850 650 918 edictum
666 872 688 918 a
713 853 854 920 Cursore
870 854 1032 940 Augusto,
1050 860 1088 918 ut
1105 848 1342 920 describeretur
1357 845 1418 912 uni-

170 963 283 1010 versus
300 941 386 1007 orbis
408 938 501 1038 (Luc.
527 935 579 1040 ii).
605 940 694 1006 Haec
723 951 837 1008 autem
863 937 1047 1026 descriptio
1078 939 1209 1026 prima,
1237 934 1322 1004 lanta
1344 945 1418 1002 esta

171 1028 328 1098 Praeside
353 1031 470 1116 Syriae
484 1030 620 1116 cyrino.
639 1031 677 1094 Et
697 1026 792 1096 ibant
819 1048 950 1108 omnes,
970 1039 1009 1096 ut
1029 1027 1282 1115 profiterentur,
1312 1019 1418 1110 singuli

172 1119 206 1188 in
224 1137 323 1186 suam
341 1115 524 1184 civitatem.
547 1114 706 1184 Ascendit
722 1129 835 1184 autem
851 1132 884 1189 et
902 1117 1027 1205 loseph
1046 1137 1066 1184 a
1083 1115 1234 1186 Galilaea
1250 1111 1418 1181 decivitate

171 1205 334 1276 Nazareth
350 1204 385 1272 in
406 1203 573 1274 Judaeam
590 1203 625 1272 in
643 1204 813 1274 civitatem
840 1204 956 1281 David,
981 1225 1069 1292 quae
1096 1217 1237 1275 vocatur
1259 1199 1418 1270 Bethleem.

171 1317 210 1364 eo
225 1292 315 1386 qupd
330 1304 418 1362 esset
431 1291 474 1361 de
492 1291 594 1362 domo
611 1305 642 1362 et
664 1292 795 1362 lamilia
816 1293 931 1375 Daiid,
951 1305 987 1362 ut
1006 1293 1222 1384 profiteretur
1241 1311 1318 1360 cum
1337 1286 1419 1356 liaris

172 1383 378 1472 desponsata
408 1380 476 1450 sibi
499 1401 615 1463 uxore,
643 1395 864 1471 praegnante.
894 1381 992 1452 Vides
1027 1403 1131 1469 quam
1164 1379 1300 1470 exiguis
1316 1375 1417 1446 verbis.
1466 1428 1469 1463 5

172 1494 277 1560 quam
308 1491 434 1561 magna
470 1469 808 1558 comprehendantur
840 1472 1026 1562 mysterial
1059 1472 1226 1540 Dominus
1259 1477 1421 1556 conceptus
1466 1482 1467 1485 ’

172 1573 244 1630 erat
268 1560 302 1627 in
317 1570 433 1628 ventre
457 1559 617 1660 Virginis,
636 1571 668 1628 et
692 1559 804 1648 prima
830 1561 997 1651 gentium,
1023 1559 1165 1650 Augusti
1195 1557 1318 1636 edicto,
1345 1553 1421 1623 insti-

174 1649 335 1718 tuebatur
368 1647 565 1748 descriptio.
592 1647 657 1730 Qui
684 1668 821 1718 omnem
851 1661 1010 1719 naturam
1047 1647 1138 1740 apud
1176 1669 1213 1717 se
1237 1645 1421 1733 descriptam
1469 1670 1470 1673 ¹

175 1739 289 1819 habet,
309 1737 438 1824 quique
461 1735 644 1826 discipulis
674 1736 747 1806 suis
771 1738 832 1806 ait:
859 1739 1006 1808 Gaudete
1030 1749 1061 1807 et
1089 1740 1258 1817 cucullata,
1288 1734 1421 1836 quomam

173 1830 309 1898 nomina
333 1837 443 1894 vest-ru
460 1828 587 1916 scripta
604 1835 682 1894 sunt
701 1827 737 1894 iri
758 1827 848 1896 eaelo
864 1827 955 1916 (Luc.
977 1826 1023 1915 x),
1050 1825 1107 1896 ille
1124 1847 1225 1896 suam
1239 1826 1348 1913 ipsius
1370 1840 1422 1886 ma·

174 1929 258 1986 trem
285 1913 632 2004 parvisquibusdam
658 1915 822 1984 Romanis
845 1915 1023 1985 codicibus
1046 1914 1195 1984 describi
1216 1912 1332 1982 voluit.
1358 1907 1422 1991 Quis

174 2026 242 2074 non
269 2002 438 2092 loquetur,
471 2002 549 2088 quis
579 2023 647 2072 non
673 2001 901 2074 admirabitur
923 2003 1213 2104 dispensationem
1243 2001 1422 2093 illamqua
1469 2022 1470 2039 ³

176 2094 341 2164 Dominus
369 2091 412 2160 ad
439 2103 588 2160 nostram
628 2112 664 2160 se
700 2090 838 2161 demisit
865 2089 1202 2176 humilitateleui
1233 2091 1268 2160 in
1305 2083 1423 2159 excelsis

174 2183 261 2253 liber
276 2193 338 2262 est,
351 2181 385 2248 in
404 2180 501 2250 terris
516 2179 734 2249 describitur.
747 2180 822 2251 Illic
847 2181 903 2250 bei
921 2181 1025 2262 filius,
1045 2182 1101 2251 hic
1121 2201 1255 2250 servus.
1275 2178 1347 2248 Illic
1361 2181 1421 2245 ltei.

175 2273 232 2342 hic
256 2269 429 2340 subditus.
456 2273 494 2337 In
519 2268 623 2338 coelis
647 2269 807 2350 diresin
834 2269 931 2339 terris
958 2292 1098 2360 pauper.
1123 2275 1160 2339 ln
1190 2268 1298 2338 coelis
1326 2265 1423 2336 adora-

176 2375 243 2443 tur,
261 2361 296 2428 in
322 2359 420 2428 terris
435 2355 578 2446 vectigal
603 2355 646 2426 ab
661 2379 699 2428 eo
712 2359 871 2448 exigitur,
893 2381 931 2428 ac
952 2358 1106 2428 solvitur.
1125 2357 1201 2428 Illic
1221 2357 1338 2426 divino
1353 2351 1424 2423 sedet

174 2451 209 2518 in
241 2448 375 2528 throno,
404 2445 460 2514 hic
487 2445 522 2512 in
547 2445 673 2536 agresti
707 2459 740 2516 et
764 2448 892 2518 rustica
917 2448 1071 2520 nascitur
1094 2447 1275 2537 spelunca.
1307 2443 1374 2514 lllic
1399 2439 1422 2505 in

174 2549 316 2628 paterno
331 2548 382 2607 est
405 2547 437 2604 et
454 2534 795 2624 incomprehensibili
822 2538 912 2617 sinu,
940 2535 996 2604 hic
1021 2538 1054 2606 in
1081 2557 1183 2626 pario
1200 2535 1374 2605 brutorum
1388 2547 1423 2596 re·

174 2627 323 2697 clinatur
348 2625 516 2714 praesepi.
536 2624 619 2705 Quis
642 2645 708 2694 non
736 2624 927 2694 admiretur
954 2647 1103 2716 superna
1127 2636 1159 2693 et
1179 2623 1345 2694 sublimia
1369 2615 1421 2686 illa.

173 2737 252 2784 cum
270 2713 464 2784 humilibus
480 2723 513 2781 et
533 2711 647 2800 parvis
668 2713 721 2782 his
738 2711 884 2784 collata?
900 2714 1090 2784 involvitur
1115 2713 1246 2794 fasciis,
1268 2711 1327 2798 qui
1348 2704 1424 2777 solvit

174 2803 302 2874 omnia.
329 2801 483 2872 Nutritur
507 2801 547 2882 is,
578 2801 637 2887 qui
669 2802 776 2871 nutrit
795 2803 985 2872 universos.
1019 2803 1085 2885 Qui
1116 2800 1212 2871 nullo
1239 2801 1315 2871 loco
1339 2803 1424 2888 potest

174 2890 432 2981 comprehendi,
453 2911 537 2979 puer
562 2903 710 2980 angusto
733 2891 1040 2981 comprehenditur
1065 2890 1235 2982 praesepi.
1262 2890 1327 2973 Qui
1348 2881 1424 2954 amit·
1460 2882 1464 2975 J

174 2981 214 3050 tit
228 2978 349 3058 fontes,
378 2999 565 3048 mammam
587 2980 690 3068 sugit.
712 2979 861 3062 quitari
883 2981 1012 3062 omnia,
1035 2978 1272 3070 inexplicabili
1296 2971 1422 3065 quodam
1462 2988 1463 3050 i

174 3067 276 3169 modo
303 3066 487 3137 serebatur.
518 3067 582 3150 Qui
604 3089 776 3156 nusquam
802 3089 868 3138 non
894 3081 957 3148 est,
984 3069 1019 3138 in
1049 3069 1172 3160 exigua
1203 3067 1365 3138 iudaicae
1385 3079 1423 3127 rc·
1462 3053 1463 3128 l

174 3177 286 3248 gionis
311 3167 405 3246 parte
426 3157 724 3247 incircumscripte
746 3158 1056 3228 circumscribitur.
1084 3161 1109 3228 Ο
1134 3179 1187 3226 res
1208 3149 1422 3226 admirabile-s.
1459 3163 1471 3198 ·1

138 3251 141 3259 '
174 3261 207 3316 et
229 3247 384 3316 omnium
403 3245 583 3315 hominum
608 3245 847 3336 cogitationem
866 3249 1079 3338 superantesl
1100 3244 1274 3317 Elisabeth
1293 3245 1326 3313 in
1342 3241 1423 3309 doni
1459 3266 1463 3331 ς

175 3336 301 3435 illustri
323 3334 487 3404 loannem
509 3335 651 3424 peperit,
670 3347 703 3404 et
718 3335 818 3426 Virgo
841 3337 918 3424 ipsa
943 3336 978 3404 in
1002 3357 1107 3426 parva
1136 3334 1304 3424 spelunca
1329 3331 1422 3398 lesuin
1460 3338 1471 3356 ’Ν

177 3437 275 3515 parit.
302 3429 451 3494 loannes
475 3422 628 3504 inlecto,
656 3435 687 3494 et
705 3427 870 3494 Dominus
896 3425 930 3494 in
950 3424 1104 3514 praesepi
1129 3422 1326 3494 reclinatur.
1462 3427 1471 3479 f

220 3517 237 3600 ξ
260 3517 306 3585 8.
335 3511 397 3582 Sed
425 3532 491 3580 non
513 3511 717 3612 simpliciter
740 3512 870 3583 lactum
887 3513 1082 3594 credamus,
1101 3525 1138 3582 ut
1162 3513 1357 3604 gigneretur
1375 3508 1423 3594 llos

176 3603 294 3701 minus
309 3607 422 3683 lesus,
441 3599 558 3669 lesciis
578 3599 819 3685 involveretur,
848 3623 1034 3688 mammam
1060 3613 1207 3692 sugeret,
1228 3601 1263 3670 in
1290 3607 1422 3690 praesept

144 3749 147 3756 ,
176 3690 413 3761 reclinaretur.
441 3693 510 3759 Non
544 3701 670 3760 temere
694 3689 821 3761 lactum
850 3691 1106 3772 existimemus,
1138 3701 1177 3760 ut
1205 3688 1267 3758 illa
1294 3691 1422 3757 Caesaris
1470 3697 1471 3700 ’

175 3779 317 3870 Augusti
342 3778 572 3936 descriptione
600 3793 851 3850 numeraretur.
885 3780 1007 3850 Omnia
1032 3780 1115 3850 haec
1147 3793 1240 3849 certa
1263 3777 1303 3846 de
1324 3787 1419 3842 causa.
1470 3781 1471 3802 ³

176 3881 208 3940 ct
239 3867 282 3938 ad
308 3867 412 3937 finem
437 3869 587 3959 aiquem
613 3868 819 3951 factasunt,
853 3868 971 3938 divina
1001 3869 1140 3960 quidem
1165 3863 1419 3956 dispensatione,

178 3958 236 4028 sed
262 3956 422 4027 obscura.
441 3961 487 4025 Ex
512 3956 649 4048 Virgine
675 3958 841 4048 gignitur,
863 3969 901 4028 ut
924 3980 963 4027 ex
991 3970 1082 4028 terra
1106 3957 1237 4047 virgine
1260 3953 1420 4025 lorinatun

178 4048 334 4136 primum
359 4045 458 4115 illum
485 4045 629 4115 humani
655 4049 789 4137 generis
813 4059 989 4138 parentem
1014 4046 1120 4119 Adam
1145 4045 1346 4116 reformaret.
1373 4037 1418 4101 Fa·
1470 4051 1471 4054 ’

180 4135 263 4235 sciis
297 4134 498 4215 involvitur,
525 4147 563 4204 ut
591 4146 808 4225 peccatorum
833 4147 1029 4206 nostmrum
1062 4147 1200 4208 catenas
1223 4129 1418 4222 dissolveret.

179 4223 327 4292 vinculis
344 4222 474 4294 scilicet
489 4222 623 4293 solvens
644 4223 796 4294 vincula:
818 4236 955 4312 peccata
967 4227 1058 4295 enim
1076 4223 1288 4294 vinculorum
1304 4226 1419 4286 nomine

180 4311 411 4399 appellantur,
438 4325 476 4382 ut
503 4311 549 4381 ait
584 4313 781 4403 Scriptura:
811 4317 1039 4406 Unusquisque
1075 4337 1212 4384 suorum
1236 4315 1417 4403 pecrctcrniii
1470 4315 1471 4322 ¹

182 4400 307 4467 cotecis
327 4403 565 4490 constringitur
578 4401 690 4490 (Proc.
718 4403 762 4492 ir).
787 4403 883 4474 surii
905 4424 1104 4486 mammam,
1126 4416 1164 4475 ut
1180 4401 1324 4472 divinum
1346 4380 1415 4458 ittud
