2954 4816
28 301 91 364 llll.
114 302 152 364 24
370 321 407 366 ou
431 321 460 368 s.
486 319 642 368 consumo
666 319 754 367 srou.
781 321 876 366 utar.
1151 300 1214 366 397

27 403 138 472 Flaccus
164 403 266 472 dixit:
294 425 312 469 c
337 403 475 485 Accede,
503 404 696 486 maledicte,
718 415 751 473 et
774 401 828 474 sao
852 403 913 474 tibi
936 403 1019 474 deos
1048 404 1261 474 immortales

26 493 181 592 propitios,
207 503 388 579 antequam
415 509 447 562 tc
472 496 573 564 morti
598 492 743 564 tradam.
773 515 790 558 a
822 497 968 564 Sanctus
996 492 1181 650 Gregorius
1211 513 1262 562 re-

24 581 155 669 spondit:
175 603 191 647 «
217 579 386 651 blaledicti
410 595 492 652 sunt
514 603 636 652 omnes
666 583 726 669 qui
751 581 931 651 considunt
955 581 990 649 in
1017 580 1073 650 ido
1091 582 1130 650 is.
1154 603 1172 646 n
1197 586 1262 650 Au-

22 669 98 738 diens
119 670 179 738 hoc
203 670 356 749 Flaccus,
386 671 512 740 exarsit
536 683 574 739 ut
598 671 700 762 ignis,
719 670 893 756 dixitque:
921 692 939 735 «
964 669 1149 739 Tircanum
1173 667 1260 738 cele-

22 759 84 826 riter
104 759 270 828 accersite.
294 782 313 825 n
337 761 504 829 Tircanus
521 759 630 828 dixit:
654 781 672 825 c
698 763 782 828 Ecce
806 758 942 828 adsum.
968 781 986 826 a

53 849 127 932 ἐϋ.
151 853 234 916 Tum
259 870 338 916 vero
362 848 494 937 impius
518 847 660 917 Flaccus
676 846 782 936 jussit
797 847 936 916 beatum
954 845 1169 936 Gregorium,
1197 859 1263 916 tra-

20 947 93 1004 ctum
111 937 142 1004 in
167 936 320 1006 medium
349 937 656 1026 amphitheatrum,
676 937 788 1026 capite
821 936 985 1007 truncari.
1013 939 1159 1006 Sanctus
1181 955 1260 1004 vero

20 1025 174 1114 Gregorius
195 1026 317 1096 orabat
340 1025 382 1095 ad
417 1026 599 1094 Dominum
629 1027 664 1094 in
702 1024 816 1095 medio
839 1023 1105 1114 amphitheatro,
1128 1023 1259 1092 dicens:

21 1114 236 1184 «Benedictus
262 1115 428 1185 Dominus
453 1119 542 1184 Deus
566 1135 665 1184 meus
695 1126 728 1184 et
752 1119 821 1184 Rex
852 1135 963 1194 meus,
985 1112 1124 1202 adjutor
1148 1134 1257 1193 cneus,

21 1215 46 1266 at
65 1201 207 1272 liberator
223 1225 335 1286 meus,
355 1203 414 1292 qui
435 1225 490 1272 me
515 1203 617 1272 hodie
644 1203 686 1272 de
714 1202 778 1273 hoc
801 1202 918 1273 seculo
942 1201 985 1272 ad
1010 1215 1042 1272 te
1062 1223 1181 1272 vocare
1208 1201 1261 1270 di-

22 1303 122 1376 gnatus
141 1314 186 1361 es.
210 1315 229 1358 a
259 1297 298 1363 Et
322 1292 510 1382 respiciens
530 1290 574 1360 ad
606 1291 753 1376 coelum,
779 1291 912 1361 audivit
935 1312 1051 1362 vocem
1084 1311 1260 1380 magnam,

24 1377 161 1448 dicentem
179 1381 270 1450 sibi:
294 1404 312 1447 c
338 1386 433 1462 Ecce,
455 1381 615 1471 Gregori‚¹
637 1394 822 1450 coronatus
848 1401 897 1460 es,
917 1381 952 1449 in
973 1400 1158 1449 numerum
1184 1399 1261 1447 san-

21 1479 125 1536 ctorum
161 1490 317 1540 meorum
353 1470 551 1559 adscriptus
585 1491 646 1539 es:
680 1469 859 1560 ingredere
894 1468 937 1537 ad
976 1489 1052 1549 ine,
1086 1466 1263 1536 benedicte

24 1556 380 1649 bomini:.praeparata
407 1571 458 1630 est
486 1558 652 1630 habitatio
673 1569 744 1628 tua.
769 1557 925 1629 »Adhuc
952 1556 1078 1648 angelo
1104 1555 1264 1646 loquente

22 1643 54 1740 ab
73 1645 216 1730 lquillno
237 1647 416 1738 spathario
439 1648 550 1737 capite
577 1659 758 1718 truncatus
781 1658 843 1718 est.
871 1646 1037 1715 Tircanus
1061 1667 1140 1715 vero
1159 1644 1264 1733 jussit

23 1729 121 1802 dimitti
141 1733 227 1806 seras
258 1736 441 1818 terribiles,
473 1749 512 1806 ut
534 1758 662 1826 corpus
686 1736 775 1806 beati
801 1735 866 1804 viri
890 1734 1125 1804 absorberent.
1144 1739 1183 1804 tt
1208 1757 1262 1803 ra-

25 1817 99 1889 bidae
120 1821 205 1893 ferae
229 1825 292 1893 ubi
317 1824 360 1894 ad
385 1845 511 1912 corpus
538 1838 705 1895 venerunt
727 1825 902 1894 flectentes
926 1823 1039 1913 capita
1068 1843 1153 1904 sua,
1180 1821 1262 1892 ado-

26 1925 154 1982 raverunt
187 1911 290 1984 illud.
326 1912 364 1982 ld
404 1915 506 1983 turba
545 1935 711 1995 cernens,
749 1935 829 1982 voce
867 1933 993 2004 magna
1034 1911 1261 1980 exclamavit:

25 2018 37 2092 a
59 2001 121 2068 lere
143 2023 291 2092 magnus
316 2014 367 2072 est
394 2007 482 2072 Deus
511 2002 781 2072 Christianorum
798 2023 807 2082 ;
827 2024 845 2068 n
866 2013 899 2072 et
923 2000 1022 2070 multi
1042 1998 1265 2070 crediderunt

25 2105 48 2150 n
70 2089 247 2160 beluinum.
272 2090 417 2162 Flaccus
438 2112 515 2159 vero
531 2089 650 2162 eodem
674 2090 730 2160 die
757 2111 941 2178 percussus
965 2091 1010 2160 ab
1024 2088 1163 2178 angelo,
1185 2109 1264 2158 evo-

26 2193 98 2268 mens
118 2179 274 2250 interiora
295 2202 371 2261 sua,
393 2180 588 2270 exspiravit.
606 2183 736 2270 Corpus
756 2201 834 2248 vero
854 2179 944 2250 beati
962 2179 1115 2268 Gregorii
1127 2177 1265 2278 jacebat

26 2281 49 2326 tn
70 2267 166 2336 medio
184 2269 454 2359 amphitheatro.
473 2273 551 2339 Erat
569 2280 684 2338 antem
712 2268 881 2354 quaedam
908 2268 1034 2339 mulier
1058 2265 1261 2348 Chrrstiana,

25 2351 206 2426 lbundantia
239 2359 392 2427 nomine.
426 2363 472 2426 Ea
503 2356 671 2429 accedens
703 2357 746 2426 ad
772 2357 979 2437 Tircanum,
1007 2356 1105 2448 petiit
1139 2377 1265 2444 corpus

26 2435 91 2539 beati
108 2447 265 2536 Gregorii,
280 2458 320 2515 ut
336 2445 421 2515 illud
439 2445 615 2536 colligeret
631 2445 673 2516 de
689 2444 803 2516 medio
819 2445 1084 2536 amphitheatro.
1101 2445 1266 2530 Tircanus

26 2525 105 2598 dant:
131 2557 147 2598 a
177 2539 219 2604 lla
246 2534 335 2606 mihi
360 2555 482 2604 aureos
507 2537 647 2626 triginta
677 2535 853 2622 quinque,
883 2547 916 2605 et
939 2535 1057 2624 accipe
1081 2554 1218 2623 corpus.
1248 2555 1265 2598 a

26 2613 206 2693 lbuudantia
228 2624 338 2693 dixit:
365 2647 383 2689 «
408 2622 503 2706 Quod
525 2625 641 2713 jubes,
661 2622 771 2694 libens
795 2623 901 2694 dabo:
930 2624 994 2694 hoc
1019 2635 1150 2694 tantum
1170 2642 1263 2712 rogo,

26 2715 51 2802 ttt
68 2707 206 2804 celeriter
222 2712 312 2782 mihi
337 2733 463 2802 corpus
479 2711 590 2782 detur.
612 2735 630 2779 a
656 2713 821 2783 Tircanus
839 2713 897 2782 ait:
916 2736 935 2780 e
959 2713 1047 2782 llller
1073 2711 1158 2780 ritihi
1173 2709 1265 2797 quod

25 2789 85 2874 dm,
100 2811 127 2866 et
149 2799 225 2870 tolle
248 2821 392 2889 corpus.
413 2823 431 2868 »
449 2800 523 2880 llla,
544 2801 734 2871 numeratis
756 2801 788 2870 ei
808 2802 922 2873 aureis
940 2799 1263 2891 trigintaquinque,

25 2885 126 2973 accepit
136 2909 270 2980 corpus,
285 2887 444 2980 gaudens
456 2901 489 2958 et
502 2889 710 2960 benedicens
724 2894 801 2971 Deo,
821 2891 940 2982 sicque
954 2890 1084 2960 dicens:
1097 2912 1114 2956 o
1125 2887 1267 2960 Benedi-

26 2977 266 3072 ctustllominus,
293 2979 448 3064 quinon
473 2979 600 3049 amovit
623 2978 898 3079 deprecationem
925 3001 1049 3060 meam,
1076 2991 1109 3048 et
1133 2977 1266 3048 miseri-

26 3059 145 3132 cordiam
162 3089 258 3136 suam
277 3090 301 3138 a
319 3088 385 3136 me.
404 3090 423 3134 n
440 3072 479 3137 Et
497 3065 653 3158 sepelivit
670 3067 757 3139 illud
776 3067 953 3138 conditum
973 3067 1140 3148 balsamo,
1157 3066 1266 3137 nardo

26 3157 47 3212 tl
64 3157 258 3228 aromatibus
288 3155 461 3247 pretiosis,
482 3169 516 3227 et
541 3157 655 3246 posuit
674 3157 770 3246 juxta
795 3170 933 3246 pontem
961 3156 1135 3248 lapideum
1163 3169 1197 3226 et
1222 3157 1267 3226 ri-

27 3253 94 3316 lun,
116 3245 171 3327 qui
195 3245 468 3336 sanguinarium
497 3245 703 3336 appellatur,
727 3267 833 3335 prope
858 3267 976 3316 muros
1002 3245 1150 3316 civitatis
1175 3265 1268 3314 nono

28 3323 158 3430 lelandus
179 3333 349 3416 ianuarii,
375 3357 453 3404 curn
481 3334 620 3424 hymnis
644 3347 677 3403 et
696 3336 852 3414 canticis,
872 3338 916 3406 ita
942 3335 1082 3404 dicens:
1101 3335 1267 3403 Mirabilis

28 3411 363 3517 &transmontanis
384 3429 469 3494 Deus
488 3427 596 3494 lsrael
610 3427 681 3510 ipse
698 3423 789 3494 dabit
807 3427 968 3494 virtatem
984 3435 1015 3493 cl
1034 3423 1267 3513 fortitudinem
1314 3469 1319 3482 -

29 3503 88 3582 lidi
101 3531 195 3580 sace:
213 3512 406 3584 benedictus
420 3517 506 3581 Deus
522 3513 591 3600 (l’s.
610 3513 678 3600 67).
698 3519 815 3582 tostas
833 3517 990 3584 Dominus
1008 3516 1041 3582 in
1058 3513 1164 3580 verbis
1180 3512 1263 3590 suis,

30 3595 169 3666 etsuoctao
183 3604 217 3670 in
229 3603 384 3671 omnebus
400 3601 553 3691 operibus
564 3604 634 3670 suas
647 3607 717 3691 (Ps.
729 3603 820 3690 tlt);
838 3605 896 3688 qui
908 3601 1090 3672 dalsotum
1108 3597 1264 3687 optandi,

30 3687 51 3768 tt
67 3679 216 3760 benedicit
239 3690 345 3760 annis
365 3691 463 3778 justi.
491 3691 560 3779 Ipsi
587 3691 695 3758 honor
718 3704 750 3759 et
775 3691 896 3782 gloria,
921 3690 996 3760 laus
1020 3704 1052 3758 et
1079 3687 1264 3776 imperium

32 3779 53 3826 n
72 3773 166 3842 secula
191 3779 402 3848 seculorum.
422 3783 524 3848 lmen
543 3778 571 3844 *.

50 3995 132 4062 'illim
144 4006 198 4049 hwa
211 4009 347 4061 subjungit:
364 4013 374 4031 ⁰
393 4013 470 4062 Hujus
485 4015 628 4056 sauctlmlrnl
639 4015 752 4063 Martyris
761 4011 873 4063 reliquias
885 4014 993 4061 religioso
1005 4013 1062 4052 colit
1073 4023 1100 4050 aa
1111 4011 1190 4050 uernat
1200 4008 1270 4050 bodie

65 4061 109 4118 ma
120 4065 293 4111 metropolitana
311 4065 460 4107 camuranam
477 4069 610 4110 summalae
628 4070 724 4116 templo.
740 4069 869 4108 canoram
884 4078 957 4115 arrper
973 4068 1078 4107 tumbam
1089 4062 1162 4104 trium
1171 4065 1270 4114 ttegun,

38 4108 150 4196 ‘afim
161 4125 187 4154 co
202 4122 259 4158 sunt
273 4120 332 4160 ollm
347 4117 420 4160 timul
430 4121 552 4162 adductae.
563 4150 573 4172 ,
587 4123 673 4164 Verum
684 4120 800 4162 balterius
811 4122 868 4161 haec
878 4121 960 4160 habet:
971 4121 982 4140 ¹
992 4119 1133 4172 ltepugnant
1143 4117 1269 4166 propulere·

66 4157 129 4201 ¹⁹²⁰¹³
143 4169 371 4216 ranconaovmtae
381 4173 507 4215 mordentts
518 4177 621 4218 nondum
631 4177 690 4216 sotto
700 4176 848 4219 examinans,
860 4171 924 4216 litem
937 4173 1063 4214 indecisam
1076 4172 1192 4220 relinquo.
1203 4199 1213 4220 .
