2960 4824
244 265 308 329 280
637 284 676 330 nu
700 285 728 330 s.
754 284 888 330 usurum
913 284 1037 330 susurru
1182 277 1186 284 '
1283 333 1285 338 ,
1312 261 1384 328 DEC.
1404 261 1430 322 ll

199 366 419 438 matrimonio
449 367 573 438 Zenoni
603 369 757 440 Isaurico
775 369 803 436 *z
837 381 869 438 et
898 367 1046 456 nuptiali
1066 367 1100 404 ⁸*
1125 365 1206 438 eum
1232 367 1350 436 bonore
1370 386 1433 436 eon·
1464 395 1465 398 ¹

198 457 333 528 solatus
352 455 469 526 afficit.
488 456 617 526 Deinde
639 456 742 527 etium
770 478 850 527 eum
875 457 980 527 mittit
1010 457 1175 526 adversus
1207 455 1369 534 barbaros,
1390 458 1436 546 qui
1464 455 1465 546 Q

198 545 455 637 populabantur
478 545 670 616 Thraciam.
690 545 752 614 Ille
774 558 890 617 autem
913 545 1021 616 simul
1043 568 1125 616 oum
1143 545 1198 626 iis,
1224 545 1283 631 qui
1305 542 1371 632 ejus
1386 545 1435 614 in·
1464 553 1465 642 ζ

197 635 292 725 perio
322 635 498 722 parebant,
528 635 746 724 principibus
769 634 812 704 ad
840 633 937 704 velox
966 634 1148 715 auxilium,
1176 655 1299 723 nempe
1325 633 1434 702 beatum

197 721 352 794 ascendit
376 722 563 792 Danielem.
582 723 645 792 Ille
666 744 744 792 vero
770 723 967 824 prophetice
983 725 1107 794 effatur
1124 734 1158 792 et
1182 721 1343 812 praedicit
1363 721 1436 791 illae·

196 834 275 884 sum
301 833 521 882 reversurum
541 817 728 882 Zenonem:
751 825 784 882 et
798 812 933 899 ahquos
947 811 1088 899 quidem
1106 832 1181 883 esse
1196 812 1228 881 ei
1245 824 1354 900 postea
1369 826 1438 880 stru·

197 911 313 970 cturos
330 899 496 970 insidias:
515 923 594 970 oum
609 913 724 970 autern
751 899 888 970 insidiis
911 900 982 972 lore
1006 899 1230 990 superiorem.
1250 899 1438 970 sufficiebant

196 989 282 1060 haec
306 987 459 1076 quidem,
481 1001 513 1058 et
538 989 625 1058 nihil
649 989 802 1080 amplius
826 989 940 1060 dicere
958 990 1146 1080 oportebat,
1166 985 1225 1058 sed
1250 1011 1290 1058 ex
1309 989 1358 1070 iis,
1372 1009 1439 1074 quae

197 1090 470 1168 praecesserunt,
489 1078 580 1166 quod
602 1079 686 1148 haec
709 1099 847 1166 quoque
867 1079 924 1160 ita,
946 1090 985 1149 ut
1013 1079 1110 1161 dixit,
1138 1078 1228 1148 lacta
1260 1089 1347 1158 sunt,
1370 1090 1439 1145 certo

198 1169 298 1238 scire.
327 1167 489 1237 Dicentur
514 1181 625 1238 tamen
651 1168 734 1237 haec
759 1189 896 1254 quoque
918 1165 1122 1256 sigillatim:
1154 1166 1247 1257 apud
1278 1167 1348 1255 pias
1368 1165 1439 1234 enin

198 1277 300 1325 aures
325 1255 470 1326 habetur
489 1256 609 1336 oratio,
626 1268 659 1326 et
674 1277 762 1342 quae
784 1257 902 1328 omnia
926 1257 1013 1328 scire
1028 1257 1161 1326 sitiunt.
1180 1262 1258 1325 lam
1273 1255 1400 1342 quidem
1413 1275 1438 1320 er

198 1343 400 1416 hominibus
424 1350 488 1414 Leo
512 1357 702 1415 excesserat
724 1349 926 1434 Imperator:
951 1357 984 1414 et
1012 1344 1107 1418 lilius
1130 1367 1169 1415 ex
1196 1349 1328 1414 Zenone
1348 1363 1440 1414 susce·

198 1446 290 1522 ptus,
319 1452 455 1524 parvus,
475 1435 631 1535 inquam,
652 1438 727 1514 Leo,
745 1435 806 1520 qui
829 1436 931 1504 etiam
956 1433 1000 1504 ab
1024 1456 1086 1503 avo
1110 1433 1221 1504 luerat
1245 1433 1440 1502 renunciatus

198 1525 398 1613 Imperator,
427 1541 592 1613 quonium
628 1535 766 1614 propter
798 1522 903 1592 nimis
935 1534 1086 1592 teneram
1117 1533 1263 1592 aemtem
1297 1542 1361 1592 non
1389 1531 1441 1589 erat

198 1611 340 1680 omnino
360 1623 461 1699 aptus
480 1612 522 1682 ad
544 1624 676 1682 tantum
703 1609 1020 1684 administrandum
1044 1612 1244 1699 imperium,
1263 1615 1347 1680 Zeno
1370 1621 1442 1698 pater

199 1699 309 1788 pueri,
336 1721 355 1768 a
379 1713 500 1771 senatu
523 1699 566 1770 ad
591 1711 763 1788 sceptrum
789 1712 839 1770 est
864 1700 1063 1788 perductus.
1093 1701 1180 1770 Huic
1210 1719 1294 1790 ergo
1327 1697 1439 1768 Zenoni.

197 1788 272 1876 ejus
288 1787 428 1876 quidem
446 1789 480 1858 in
502 1789 648 1880 imperio
670 1787 802 1878 college
826 1788 920 1860 lilius
945 1789 1060 1860 statim
1084 1789 1252 1858 decessit:
1282 1789 1441 1883 imperium

197 1889 311 1946 autem
329 1876 372 1946 ad
386 1877 498 1950 solum
516 1890 646 1968 patrem
660 1877 758 1947 redit.
772 1879 942 1950 Omnibus
955 1899 1033 1947 vero
1050 1877 1153 1948 rebus
1167 1876 1442 1964 Romanisquietu

197 1987 237 2036 ac
262 1965 472 2052 tranquillis
491 1967 606 2056 gravis
629 1967 664 2038 in
689 1987 768 2035 eum
796 1968 922 2036 exarsit
952 1964 1084 2036 invidia
1114 1987 1134 2036 a
1156 1967 1337 2058 cognatis:
1363 1978 1400 2044 et,
1417 1973 1443 2030 ut

197 2053 311 2124 dicum
336 2077 416 2125 cum
446 2054 637 2144 Propheta,
667 2055 788 2140 iniquo
815 2055 894 2126 odio
920 2055 1064 2128 oderant
1088 2055 1217 2146 ipsum.
1245 2053 1442 2125 insidiatores

197 2156 310 2212 nutem
336 2156 433 2212 erant
452 2148 609 2214 Armatus
625 2155 658 2214 et
674 2143 871 2216 Basiliscus.
887 2148 970 2214 Cum
986 2165 1024 2212 er
1048 2164 1069 2213 o
1084 2165 1186 2233 saepe
1202 2149 1292 2214 Zeno
1306 2141 1443 2214 sensisset

196 2232 355 2313 insidias,
378 2253 480 2303 omne
502 2232 643 2320 quidem
660 2232 755 2303 aliud
780 2231 927 2333 despicit
949 2165 1144 2316 euxiiium3
1170 2231 1328 2303 ascendit
1350 2243 1442 2324 auten

197 2319 238 2389 ad
271 2325 447 2404 Sanctum,
469 2333 502 2390 et
532 2322 564 2392 ei
592 2322 772 2392 renunciat
795 2341 1009 2392 universum.
1041 2319 1103 2390 Ille
1131 2341 1209 2390 vern
1233 2319 1320 2408 quid
1343 2339 1403 2390 non
1422 2337 1443 2384 er

196 2408 365 2499 praedixit
383 2430 515 2492 eorum,
535 2433 623 2501 quae
646 2422 744 2480 erant
758 2413 938 2481 eventura?
962 2407 1051 2491 Quid
1078 2430 1155 2479 vero
1175 2431 1244 2480 non
1272 2409 1443 2480 factumest

196 2519 443 2586 eorumquae
478 2501 653 2586 praedicta
688 2498 849 2569 luerent?
876 2497 1046 2568 Praedixit
1068 2498 1211 2584 quidem
1236 2497 1331 2579 lore,
1360 2508 1395 2566 ut
1417 2513 1444 2591 er

196 2587 341 2676 imperio
364 2585 600 2676 expelleretur,
632 2600 665 2658 et
687 2589 723 2657 in
749 2588 869 2658 exsilio
896 2586 1057 2669 aleretur,
1087 2599 1121 2655 et
1145 2607 1226 2677 prae
1250 2586 1322 2657 cibi
1351 2587 1444 2672 inopu

195 2674 302 2746 herba
328 2689 536 2757 vesceretur:
554 2690 588 2748 et
611 2677 655 2746 ab
679 2677 734 2758 iis,
756 2677 816 2764 qui
841 2677 957 2766 ipsum
981 2675 1136 2760 oderant,
1153 2688 1276 2834 Hostes
1293 2691 1443 2746 revocare-

196 2776 264 2845 tur,
283 2765 373 2834 etad
391 2766 577 2854 imperium
605 2777 840 2847 reverteretur,
866 2777 898 2835 et
925 2767 960 2834 in
985 2786 1025 2834 eo
1044 2763 1133 2834 vitae
1177 2785 1259 2834 nem
1284 2765 1443 2851 acciperet.

195 2852 257 2922 Ille
271 2865 385 2921 sutem
410 2875 490 2926 cum
510 2855 660 3014 grimuni
677 2853 817 2940 quidem
843 2852 1021 2942 praedicti,
1038 2853 1082 2923 ab
1106 2853 1331 2942 imperatrice
1345 2851 1445 2921 lerina

194 2940 338 3022 incitati,
358 2941 390 3010 ei
414 2955 507 3014 strue
533 2955 592 3012 ant
616 2941 773 3024 insidias,
792 2941 916 3012 lubens
943 2943 1048 3012 cessit
1072 2942 1232 3031 imperio,
1255 2941 1367 3013 sciens
1389 2933 1445 3008 lieri

195 3049 270 3111 non,
290 3051 390 3119 posse
413 3030 523 3113 aliter,
542 3033 573 3101 ei
593 3029 635 3101 ad
654 3029 770 3120 lugam
789 3053 889 3121 opem
907 3029 1035 3102 lerente
1052 3043 1151 3102 noete
1166 3041 1200 3101 et
1216 3029 1327 3100 multo
1343 3028 1444 3124 imbre:

194 3129 227 3276 {et
250 3140 330 3220 cum
361 3121 459 3190 Ponti
481 3119 606 3190 fretum
638 3117 728 3190 clam
762 3119 1031 3204 transmisisset,
1058 3141 1139 3190 cum
1171 3140 1279 3190 uxore
1310 3119 1396 3188 venit
1420 3133 1445 3182 n

211 3227 377 3278 scurram.
882 3232 891 3251 .

239 3297 257 3383 5
280 3298 352 3368 41.
371 3295 435 3366 Sed
460 3294 599 3368 eumad
618 3298 711 3368 huno
736 3295 850 3366 locum
870 3295 1022 3386 pervenit
1045 3296 1166 3378 oratio,
1186 3296 1305 3366 nescio
1328 3315 1392 3382 quo
1406 3309 1447 3360 me

195 3396 337 3467 vertam,
364 3406 445 3456 cum
470 3407 524 3455 me
548 3385 657 3456 multa
687 3385 794 3456 simul
818 3398 939 3456 vocent
961 3397 994 3454 et
1018 3385 1170 3456 vicissim
1204 3385 1353 3464 trahent,
1377 3399 1447 3467 quae

194 3487 276 3544 sunt
299 3485 332 3541 et
354 3472 500 3544 utilitate
525 3475 632 3564 paria,
654 3488 687 3545 et
710 3473 832 3544 ordine
855 3473 1151 3561 aequationem
1177 3474 1272 3542 enim
1298 3495 1319 3542 s
1342 3486 1448 3558 magno

193 3562 333 3632 Daniele
352 3562 457 3634 simul
479 3563 654 3663 praeclare
672 3565 893 3652 gerebantur,
912 3575 945 3632 et
967 3561 1074 3632 simul
1091 3562 1210 3634 effecta
1235 3560 1448 3632 reddebantur

193 3670 244 3732 ea,
262 3673 350 3739 quae
375 3651 607 3741 praedixerat:
633 3664 666 3721 et
689 3655 764 3743 ipse
789 3651 822 3720 in
848 3652 923 3722 acie
946 3650 1058 3720 stabat
1082 3671 1144 3741 pro
1168 3651 1322 3720 veritate.
1349 3653 1447 3720 Utrum

191 3759 273 3840 ergo
298 3753 379 3812 sunt
403 3737 475 3822 illu,
505 3761 548 3810 an
572 3740 667 3822 haec,
695 3738 895 3810 narranda?
920 3739 1085 3810 Existimo
1108 3739 1381 3828 praedictionum
1404 3751 1448 3799 ros

191 3827 331 3916 quidem
351 3829 424 3919 jam
445 3829 578 3918 cepisse
594 3830 796 3911 satietatem,
817 3849 928 3919 neque
953 3827 1071 3917 plures
1095 3849 1239 3918 cupere:
1258 3827 1336 3914 ejus
1351 3835 1448 3896 eutem

189 3915 300 3988 xelnm
327 3939 390 4007 pro
439 3918 562 3999 ietate,
593 3917 780 4004 requirere.
807 3921 948 4008 Sceptra
977 3915 1145 4004 quidem,
1173 3928 1210 3986 ut
1244 3915 1374 3985 dictum
1397 3921 1446 3982 est.

190 4006 312 4096 arripit
335 3939 534 4078 Basiiiscus:
556 4005 767 4078 horribiliter
783 4027 861 4077 vero
882 4005 996 4078 stetim
1017 4004 1134 4076 sibilat
1160 4004 1328 4076 adversus
1351 3997 1449 4070 Docle-

190 4093 291 4176 siam,
317 4107 349 4166 et
372 4095 416 4166 de
439 4095 556 4166 carnis
591 4117 612 4164 a
645 4094 778 4168 Christo
809 4107 990 4186 susceptae
1020 4092 1278 4184 dispensatione
1303 4099 1448 4180 ‚nugatur

218 4291 231 4318 ¹
245 4289 297 4338 Qut,
310 4301 384 4340 quum
397 4291 471 4334 beent
485 4288 511 4332 ln
524 4290 624 4342 imperto
633 4291 797 4338 succentum,
806 4301 855 4334 non
863 4291 890 4332 nt
900 4292 1023 4342 susum
1037 4291 1079 4333 red
1089 4289 1117 4332 st
1126 4289 1240 4340 snmus
1254 4281 1448 4340 inpenuerum
1464 4257 1465 4346 i

191 4353 239 4384 non
248 4343 328 4383 minus
337 4354 408 4393 quem
418 4345 494 4386 enlmo
504 4345 528 4383 et
539 4343 646 4384 moribus
654 4345 701 4384 lutt
710 4345 828 4386 delormls.
1464 4357 1465 4375 ¹

220 4397 245 4424 ‘⁸
260 4395 358 4438 thetnr
369 4399 452 4438 deam
461 4396 503 4444 dte.
512 4399 554 4438 sut
563 4395 628 4438 sttod
637 4397 765 4447 qupptm.
1464 4381 1465 4446 i
