2972 4826
85 281 164 345 CCC
398 299 436 346 nii
460 299 506 347 ss.
536 299 613 347 snio
637 299 675 345 nr
698 297 826 346 ivsivrio
852 297 900 344 ur.
1180 281 1243 345 ato
1337 365 1339 372 Ι

73 383 144 452 liene
163 394 233 452 sunt
248 405 353 474 super
376 384 569 454 universam
598 395 720 454 terram
747 383 791 454 ab
814 404 875 451 ora
898 381 965 450 diei
986 394 1219 470 servansque
1243 382 1286 452 ad

71 471 150 540 loram
172 493 299 541 nonam.
327 472 414 556 Quid
440 473 566 563 plura?
590 479 744 543 Mortuus
768 483 818 542 est
842 483 874 541 et
898 471 1074 560 sepultus,
1102 471 1161 540 sed
1188 473 1287 540 tertia

67 557 103 627 die
117 561 248 640 surrexit,
268 575 556 649 conversatusque
574 583 653 631 cum
675 559 857 649 discipulis
876 561 948 629 suis
973 581 1034 650 per
1052 559 1125 629 dies
1140 559 1288 647 quadra-

67 648 139 734 ginta,
153 650 293 738 ipsisque
310 649 583 738 adspicientibus
599 661 701 735 atque
715 649 922 718 mirantibus
935 649 1088 718 ascendit
1105 649 1140 716 in
1158 647 1285 728 coelos,

67 737 220 822 promittens
248 739 345 807 inse
374 738 594 808 credentibus
626 737 809 827 discipulis
841 738 1085 827 sempiternam
1118 737 1284 828 gloriam:

66 826 328 896 concredentibus
347 841 474 908 autem,
503 839 659 896 aeternas
684 827 843 894 flammas
867 827 1050 915 supplicii,
1077 847 1165 911 quae
1190 847 1288 927 prae·

64 925 162 999 paratae
183 929 259 985 sunt
290 916 332 984 iis
356 929 388 985 et
412 916 500 1005 patri
531 937 649 985 eorum
671 914 830 997 diabolo;
859 915 1021 1002 quoniam
1049 935 1289 1002 unusquisque

62 1001 130 1088 cujus
146 1023 237 1092 opera
259 1005 341 1094 agit,
370 1005 448 1093 ejus
472 1015 524 1074 est
543 1004 649 1073 lilius.
673 1009 741 1094 Ego
762 1025 839 1073 vero
858 1004 1019 1092 polliceor
1043 1004 1152 1084 vobis,
1179 1003 1287 1072 confi-

61 1087 159 1160 densin
176 1093 326 1173 Domino,
346 1094 427 1181 quia
441 1093 470 1163 si
484 1092 698 1162 credideritis
711 1093 746 1161 in
764 1091 875 1160 silium
896 1093 952 1161 Dei
965 1093 1079 1162 lesum
1097 1092 1284 1170 Christum,

60 1179 171 1249 etnilis
190 1182 322 1252 actibus
347 1195 447 1272 atque
471 1202 669 1252 vanissimis
690 1180 802 1258 idolis,
823 1180 1165 1262 abrenunciaveritis,
1192 1180 1283 1267 quod

60 1267 232 1352 possidebitis
258 1283 458 1361 perpetuam
485 1271 600 1350 vitam,
629 1273 757 1356 inqua
783 1269 839 1339 luii
866 1269 1066 1339 indeficiens
1086 1269 1161 1349 erit,
1181 1281 1213 1337 et
1239 1281 1285 1337 te·

59 1356 149 1426 nebiac
169 1357 303 1438 nullae;
331 1359 363 1427 in
395 1381 464 1446 qua
489 1380 550 1428 nec
581 1358 737 1437 esurieS,
766 1379 827 1428 nec
852 1357 1041 1448 indigentia
1071 1369 1285 1448 tegumento·

57 1461 130 1524 run,
152 1445 203 1515 sed
226 1449 382 1518 Christus
406 1449 479 1538 ipse
503 1469 581 1516 vera
613 1447 748 1517 relectio
773 1467 915 1516 suorum
941 1447 1117 1526 fidelium,
1145 1447 1205 1536 qui
1229 1445 1287 1514 dat

55 1531 232 1606 credentibus
259 1537 293 1604 in
326 1559 361 1606 se
388 1537 654 1606 candidissimas
683 1536 786 1605 stolas
809 1545 842 1604 et
864 1535 1085 1622 quotidianae
1114 1534 1287 1604 felicitatis

55 1617 165 1706 gloriam
188 1626 483 1714 sempiternam.»

72 1709 99 1805 ‚i
117 1716 178 1782 Π.
203 1717 357 1800 Cumque
380 1735 437 1784 eos
466 1715 517 1782 vir
541 1713 677 1782 Domini
703 1714 755 1782 his
786 1711 1017 1798 alloqueretur
1042 1713 1284 1786 sermonibus.

53 1792 155 1868 divinae
173 1814 326 1891 respectu
346 1802 547 1872 clementiae
571 1823 753 1871 conversae
777 1802 934 1870 omnium
958 1814 1098 1880 mentes
1122 1803 1221 1888 quasi
1246 1821 1285 1868 ex

51 1903 101 1979 uno
120 1890 365 1960 predixerunt:
393 1891 499 1959 «Tali
515 1913 553 1958 er
577 1911 675 1959 onos
695 1891 854 1959 convenit
877 1890 1014 1958 credere
1042 1894 1117 1962 [teo.
1137 1891 1197 1974 qui
1216 1911 1283 1957 non

52 1992 75 2069 in
92 1973 245 2064 lapidibus
262 1979 321 2049 sed
341 1979 375 2048 in
396 1980 501 2048 coelis
518 1913 659 2048 habitat.
677 2001 695 2044 v
713 1983 907 2066 Omnesque
929 1979 1096 2065 provoluti
1117 1977 1159 2045 ad
1178 1977 1287 2045 sancti

51 2063 94 2130 viri
110 2067 247 2156 vestigia,
278 2067 453 2156 postulant
473 2089 508 2136 se
535 2067 698 2156 baptismi
718 2068 863 2158 gratiam
889 2067 1046 2156 adipisci.
1078 2068 1210 2148 Quibus
1237 2066 1285 2132 vir

51 2151 153 2220 bomini
174 2157 333 2245 aperiens
349 2157 430 2225 llilei
447 2155 638 2226 Catholicae
655 2168 880 2234 sacramenta,
901 2156 1107 2242 tradensque
1123 2154 1286 2224 omnibus

51 2235 148 2336 donum
167 2245 277 2314 sancti
298 2245 525 2334 baptismatis
550 2245 682 2334 corpori
700 2245 891 2314 Catliolicae
910 2245 1086 2335 conjunxit
1103 2243 1283 2312 Ecclesiae.

51 2327 91 2422 lie
106 2345 205 2400 autem
224 2333 378 2420 quadam
394 2355 553 2420 egressus
569 2332 611 2402 ab
628 2332 712 2402 urbe
730 2335 901 2402 Ticinensi
917 2356 1021 2402 causa
1039 2347 1176 2402 sanetae
1192 2353 1287 2421 piae-

53 2410 205 2502 dicationis,
232 2421 320 2491 dum
346 2421 388 2490 ad
415 2422 594 2490 Brixianae
622 2421 768 2490 civitatis
797 2421 947 2491 tenderet
972 2423 1115 2510 plebem.
1143 2419 1284 2508 quidam

53 2507 180 2585 puerulus
197 2509 406 2580 Eustachius
424 2512 574 2591 nomine,
593 2509 715 2600 plenus
736 2510 917 2602 daemonio
932 2511 1150 2579 exclamavit:
1171 2509 1286 2590 «Quis

51 2601 84 2657 est
100 2593 155 2677 hic,
174 2601 233 2685 qui
252 2600 343 2668 banc
359 2598 479 2690 urbem
506 2603 682 2688 penetrat?
706 2603 769 2668 Ant
788 2621 855 2684 quo
870 2619 993 2690 genere
1012 2598 1239 2668 collactaneos
1254 2608 1287 2665 et

46 2687 257 2775 compatriotas
285 2708 379 2757 meos
402 2710 465 2758 suo
485 2688 641 2758 subdidit
668 2688 874 2776 imperiol»
901 2693 938 2756 Et
961 2707 1145 2756 occurrens
1172 2688 1200 2755 ci
1225 2685 1286 2754 ob-

46 2776 313 2844 remiserunt
333 2776 406 2854 tibi,
426 2776 571 2856 dicebat,
592 2781 683 2865 Syre,
703 2777 842 2863 quantis
859 2776 891 2842 in
912 2775 995 2844 locis
1018 2797 1071 2843 me
1089 2787 1287 2864 persecutus

40 2873 84 2932 ΘΜ
106 2862 149 2930 vel
170 2863 226 2946 biq
242 2863 423 2933 babitandi
450 2865 534 2934 mihi
560 2865 709 2934 concede
734 2865 919 2933 licentiam.
953 2865 1036 2945 Quis
1062 2878 1091 2932 te
1119 2865 1221 2944 misit,
1248 2876 1286 2932 ut

40 2941 157 3018 lemeis
182 2975 235 3022 me
260 2953 414 3021 excutias
438 2951 648 3024 domiciliis?
672 2958 717 3022 lle
738 2952 936 3043 longinquis
954 2953 1109 3042 partibus
1128 2973 1286 3042 egressus

38 3049 80 3116 ts,
106 3038 195 3109 nulla
221 3041 284 3110 tibi
310 3040 367 3109 liic
392 3063 520 3122 caiisa,
549 3041 644 3110 nulla
669 3042 730 3111 tibi
757 3042 811 3111 liic
836 3040 1144 3131 consanguinitas,
1173 3051 1287 3108 nostra

39 3129 181 3204 possessio
205 3129 297 3199 lacta
321 3141 372 3198 est
396 3129 456 3198 tibi
483 3129 722 3199 baereditas.»
748 3133 804 3198 Vir
827 3141 939 3200 autem
967 3129 1101 3198 Domini
1124 3129 1225 3198 liilari
1250 3129 1284 3195 iii

36 3225 96 3279 tuin
120 3215 212 3288 vultu
239 3239 295 3287 res
322 3218 441 3298 iciens,
469 3218 576 3288 dixit:
605 3219 720 3301 «Quis
745 3219 817 3300 tibi,
847 3219 961 3299 miser,
990 3218 1107 3288 tribuit
1133 3219 1225 3286 bunc
1244 3215 1285 3283 li-

35 3302 157 3372 centiam
183 3307 277 3395 possi
306 3306 412 3376 endi‘l
435 3308 608 3376 Possessio
633 3320 690 3376 tua
717 3307 806 3396 ignis
830 3319 989 3376 aeternus
1013 3319 1109 3376 est.»
1137 3311 1283 3374 itaemon

36 3391 208 3476 respondit:
238 3399 337 3464 «Nec
355 3394 462 3463 solius
482 3396 548 3465 mei
563 3395 739 3463 arbitreris
758 3395 1006 3484 possessionem
1029 3395 1103 3478 ejus
1121 3391 1283 3473 incendii,

35 3477 96 3574 lilla
112 3481 210 3551 multi
237 3505 374 3552 mecum
404 3483 445 3552 de
470 3482 534 3552 hac
554 3483 639 3551 urbe
664 3483 746 3552 illuc
774 3483 853 3552 ituri
879 3496 970 3562 sunt,
994 3483 1053 3568 qui
1074 3503 1165 3552 meas
1192 3503 1286 3549 nunc

36 3558 142 3636 linunt
156 3569 190 3638 in
207 3571 374 3640 omnibus
390 3570 593 3640 voluntates.
615 3575 665 3639 'lu
684 3585 796 3640 autem
819 3570 912 3640 solus
932 3591 950 3640 e
968 3571 1140 3640 contrario
1160 3591 1213 3638 me
1228 3569 1286 3638 de·

34 3649 129 3742 bellas,
149 3672 182 3728 et
197 3659 397 3745 frequenter
419 3658 461 3728 de
479 3681 553 3730 mea
568 3660 706 3750 angeris
728 3660 950 3729 eversione.»
975 3660 1135 3728 Protinus
1153 3659 1202 3728 vir
1229 3657 1285 3728 nei

37 3755 59 3802 tn
78 3745 204 3816 coelum
232 3747 353 3817 oculos
377 3747 513 3817 elevans
529 3749 648 3826 oravit,
672 3749 919 3839 imperavitque
939 3747 1111 3828 daemoni,
1143 3747 1283 3816 dicens:

36 3831 230 3928 ·ln1munde
255 3857 295 3905 ac
318 3836 478 3924 deceptor
494 3837 689 3906 animarum
716 3838 870 3927 spiritus,
898 3837 949 3904 exi
970 3837 1013 3905 ab
1033 3857 1083 3917 eo,
1110 3849 1142 3905 et
1168 3857 1209 3904 ne
1231 3835 1285 3904 ul-

37 3925 117 3988 terius
131 3923 265 3993 audeas
284 3924 419 4014 ingredi
435 3925 477 3994 ad
493 3947 594 4005 eum;
621 3925 679 3994 sed
700 3927 782 3994 vade
795 3925 837 3994 ail
855 3936 1054 4014 praeparata
1073 3925 1133 3994 tibi
1149 3938 1286 3994 aeterna

38 4013 189 4082 tormenta.
211 4036 230 4078 n
259 4018 332 4083 llox
356 4025 469 4082 autem
496 4014 537 4082 ad
570 4013 662 4084 vocis
685 4013 761 4104 ejus
789 4015 973 4103 imperium
999 4036 1140 4104 gemens
1171 4028 1203 4082 et
1227 4013 1285 4081 do·

41 4085 100 4172 ltns,
124 4100 400 4191 discerpensque
425 4123 593 4191 puerum,
620 4102 700 4171 exiit
724 4104 767 4171 ab
791 4124 842 4181 eo,
870 4124 930 4172 nec
961 4102 1047 4172 ultra
1072 4123 1149 4172 eum
1180 4122 1287 4172 ausus

42 4193 71 4248 bl
90 4202 260 4276 appetere.
287 4195 376 4260 llora
394 4207 507 4260 autem
533 4190 651 4259 eadem
674 4191 786 4271 multi,
815 4191 897 4258 baec
923 4191 1076 4261 videntes
1100 4191 1283 4270 mirabilia,

45 4273 234 4347 inciderunt
260 4279 293 4346 in
319 4283 438 4349 lesum
473 4279 657 4347 Cliristiim.
684 4283 771 4349 Puer
795 4299 872 4348 vero
898 4291 963 4348 tota
989 4301 1066 4349 cum
1098 4279 1199 4348 domo
1223 4301 1288 4349 sua

44 4365 296 4436 tlinultitudine
326 4369 473 4438 maxima
507 4367 721 4437 credentium
756 4366 962 4456 populorum
997 4368 1157 4457 baptizati
1190 4379 1282 4437 sunt.
