2960 4824
244 273 308 340 194
510 289 549 336 ιιι
573 289 601 336 ε.
627 287 793 336 srrnmortr
817 287 964 335 accurre.
990 286 1160 334 rnrrrtrrrrr.
1303 265 1377 330 btt.
1400 266 1431 328 ta

199 386 263 456 est,
282 373 343 461 qui
366 372 528 442 coelestes
553 371 714 472 produxit
742 372 895 440 virtutes.
921 375 955 438 ls
982 381 1044 452 cst,
1070 370 1129 457 qui
1154 390 1172 438 e
1196 381 1281 438 terra
1304 367 1434 437 formarit

200 464 388 544 hominem,
415 475 447 531 et
467 481 584 530 omnia
603 461 780 529 constituit
805 474 872 528 tam
897 481 986 546 quae
1011 459 1076 529 sub
1101 458 1295 548 adspectum
1318 455 1431 531 cadunt,

200 574 305 641 quam
322 573 410 638 quae
428 571 494 618 non
511 549 652 618 cadunt.
670 549 784 636 lluJ'us
800 547 902 617 verbo
917 562 950 617 et
964 548 1089 704 spiritu
1108 547 1306 638 productum
1322 543 1435 632 quidem

199 657 251 711 est
265 641 413 720 coelum;
436 638 602 727 producta
617 649 667 707 est
681 651 794 706 autem
817 649 918 720 terra,
935 637 970 705 di
1000 659 1102 707 usum
1123 649 1174 706 est
1191 657 1292 716 mare,
1306 647 1437 703 extensus

199 743 251 799 est
273 732 342 810 adr,
359 740 519 816 generata
543 741 624 797 sunt
647 726 823 808 animalia,
839 728 941 796 homo
958 726 1125 796 formatus
1144 739 1205 806 εει,
1226 745 1375 812 magnum
1389 721 1438 790 hnc

200 817 327 886 animal
353 829 498 907 etopus
525 816 750 900 admirabile;
779 817 895 885 omnia
924 814 1012 885 lacta
1038 828 1130 893 sunt,
1148 829 1250 894 astra,
1271 813 1437 888 luminaria,

200 905 285 985 dies,
314 927 391 987 nor,
411 905 543 992 reliqua
563 905 692 974 omnia.
709 908 780 975 Hoc
802 926 882 994 ergo
906 905 1049 974 verbum
1077 905 1132 973 Dei
1151 926 1212 975 nos
1237 903 1371 972 scientes
1384 919 1439 968 esse

201 995 325 1062 Filium
350 1006 383 1063 ct
406 999 525 1076 Deum,
553 1015 592 1064 er
615 994 753 1082 Virgine
769 1009 906 1084 propter
923 1015 986 1062 nos
1010 993 1184 1062 credimus
1200 1013 1274 1062 esse
1289 1001 1440 1068 autumet

199 1083 428 1163 crucifixum,
459 1096 491 1152 et
514 1081 623 1152 fuisse
655 1096 826 1172 postremo
855 1082 1052 1171 sepultum,
1079 1081 1205 1150 deinde
1228 1081 1326 1150 etiam
1351 1098 1438 1147 resur-

199 1172 338 1241 rexisse.
358 1171 485 1240 Deinde
509 1195 588 1240 cum
619 1172 852 1251 resurrexerit,
869 1184 902 1240 ει
924 1194 985 1240 ηοε
1002 1171 1107 1240 simul
1133 1169 1250 1240 lecerit
1278 1187 1437 1256 resurgere,

195 1272 232 1328 et
255 1261 298 1329 ab
317 1261 456 1330 interitu
479 1260 628 1330 alienam
656 1273 688 1329 et
708 1273 881 1329 aeternam
911 1260 1011 1329 nobis
1031 1261 1133 1329 vitam
1165 1259 1364 1349 praebuerit,
1379 1274 1438 1323 eum

199 1348 351 1419 dicimus
365 1352 466 1418 etiarn
487 1371 610 1419 rursus
626 1361 806 1418 venturum
828 1347 982 1434 judicem
1004 1351 1184 1418 omnium:
1205 1363 1442 1438 nostrorumque¹

199 1437 381 1521 laetorum,
404 1460 617 1518 sermonum,
644 1450 677 1507 ει
702 1437 947 1528 cogitationum
973 1438 1227 1526 incorruptum,
1255 1451 1287 1506 et
1311 1435 1367 1522 qui
1388 1432 1442 1500 lalh

198 1526 343 1596 minime
365 1539 482 1616 potest,
506 1526 680 1614 judicem:
702 1548 780 1596 eum
805 1548 880 1596 esse
895 1525 1050 1616 ejusdem
1066 1548 1145 1597 cum
1172 1532 1271 1595 Patre
1289 1522 1440 1596 essentiae.

198 1627 231 1683 et
255 1615 358 1684 simul
384 1615 573 1697 considere,
590 1628 623 1686 et
638 1617 757 1684 essaei
774 1614 902 1684 horrore
920 1615 1111 1704 aequalem.
1134 1621 1204 1686 lloo
1227 1615 1311 1685 haec
1332 1629 1442 1701 quoquc

198 1703 245 1773 ita
265 1705 325 1774 tibi
349 1725 423 1774 esse
442 1705 611 1786 videntur,
631 1703 932 1792 oPhilosopheln

243 1796 261 1880 ξ
286 1798 358 1865 ¹2.
385 1793 446 1862 Ille
471 1793 609 1880 quidem
636 1793 867 1882 interrogavit.
894 1792 1124 1882 Philosophus
1148 1813 1240 1874 vero,
1263 1804 1302 1860 ut
1318 1791 1374 1878 qui
1396 1807 1443 1856 non

199 1881 370 1963 camdem,
396 1905 499 1969 quam
524 1882 631 1971 prius,
658 1882 798 1951 haberet
818 1881 983 1962 animam,
1001 1903 1061 1951 nec
1085 1881 1242 1950 eamdem
1270 1885 1444 1950 mentemst

200 1969 368 2060 linguam,
395 1992 483 2057 quae
508 1985 577 2038 tam
601 1968 701 2040 lacile
725 1984 912 2059 opponeret
927 1985 960 2041 et
982 1969 1211 2050 contenderet,
1240 1964 1446 2050 auribusqtti·

199 2058 275 2127 dem
294 2058 359 2128 luit
375 2060 552 2139 attonitus,
580 2060 696 2128 animo
723 2081 801 2128 vere
824 2060 1095 2148 obstupefactum
1116 2059 1147 2127 ei
1180 2071 1296 2128 autem
1333 2078 1388 2126 vox
1411 2062 1446 2120 est

199 2147 358 2228 extincta,
385 2160 512 2217 etcum
539 2146 742 2234 aliquandiu
761 2148 993 2230 conticuisset,
1014 2148 1098 2218 nihil
1123 2146 1218 2216 aliud
1237 2147 1358 2216 habuit
1379 2139 1445 2230 quod

201 2236 434 2325 responderet,
457 2238 543 2306 nisi:
571 2241 695 2305 «llaec
719 2257 855 2323 quoque
873 2239 917 2306 ita
944 2237 1028 2306 mibi
1053 2260 1089 2308 se
1113 2237 1240 2306 habere
1263 2235 1444 2304 videntur.»

200 2328 345 2395 Sanctus
372 2339 506 2395 autem:
534 2329 647 2416 «Age,
679 2347 778 2416 ergo,
805 2327 928 2412 inquit,
965 2329 1127 2412 quoniam
1165 2325 1251 2394 haec
1277 2338 1314 2394 tu
1339 2338 1447 2392 mecum

200 2413 385 2494 cortdtcris,
404 2435 464 2482 nec
482 2413 579 2482 sactis
591 2415 673 2483 velis
685 2414 899 2504 discrepare:
920 2415 977 2482 sed
999 2437 1078 2484 curn
1092 2414 1192 2493 scias,
1208 2415 1292 2500 quis
1308 2413 1351 2482 sit
1367 2417 1442 2482 bens.

198 2514 230 2571 et
254 2503 333 2589 quis
358 2503 422 2571 hoc
446 2501 562 2571 feccrit
585 2503 797 2574 universum.
819 2523 921 2592 surge
945 2515 977 2572 ει
996 2502 1120 2573 accede.
1144 2503 1185 2571 ad
1210 2502 1408 2576 ecclesiam,
1427 2507 1447 2562 ει

199 2593 317 2680 accipe
333 2591 470 2682 signum
498 2605 607 2660 rectae
624 2591 716 2662 lidei.
737 2615 755 2658 ι)
775 2595 865 2662 llaec
880 2607 1057 2680 postquam
1075 2591 1207 2661 audivit
1227 2588 1445 2676 Philosophus.

198 2681 313 2749 statim
338 2679 477 2766 quidem
504 2692 657 2752 mutatus
683 2680 813 2770 suited
839 2698 1034 2750 accuratam
1060 2703 1099 2749 ac
1128 2679 1316 2768 perlectam
1337 2675 1448 2764 religio·

199 2789 291 2837 nem.
320 2772 511 2838 Conversus
534 2781 647 2838 autem
677 2769 719 2838 ad
745 2768 936 2859 discipulos
961 2783 994 2840 et
1016 2769 1101 2839 alios
1124 2769 1304 2840 auditores
1332 2784 1448 2837 eorum.

198 2879 287 2944 quae
311 2855 532 2926 dicebantur:
561 2857 786 2940 «Quamdiu,
812 2858 967 2944 quidem,
998 2857 1121 2946 inquit,
1148 2879 1168 2926 o
1193 2859 1279 2940 viri,
1306 2865 1450 2947 certatum

198 2957 250 3013 cst
271 2945 393 3025 verbis,
420 2967 482 3036 ego
495 2969 631 3034 quoque
655 2961 726 3016 arte
744 2947 863 3016 restiti.
881 2947 1025 3029 Quando
1043 2968 1119 3016 vero
1133 2968 1201 3016 non
1226 2969 1283 3016 am
1291 2945 1379 3035 plius
1394 2959 1452 3028 qut·

199 3032 281 3134 deum·
305 3035 417 3116 verba,
438 3035 495 3103 sed
515 3034 631 3104 divina
652 3035 760 3105 virtus
776 3035 841 3104 luit
867 3036 1035 3123 opposita,
1062 3049 1094 3104 et
1118 3036 1153 3103 in
1179 3035 1362 3104 verborum
1388 3032 1454 3100 sim·

200 3121 352 3214 plicitate
377 3145 537 3193 arcanam
559 3124 746 3211 quamdam
761 3138 794 3194 et
811 3125 1018 3194 ineffabilem
1034 3124 1183 3196 ostendit
1201 3125 1454 3200 virtutemnon

200 3233 340 3282 menon
367 3211 472 3302 pudet
495 3235 569 3283 esse
585 3214 726 3282 victum.
753 3214 945 3296 Quinetiam
966 3225 999 3282 et
1019 3213 1195 3302 mihiipsi,
1211 3226 1244 3283 ct
1268 3213 1348 3282 aliis
1366 3209 1455 3278 liben-

200 3315 251 3369 ter
273 3301 521 3382 consuluerim,
553 3302 582 3370 si
608 3323 674 3372 non
701 3301 745 3370 sit
769 3302 896 3390 aliquis
924 3302 1028 3373 nimis
1053 3302 1190 3371 sinister
1220 3313 1253 3372 et
1279 3315 1453 3392 perversus.

198 3400 258 3459 aut
276 3389 336 3475 qui
356 3411 390 3460 εε
415 3391 449 3458 in
472 3391 645 3461 veritatem
664 3390 743 3460 velit
759 3391 915 3480 improbe
939 3413 1067 3492 gerere,
1086 3403 1125 3460 ut
1139 3389 1258 3461 credat
1282 3389 1452 3482 Christoct

198 3477 293 3548 hunc
309 3500 426 3548 senem
455 3492 639 3566 sequatur:
662 3481 719 3549 cui
748 3480 866 3569 lingua
893 3480 1033 3571 quidem
1061 3479 1203 3549 omnino
1229 3493 1282 3549 cst
1311 3477 1455 3548 hominis.

201 3567 304 3636 verba
337 3582 450 3636 autem
476 3568 652 3637 suntltei.
678 3574 894 3651 »Quantum
922 3568 1049 3659 putatis
1077 3568 1141 3638 hoo
1171 3569 1307 3638 Arianis
1335 3563 1456 3654 quidem

200 3655 351 3726 dedecus
369 3657 435 3746 piis
450 3669 563 3726 autem
594 3657 758 3726 honorem
786 3657 943 3727 attulisse
969 3671 1002 3727 ει
1025 3656 1260 3747 voluptatem?
1284 3655 1341 3726 llli
1360 3666 1458 3724 auten

199 3741 295 3813 luere
319 3745 491 3835 superati,
530 3765 609 3814 cum
641 3767 761 3814 omnes
784 3744 854 3815 fere
881 3746 1020 3833 quidem
1058 3761 1168 3816 rectae
1191 3746 1328 3816 assensi
1360 3745 1457 3812 essent

199 3835 409 3903 sententiae:
430 3855 489 3903 sex
516 3856 593 3904 vero
610 3833 673 3904 soli
700 3833 809 3904 relicti
832 3849 946 3906 essent
960 3835 1047 3916 Ario,
1080 3835 1188 3904 luturi
1222 3833 1315 3903 mala
1343 3851 1416 3924 pars
1435 3835 1460 3891 et

201 3921 358 4023 improba
376 3923 483 4012 patris
501 3921 683 4004 mendacii,
710 3934 742 3994 et
761 3923 804 3993 ab
828 3924 926 3996 initio
951 3919 1180 4014 implacabilis
1204 3923 1340 3992 inimici
1357 3917 1461 4007 verita

201 4021 256 4079 trs.
279 4017 359 4080 Tam
378 4025 495 4100 aperte
511 4012 695 4081 confutatis
719 4013 784 4093 iis,
812 4035 958 4100 quorum
981 4013 1072 4082 mala
1096 4025 1169 4082 erat
1191 4011 1323 4102 opinio,
1350 4021 1460 4101 reverst

199 4112 281 4168 sunt
298 4099 470 4189 Episcopi,
490 4100 631 4170 victoria
646 4099 785 4188 quidem
803 4100 893 4182 laeti,
915 4100 1082 4171 miraculo
1098 4115 1211 4172 autem
1229 4100 1332 4171 obstu
1359 4095 1458 4190 elactt.

198 4198 387 4278 etpropter
412 4188 496 4257 haec
512 4189 614 4260 ambo
631 4194 737 4259 Deum
764 4189 964 4260 laudantes:
992 4211 1116 4278 nempe
1128 4189 1219 4277 quod
1242 4203 1276 4259 ει
1299 4211 1319 4258 a
1347 4201 1461 4280 speru-

200 4289 276 4346 scnt
299 4276 530 4358 admirabilia,
552 4291 584 4349 ει
602 4301 690 4365 quae
706 4292 803 4349 erant
824 4293 956 4381 praeter
970 4278 1167 4368 opinionem
1182 4302 1190 4342 ε
1207 4290 1238 4347 ει
1259 4276 1352 4364 quod
1372 4275 1461 4340 vicis-

154 4405 156 4411 *
199 4376 276 4433 sent
299 4365 367 4432 hrii
392 4365 576 4435 insaniam.
603 4371 706 4437 Porro
720 4380 834 4450 aumrn
860 4390 934 4458 rpse
949 4389 1087 4457 quoque
1103 4372 1288 4458 lrnperator
1305 4356 1460 4434 miraculo

1471 4465 1472 4490 ι
