2954 4816
61 282 137 349 buu.
156 285 196 350 25
467 307 506 352 na
537 307 564 354 s.
590 305 728 354 suerrus
753 306 897 352 naariae
1209 291 1273 355 ill

64 392 227 476 Postquam
251 399 365 459 antem
391 390 459 460 hoc
478 391 637 481 cognovit
664 391 859 460 Praefectus
885 391 1035 460 Nicetius
1050 444 1057 472 ‚
1073 389 1172 477 jubet
1198 413 1315 460 eorum

60 497 185 564 quoque
207 479 318 567 capita
335 480 532 570 amputari:
554 480 742 569 Eugeniam
762 501 840 549 vero
865 481 938 550 sisti
952 478 1057 568 jussu
1082 482 1314 582 Imperatoris.

93 567 213 652 §88-
244 569 429 655 Postquam
464 581 577 638 autem
603 567 736 637 adfuit:
764 591 782 635 a
809 567 1010 651 Undenam,
1046 568 1179 654 inquit,
1210 583 1316 638 artem

54 654 217 744 magicam
253 668 322 726 tam
359 671 520 726 accurate
556 657 770 745 perfecteque
799 656 992 739 didicistis,
1016 670 1054 727 ut
1088 657 1227 747 possitis
1249 657 1318 726 diis

52 763 184 830 quoque
206 745 293 833 ipsis
316 745 362 814 im
391 767 488 815 erare
514 746 696 814 maximis?
721 768 739 812 »
763 749 834 815 lloo
858 767 936 814 cum
954 746 1094 827 diceret,
1112 746 1318 836 imprudens

50 834 147 900 Proto
169 845 201 901 et
224 767 418 923 Hyacintlro
435 833 575 903 evidens
599 833 798 904 contexebat
822 836 1039 905 encomium:
1059 837 1223 922 quoniam
1246 834 1317 906 sola

48 923 199 991 oratione
223 924 413 992 maximum
437 943 557 993 eorum
575 977 582 1002 ,
603 923 664 1010 qui
689 935 771 992 sunt
797 923 889 1013 apud
917 944 986 1005 eoa,
1009 923 1152 995 deorum
1179 936 1317 1024 repente

47 1008 307 1101 confregissent,
325 1023 358 1080 et
374 1012 408 1081 in
433 1012 584 1081 cinerem
607 1033 647 1081 ao
671 1011 845 1102 pulverent
869 1013 1170 1084 comminuissent.
1190 1013 1317 1082 Divini-

49 1108 106 1166 tus
131 1119 207 1168 vero
230 1099 398 1190 inspirata
428 1101 605 1192 Eugenia,
631 1123 711 1171 cum
749 1101 857 1171 multa
895 1101 1071 1192 respondit
1108 1101 1314 1191 prudentia:

51 1205 69 1248 t
91 1189 162 1256 Hoc
181 1188 334 1275 quidem,
350 1189 481 1270 dicens,
498 1189 599 1280 longe
622 1190 840 1261 verissimum
866 1213 886 1260 a
908 1203 937 1259 te
953 1191 1082 1262 dictum
1101 1202 1163 1270 est,
1182 1211 1202 1259 o
1219 1196 1317 1260 Prae-

51 1271 148 1356 feote,
165 1297 226 1346 nos
249 1277 370 1347 restris
393 1277 461 1349 diis
480 1278 663 1367 imperare.
685 1277 775 1348 lllud
792 1291 906 1349 autem
924 1291 974 1348 est
992 1279 1093 1369 plane
1107 1279 1314 1359 absurdum,

49 1373 82 1430 et
106 1363 150 1432 ad
172 1365 386 1457 arguendum
416 1366 644 1449 facillimum,
669 1366 760 1454 quod
798 1368 952 1438 ascribas
976 1369 1092 1436 omnia
1118 1369 1183 1437 arti
1208 1370 1317 1458 megi-

47 1471 133 1520 oae:
159 1475 223 1524 non
249 1456 363 1525 au‘tem
388 1455 492 1526 alicui
516 1455 654 1526 divinae
684 1469 717 1526 et
741 1456 1002 1547 inexpugnabili
1032 1459 1200 1545 potentiae
1227 1458 1313 1546 ejus,

47 1540 109 1639 qui
135 1562 209 1612 rere
231 1557 282 1614 est
305 1542 401 1614 solus
424 1544 515 1635 apud
534 1567 597 1616 nos
624 1551 722 1614 bens.
745 1545 779 1614 si
802 1547 894 1614 enim
914 1545 1008 1635 magi
1031 1543 1185 1632 quidem,
1204 1557 1243 1614 ut
1258 1565 1317 1615 vos

48 1627 177 1712 dicitis,
193 1633 391 1703 immundos
410 1633 580 1720 quosdam
600 1646 633 1704 et
654 1633 847 1704 materiales
863 1635 1023 1704 invocant
1038 1633 1239 1703 daemones:
1260 1634 1315 1704 isti

49 1737 128 1786 tero
142 1740 209 1801 eos,
225 1720 286 1808 qui
302 1735 383 1793 sunt
400 1722 492 1812 apud
518 1744 589 1803 νος,
608 1723 690 1794 deos
705 1735 883 1814 superant,
903 1723 953 1792 vel
972 1723 1086 1813 potius
1108 1722 1259 1812 primum
1277 1745 1317 1792 ex

50 1804 263 1889 coelestibus,
284 1831 352 1879 non
377 1812 494 1880 omnia
519 1832 642 1882 rursus
668 1812 852 1894 invertetis,
875 1824 907 1882 et
933 1833 1023 1900 quae
1046 1824 1127 1880 sunt
1150 1832 1314 1901 superna,

54 1893 182 1966 inferna
205 1899 348 1980 iacietis,
377 1900 567 1990 majoribus
598 1900 665 1970 diis
693 1900 890 1972 inferiorem
915 1914 1040 1971 sortem
1066 1899 1315 1970 attribuentes:

53 1994 84 2050 et
99 2003 162 2054 nec
177 1986 257 2058 deos
280 1987 434 2075 quidem,
454 1989 513 2058 sed
538 2011 597 2060 eos
614 2011 729 2060 servos
752 1990 895 2069 iacietis,
912 2003 945 2061 et
961 2010 1075 2060 servos
1092 1988 1314 2070 daemonum,

54 2069 232 2146 daemones
255 2088 369 2146 autem
394 2076 488 2158 deos,
515 2091 548 2146 et
578 2079 708 2168 primos
732 2077 903 2150 deorum?
926 2078 1021 2162 Quod
1047 2077 1187 2166 quidem
1212 2077 1315 2146 etiam

58 2157 120 2229 alio
139 2183 271 2256 quoque
296 2165 398 2235 modo
423 2187 539 2236 verum
565 2179 731 2248 osteum
756 2189 816 2238 vos
839 2189 897 2238 eos
918 2177 1093 2256 tamquam
1115 2185 1210 2234 veros
1235 2164 1317 2234 deos

61 2251 317 2334 constitueritis,
344 2267 377 2324 et
401 2254 510 2325 bonos
533 2276 608 2324 esse
626 2255 784 2412 Xutetis:
820 2255 984 2327 dubitetis
1010 2269 1137 2336 autem,
1164 2275 1314 2340 quanam

62 2333 217 2436 decanea
240 2363 260 2412 a
285 2343 387 2412 malis
411 2345 620 2414 vincantur·
650 2343 867 2422 aemonibus‚
902 2345 1092 2416 nescientes
1121 2343 1214 2434 ipsos
1242 2363 1317 2412 esse

58 2427 186 2510 quidem
212 2430 322 2500 malos
344 2444 377 2502 et
401 2431 578 2502 maleficos
605 2432 802 2512 daemones,
825 2455 934 2502 unum
956 2454 1035 2503 vero
1058 2453 1132 2502 esse
1157 2436 1262 2500 Deum
1281 2431 1315 2499 in

55 2517 360 2614 omnibustcujus
389 2542 513 2590 nomen
546 2521 657 2604 solum
683 2522 738 2591 isti
776 2543 842 2591 non
868 2522 1025 2603 serentes,
1048 2521 1138 2590 sieut
1162 2541 1252 2601 cera,
1279 2533 1317 2590 ut

55 2617 98 2672 art
121 2606 256 2679 divinus
274 2609 390 2690 David,
409 2631 430 2679 a
453 2609 540 2680 facie
562 2610 664 2702 ignis,
683 2610 868 2697 liquefiunt
890 2623 923 2681 et
948 2623 1103 2701 pereunt.
1128 2632 1146 2677 a

94 2695 209 2780 §ab
229 2702 319 2768 llaec
343 2698 489 2770 audiens
512 2699 674 2780 Nicetius,
694 2699 769 2788 ejus
792 2699 931 2787 quidem
958 2719 1122 2790 magnum
1149 2709 1182 2768 et
1205 2696 1316 2766 excel-

57 2799 127 2852 sum
152 2786 387 2857 admirabatur
402 2787 571 2856 animum.
593 2787 656 2857 Sed
682 2809 761 2858 cum
782 2802 871 2859 esset
890 2800 981 2858 totus
998 2786 1136 2856 deditus
1161 2787 1316 2856 insaniae

58 2869 325 2957 simulacrorum,
343 2889 377 2946 et
393 2876 479 2945 nihil
496 2875 590 2945 aliud
610 2887 789 2966 spectaret,
807 2898 912 2964 quam
927 2889 962 2947 ut
978 2877 1027 2946 eis
1046 2875 1205 2966 placeret,
1216 2876 1318 2965 jubet

58 2977 124 3030 eam
148 2963 226 3034 duci
250 2965 286 3034 in
311 2964 478 3055 templum
511 2965 657 3046 Dianae;
684 2966 781 3052 sequi
801 2977 914 3036 autern
934 2965 1191 3055 spiculatorem,
1212 2966 1242 3034 ei
1257 2985 1316 3034 en-

60 3067 122 3149 sem
139 3051 382 3134 intentantem:
408 3064 440 3123 et
470 3054 594 3145 partim
621 3053 761 3142 quidem
779 3053 1035 3134 admonentem,
1056 3054 1180 3143 partim
1199 3064 1314 3123 autem

62 3139 273 3224 minitantem,
291 3141 384 3231 quod
402 3142 470 3212 nisi
494 3143 675 3223 sacrificet,
693 3164 733 3213 eo
756 3163 856 3230 quem
877 3143 978 3213 habet
994 3143 1029 3211 in
1048 3163 1167 3224 manu,
1185 3155 1316 3213 transa-

64 3222 153 3316 diget,
170 3230 381 3302 ostendendo
404 3252 534 3302 ensem.
555 3230 617 3301 llla
642 3253 722 3301 vero
749 3244 929 3322 postquam
956 3231 1105 3301 venitin
1131 3229 1313 3320 templum,

66 3323 144 3386 stans
161 3340 200 3390 ex
222 3320 366 3391 adverso
390 3319 554 3410 imaginis
584 3321 698 3410 specie
721 3321 875 3398 orantis,
901 3333 1035 3410 precata
1061 3333 1112 3390 est
1136 3319 1312 3388 interitum

68 3402 336 3478 simulacrorum:
358 3432 376 3476 a
402 3412 491 3478 Deus
514 3421 661 3490 aeterne,
681 3408 812 3490 dicens,
834 3409 895 3498 qui
924 3431 979 3478 me
1004 3423 1060 3478 tua
1086 3407 1260 3478 voluntate
1283 3420 1316 3477 et

69 3495 145 3564 nasci
167 3509 199 3566 et
217 3496 358 3568 educari
385 3509 417 3567 et
441 3498 608 3587 virginem
635 3499 671 3567 in
698 3497 903 3568 hodiernum
929 3519 1040 3586 usque
1064 3496 1154 3566 diem
1177 3516 1314 3566 conser-

71 3582 124 3650 rari
144 3583 303 3677 dignatos
330 3607 391 3668 es,
412 3597 445 3655 et
471 3598 510 3656 ut
537 3585 690 3657 efficerer
712 3607 839 3677 sponsa
863 3587 1046 3676 unigeniti,
1073 3598 1106 3655 et
1138 3598 1176 3655 ut
1199 3585 1233 3653 in
1262 3606 1316 3654 me

74 3669 179 3746 adesset
211 3675 455 3746 sanctissimus
479 3673 634 3775 spiritus,
667 3686 699 3745 et
723 3676 759 3746 in
794 3697 848 3746 me
873 3688 1042 3778 regnaret,
1068 3674 1222 3755 effecisti,
1244 3674 1317 3764 ipse

75 3777 143 3832 nunc
162 3785 300 3854 quoque
324 3751 410 3834 mini
434 3762 529 3835 adsrs
552 3763 588 3833 in
613 3763 678 3834 hac
702 3764 752 3834 tui
775 3765 1002 3846 confessione,
1022 3762 1176 3833 efficiens
1204 3762 1317 3832 admi·

76 3847 169 3922 rabilia
190 3865 223 3923 et
245 3873 335 3940 quae
360 3853 428 3922 sint
451 3864 568 3922 contra
585 3853 807 3943 opinionem:
829 3865 866 3924 ut
886 3853 945 3941 qui
965 3865 996 3922 te
1019 3853 1138 3923 colunt
1160 3851 1314 3940 quidem,

73 3937 166 4011 sintin
190 3941 317 4032 gloria:
335 3941 527 4033 ignominia
551 3955 665 4012 autem
683 3955 716 4011 et
739 3941 906 4012 dedecore
927 3941 1124 4012 afficiantur
1142 3941 1203 4028 qui
1228 3940 1317 4040 hanc
1422 3941 1427 3954 '

72 4044 176 4101 mutam
194 4045 226 4101 et
249 4030 391 4101 surdam
417 4029 562 4101 adorant
586 4030 891 4112 abominationem,
914 4044 946 4102 et
995 4031 1164 4102 leniantur
1181 4031 1215 4098 in
1242 4050 1316 4098 sure

69 4118 279 4211 sculptilibus.
299 4123 379 4188 »lla
395 4118 479 4189 lraec
503 4131 633 4200 orante,
653 4123 743 4191 Deus
766 4119 906 4207 quidem
929 4053 1027 4190 valde
1048 4133 1158 4190 movet
1175 4131 1313 4191 terram:

69 4208 212 4300 templum
235 4229 314 4278 vero
330 4208 515 4290 evertitur;
544 4208 733 4280 conteritur
758 4221 873 4278 autem
902 4209 1129 4280 simulacrum
1148 4231 1155 4290 ;
1184 4206 1316 4295 reliqua

70 4321 128 4370 vero
141 4296 246 4369 simul
264 4298 525 4368 conturbantur.
545 4301 699 4388 stupent,
719 4298 780 4384 qui
805 4296 935 4368 vident:
963 4298 1118 4388 pervadit
1144 4297 1245 4367 etiam
1271 4295 1315 4364 ad

73 4401 121 4473 eos,
131 4388 187 4476 qui
201 4385 321 4478 procul
338 4400 444 4470 erant,
456 4386 678 4458 miraculum.
692 4385 786 4457 llius
799 4400 912 4458 autem
926 4387 1068 4458 aliunde
1088 4387 1296 4458 conlluente·
