2946 4798
25 311 90 375 ott.
108 312 144 374 Ah
347 329 386 374 nn
410 329 436 374 s.
466 327 628 374 srurnxno
654 326 900 375 rnorouxnrrnn
1156 313 1214 376 thr

24 413 219 490 terrestribus,
237 411 444 481 coelestibus
469 411 580 480 inhiat
603 423 636 479 et
660 411 820 480 aeternis.
852 417 928 482 Post
953 411 1036 482 haec
1062 413 1266 503 aperiuntur

22 500 97 582 coeli,
110 500 267 588 nullaque
285 499 458 590 praevalet
474 499 670 570 obfirmatio
689 500 740 570 vel
756 500 932 580 clausura,
946 522 1051 588 qoam
1070 523 1136 572 non
1154 515 1263 574 trans·

23 592 88 658 volet
100 603 154 659 aut
169 591 340 679 irrumpat
357 611 454 658 mens
472 588 531 658 illa
549 611 707 658 summae
725 590 831 657 menti
847 589 1046 660 affectanter
1065 590 1261 661 inhaerens.

20 678 198 766 Aperiuntur
219 701 302 770 ergo
322 678 421 760 coeli,
448 691 481 746 et
497 691 580 767 puto
597 677 690 766 qnod
706 699 827 747 omnes
844 678 941 758 coeli,
961 701 1150 766 eorumque
1169 703 1265 770 aper·

21 770 121 836 tionem
140 767 295 854 sequitur
320 768 405 837 visio
430 767 558 857 gloriae
584 767 653 846 Dei,
676 779 708 836 et
726 765 860 837 videtur
876 768 1042 836 Dominus
1057 768 1155 839 lesus
1171 784 1266 838 stans

18 879 30 922 a
55 856 165 926 dextris
188 858 327 927 virtutis
352 856 420 925 Dei.
448 861 494 926 lto
519 861 616 924 Patre
647 856 759 926 minor
790 877 864 926 esse
898 870 1059 946 putetur,
1090 869 1154 927 stat
1186 881 1264 927 com

18 959 117 1026 stante,
134 969 208 1015 oum
235 944 387 1016 bellante
411 944 571 1028 bellatur,
589 943 672 1031 quia
696 943 872 1034 lapidatur
888 945 922 1013 in
945 945 1108 1035 lapidato.

51 1037 127 1119 §Ab
144 1039 211 1104 lton
238 1034 424 1104 mediocris
448 1048 569 1122 stupor
594 1032 735 1102 involvit
760 1055 825 1114 me,
846 1047 961 1105 utrum
990 1035 1185 1124 primitivus
1203 1036 1265 1105 llos

19 1135 181 1212 martyrum
200 1125 389 1214 corporeis
402 1146 445 1194 an
463 1122 674 1212 incorporeis
688 1122 799 1192 oculis
812 1123 879 1192 ista
896 1125 1118 1214 prospexerit.
1132 1125 1267 1194 Grande

19 1211 133 1298 quidem
157 1212 391 1294 miraculum,
419 1213 448 1284 si
473 1209 613 1282 mentali
644 1209 772 1280 intuitu
797 1211 1015 1282 stellantibus
1040 1233 1076 1282 se
1097 1213 1267 1282 immersit

20 1301 140 1382 arcanis,
166 1303 194 1372 si
221 1301 347 1372 mundi
371 1300 474 1371 corde
497 1299 589 1370 oculi
615 1312 682 1368 tam
709 1300 898 1370 solemnem
924 1302 1135 1390 inspexerint
1162 1303 1265 1372 visio·

21 1409 94 1456 nem.
107 1391 191 1472 Quod
210 1392 239 1462 si
258 1390 512 1492 corporalibus,
526 1400 656 1458 certum
670 1401 721 1458 est
736 1388 830 1458 hunc
845 1410 947 1458 omne
960 1388 1139 1459 bominum
1155 1413 1267 1482 genus

19 1475 217 1565 disparilitate
237 1479 370 1570 gloriae
396 1477 621 1568 praevolasse,
648 1490 681 1546 et
705 1478 828 1566 pennis
852 1477 932 1546 fidei
956 1490 988 1547 et
1013 1479 1189 1560 virtutum,
1213 1481 1267 1549 in·

19 1585 151 1651 corporea
183 1568 374 1658 corporeis,
407 1580 440 1638 et
474 1567 502 1636 si
541 1587 607 1634 oon
639 1565 943 1655 comprehendisse
961 1595 979 1648 ,·
996 1567 1268 1657 apprehendisse

20 1665 122 1724 tanen.
138 1657 224 1726 Nihil
251 1656 365 1728 audeo
390 1668 515 1726 temere
538 1653 701 1734 diffinire,
721 1654 770 1723 vel
800 1677 840 1724 ex
868 1655 1016 1744 abrupto
1042 1659 1268 1748 praecipitare

21 1747 208 1827 sententiam,
225 1767 309 1816 cum
335 1745 503 1814 finitivam
525 1766 630 1834 super
654 1744 856 1832 hujusmodi
876 1744 1031 1834 regulam
1052 1767 1105 1814 me
1130 1767 1197 1815 non
1220 1745 1268 1816 le·

21 1833 106 1916 gerim
129 1836 311 1905 invenisse.
332 1834 495 1904 Securius
515 1845 629 1902 tamen
654 1855 779 1920 sequor
806 1834 1017 1922 Apostolum,
1037 1834 1143 1903 immo
1167 1836 1268 1924 spiri-

23 1931 77 1988 tum
99 1923 150 1991 ltei
173 1925 206 1992 in
232 1922 418 2014 Apostolo,
448 1921 509 2011 qui
544 1943 624 1992 cum
650 1943 788 1991 summa
814 1925 994 1993 verborum
1021 1921 1269 1994 deliberatione

22 2009 92 2106 magi
109 2033 243 2082 securae
259 2009 494 2100 ambiguitati,
511 2031 616 2096 quam
633 2009 847 2099 periculosae
864 2011 1074 2092 diffinitioni,
1097 2013 1160 2080 ista
1176 2033 1269 2082 com-

22 2099 112 2275 minii
136 2104 221 2182 Sive,
256 2101 393 2189 inquit,
420 2101 456 2168 in
482 2121 629 2190 corpore,
656 2101 725 2168 sice
749 2111 849 2169 erctro
878 2123 1007 2190 corpus,
1037 2103 1157 2179 nescio,
1185 2106 1269 2170 Deus

23 2187 70 2252 scit
96 2193 121 2256 2.
140 2195 210 2260 Cor.
230 2213 275 2260 tlt
298 2241 304 2255 .

59 2273 121 2357 §A
136 2190 336 2349 Exclamrint
360 2277 474 2348 statim
500 2275 650 2346 clamore
671 2277 841 2357 horribili,
860 2277 1038 2348 continent
1054 2299 1155 2348 aures
1173 2299 1266 2359 suas,

25 2371 50 2426 et
68 2382 113 2459 eas
131 2369 317 2438 obstruunt
339 2365 484 2436 veritati.
504 2369 675 2454 Impetum
701 2365 856 2436 lecerunt
881 2367 1093 2436 unanimiter
1116 2365 1149 2436 in
1174 2389 1266 2449 eum,

24 2443 84 2546 lach
105 2455 197 2526 amici
225 2457 259 2526 in
289 2470 398 2526 morte
423 2454 529 2535 illius,
548 2466 581 2523 et
601 2455 775 2542 ejicientes
792 2477 871 2525 eum
896 2468 989 2526 extra
1014 2455 1198 2536 civitatem,
1220 2456 1269 2526 la-

23 2537 169 2632 pidabant.
188 2545 334 2630 Ejicitur
352 2558 482 2633 martyr
495 2555 587 2612 extra
602 2543 772 2614 civitatem
792 2544 1015 2634 sanguinum,
1032 2545 1066 2612 in
1085 2565 1154 2631 qun
1172 2545 1270 2634 prius

18 2627 128 2710 justitia
144 2633 366 2715 habitaverat,
388 2655 481 2704 nuno
505 2644 619 2702 autem
641 2631 847 2712 homicidae,
865 2632 908 2700 de
924 2653 991 2720 qua
1010 2632 1094 2702 dicit
1114 2646 1266 2703 sanctus:

23 2715 158 2794 herviam
177 2724 249 2792 cidi
268 2723 484 2813 r'm'an'totem
508 2731 539 2790 et
566 2722 860 2792 contradictionem
884 2722 1171 2810 inevitanda.
1196 2728 1265 2802 dl).

21 2803 92 2874 llaec
112 2822 160 2879 est
184 2812 318 2890 civitas,
340 2833 445 2897 quam
471 2808 527 2878 die
551 2831 590 2879 ac
610 2821 707 2880 nocte
731 2809 924 2880 circumdat
949 2811 1125 2897 iniquitas,
1150 2811 1270 2882 civitas

22 2895 174 2995 castellum
191 2900 385 2990 despective
402 2911 529 2980 vocata,
547 2898 639 2986 quod
655 2910 775 2970 eontra
790 2899 966 2988 Apostolos
983 2913 1014 2968 et
1031 2900 1268 2990 Apostolorum

24 2981 181 3055 bominum
211 2989 410 3060 durissimis
440 2985 655 3057 infidelitatis
687 2987 841 3058 vectibus
864 3001 915 3058 est
952 2989 1139 3059 munitum.
1171 2995 1271 3060 Extra

23 3083 131 3152 portam
155 3077 302 3148 civitatis
326 3078 432 3169 hujus
457 3097 582 3167 passus
605 3089 656 3146 est
680 3077 859 3158 nominos,
879 3090 970 3146 extra
990 3099 1065 3146 eam
1097 3077 1271 3168 lapidatur

22 3175 128 3242 servus,
145 3166 260 3237 exiens
280 3166 322 3236 ad
347 3189 426 3236 eum
445 3176 537 3235 extra
554 3179 678 3246 castra,
696 3179 729 3236 et
754 3178 894 3255 portans
918 3165 1182 3238 similitudinem
1206 3169 1271 3236 im·

23 3252 147 3346 properii
169 3255 254 3340 ejns.
275 3261 500 3345 Deponuntur
524 3253 725 3324 vestimenta
745 3254 907 3344 martyris
924 3253 965 3323 ad
987 3254 1089 3344 pedes
1111 3277 1271 3346 persecu-

23 3342 97 3414 tons,
115 3343 171 3426 qui
195 3343 236 3411 ad
264 3357 391 3415 tactum
417 3363 593 3413 sacrarum
614 3345 772 3424 vestium,
797 3355 830 3412 et
854 3343 1069 3414 orationihus
1091 3343 1269 3432 lapidandi

23 3416 112 3494 luerat
134 3433 394 3502 convertendus.
425 3437 464 3502 Et
494 3432 705 3522 lapido-boet,
732 3433 856 3519 inquit,
883 3434 1090 3523 Stephanum
1115 3437 1270 3504 invocan-

24 3517 128 3584 temet
147 3519 319 3590 dicentem:
340 3523 475 3590 ltornt'nc
493 3520 584 3602 decu,
605 3525 679 3590 occi
702 3545 718 3590 c
737 3523 894 3611 spiritum
913 3544 1034 3592 meum.
1053 3527 1203 3592 Currunt
1220 3521 1268 3591 illi

25 3596 55 3693 ad
77 3599 210 3692 lapides,
228 3621 261 3679 et
284 3609 342 3680 ille
365 3609 406 3678 ad
435 3631 570 3700 preces:
592 3607 662 3700 lapi
689 3631 725 3680 es
741 3608 891 3768 lapidem
912 3610 1123 3712 percutiunt,
1143 3611 1202 3682 sed
1223 3611 1271 3682 la-

26 3685 118 3780 ttdem
140 3696 339 3780 molliorem,
359 3698 401 3768 de
425 3721 493 3786 quo
518 3698 594 3767 lluit
622 3698 733 3768 oleum
760 3721 778 3768 c
807 3699 950 3781 aritatrs,
969 3711 1001 3768 et
1026 3699 1172 3770 tinnitus
1194 3702 1270 3770 red-

26 3769 99 3873 dttur
122 3783 262 3869 pietatis.
282 3788 422 3857 Domine
446 3792 540 3868 lesu,
558 3789 682 3877 inquit,
703 3809 745 3856 ne
763 3800 894 3858 statuas
909 3788 979 3858 illis
998 3790 1060 3858 hoc
1078 3803 1268 3878 peccatum,

27 3879 89 3960 luta
104 3874 253 3944 nesciunt
269 3875 352 3962 quid
371 3875 512 3946 faciunt.
534 3881 642 3968 Rogat
657 3877 788 3966 suscipi
805 3877 963 3966 spiritum
979 3899 1096 3960 suurn,
1111 3879 1269 3968 spiritum

26 3965 134 4038 utrque,
149 3972 180 4029 et
195 3964 352 4052 spiritum
373 3963 486 4046 illurn,
503 3986 605 4052 quem
625 3965 803 4057 signanter
818 3967 918 4053 quasi
935 3966 1109 4054 quoddam
1132 3967 1269 4037 tertium

31 4041 183 4140 Apostolus
213 4053 248 4120 in
286 4053 424 4122 homine
461 4055 627 4144 praecipit
661 4055 870 4125 conservari.
900 4061 937 4124 llt
973 4059 1113 4148 intepet,
1145 4057 1269 4143 inquit,

31 4145 130 4293 alma,
152 4149 182 4206 ct
197 4144 346 4318 spiri-itus,
368 4153 399 4210 rt
424 4164 541 4233 corpus
558 4145 591 4210 r'o
610 4144 696 4213 diem
714 4147 848 4213 Dnmr'at'
865 4146 937 4214 sine
960 4149 1097 4236 qrrcrclo
1121 4157 1272 4216 cernetur·

63 4267 68 4280 ·
125 4247 181 4295 ess.
200 4251 244 4297 v.
592 4292 595 4298 ,

52 4303 81 4394 ,ἓ
98 4313 142 4412 .⁸·.
158 4319 181 4384 0
204 4332 330 4404 quanta
358 4321 475 4408 pietas,
502 4334 653 4408 quantus
678 4323 832 4402 allectus,
852 4337 883 4392 et
907 4323 1170 4396 ardentissimae
1189 4326 1272 4395 cha·

36 4399 121 4466 ntaus
137 4408 318 4496 integritasl
347 4415 445 4479 Recto
471 4411 624 4501 roortpvii
651 4411 768 4481 llorem
791 4413 854 4481 iste
879 4412 944 4482 sibi
967 4414 1218 4502 praevendicat,
1236 4416 1269 4484 in
