2946 4798
49 321 121 386 [lllC.
149 323 189 386 28
450 339 489 385 nn
512 337 640 386 sartoris
664 337 893 387 ruuocnnnraus
1199 321 1256 385 5ll

48 422 274 493 resonantibus
297 421 475 510 usquead
499 422 613 492 coelos
630 423 791 493 victorine
816 421 927 502 tubis;
953 432 986 491 et
1011 443 1130 492 versus
1154 434 1205 491 est
1229 444 1308 512 par-

47 513 192 582 vulorum
217 512 353 602 vagitus
372 511 405 579 in
427 511 608 601 gaudium,
627 525 660 581 et
676 511 791 582 luctus
816 512 849 581 in
872 510 1039 598 jubilum,
1058 524 1220 598 sequente
1238 532 1305 580 non

46 601 180 681 stellam,
199 599 258 670 sed
283 605 419 690 Agnum
443 600 594 670 exercitu
613 600 863 681 innocentium,
883 611 915 670 et
939 599 1114 688 bajulante
1129 599 1307 690 gloriosis·

47 691 118 758 simi
141 689 308 779 triumphi
343 688 496 758 solemne
529 687 704 759 vexillum.
736 693 801 759 Nec
833 689 943 779 potuit
978 688 1131 758 mundus
1169 689 1308 758 inlicere

45 801 145 867 nuper
163 799 308 868 agonem
328 777 524 867 ingressum
543 777 735 847 infantilem
753 777 952 858 exercitum,
972 788 1005 847 et
1022 777 1125 866 pedes
1144 777 1204 864 qui
1222 799 1308 847 non·

44 867 119 936 dnm
139 867 250 937 lutum
267 866 493 947 calcaverant,
504 887 634 957 urgens
646 867 840 954 citatusque
854 867 1020 937 transitus
1036 879 1169 936 nonest
1184 888 1306 956 passus

43 955 117 1024 ullis
139 954 300 1026 sordibus
326 955 518 1041 inquinari:
541 955 598 1024 sed
620 955 684 1024 ini
712 977 749 1024 so
768 956 854 1025 vitae
871 955 969 1024 initio
987 966 1054 1026 tota
1075 955 1134 1024 illa
1154 956 1305 1026 innocua

45 1044 207 1132 phalanx,
238 1045 313 1114 sine
349 1043 420 1114 ullo
452 1043 658 1134 integritatis
682 978 910 1126 detrimento,
941 1044 984 1114 ad
1018 1044 1192 1114 solidioris
1216 1045 1305 1114 vitae

46 1133 200 1203 translata
219 1145 270 1204 est
289 1132 448 1224 gloriam.
464 1137 504 1202 Et
519 1154 607 1220 quae
631 1135 820 1223 exspectari
846 1145 976 1224 poterat
992 1155 1163 1203 annorum
1185 1134 1307 1224 elapsu

48 1223 175 1292 rationis
196 1221 370 1302 discretio,
388 1233 527 1312 repente
547 1220 653 1292 nullis
670 1224 739 1308 jam
757 1235 865 1292 aetate
882 1221 941 1292 illa
962 1223 1175 1312 temporibus
1191 1223 1307 1310 subje-

47 1321 104 1391 cta,
118 1311 228 1380 omnis
247 1311 559 1380 consummationis
584 1311 710 1400 reperit
733 1311 850 1392 finem,
866 1324 897 1382 ct
913 1333 1058 1381 casuum
1075 1311 1306 1381 accidentium

46 1400 280 1470 mutabilitates
308 1399 426 1469 evasit.
457 1398 712 1489 Evigilaverunt
747 1422 870 1469 sensus
898 1421 984 1486 qnos
1016 1396 1121 1489 sopor
1143 1400 1307 1470 inlantiae

44 1489 274 1578 opprimebat,
302 1487 533 1577 displosisque
562 1488 736 1589 palpebris
760 1489 876 1558 intuiti
900 1488 1037 1568 lucem,
1065 1490 1100 1557 in
1133 1500 1306 1558 momento

43 1579 179 1648 assecuti
206 1589 298 1657 sunt,
326 1597 414 1664 quae
439 1577 594 1666 pacificis
617 1589 649 1646 et
673 1577 804 1647 mundo
824 1577 926 1646 corde
950 1578 1104 1658 debetur,
1125 1577 1307 1648 beatitudi-

44 1686 136 1734 nem:
152 1677 185 1736 et
210 1665 433 1736 ascendentes
460 1687 521 1756 per
536 1665 693 1736 omnium
714 1667 876 1736 virtutum
894 1665 1024 1757 gradus
1042 1666 1116 1736 sine
1131 1666 1307 1737 doctrinae

45 1752 209 1825 ltumanae
231 1755 390 1825 exercitio
410 1753 623 1825 cumulatam
650 1755 809 1825 invenere
834 1775 1046 1825 mensuram:
1070 1755 1116 1824 ita
1139 1757 1231 1825 utin
1254 1776 1308 1825 or-

46 1841 116 1912 dine
139 1857 337 1914 sanctorum
365 1855 631 1933 protomartyres
657 1844 809 1932 primum
835 1843 984 1914 habeant
1000 1842 1128 1924 locum,
1147 1857 1179 1914 et
1199 1865 1308 1915 secre-

48 1945 146 2001 torum
172 1933 303 2003 conscii
328 1932 551 2012 divinorum,
581 1932 837 2021 propinquitate
860 1931 1133 2002 familiarissima
1157 1932 1307 2002 clemen-

48 2019 117 2088 tiam
142 2022 201 2091 Dei
217 2043 280 2112 pro
299 2021 425 2092 nostris
441 2031 580 2090 exorent
596 2020 785 2102 laboribus,
804 2043 891 2108 quos
908 2043 1017 2109 usque
1033 2021 1133 2091 bodie
1150 2021 1308 2091 funestus

48 2110 185 2180 Herodes
212 2111 441 2199 persequitur,
468 2130 614 2197 quorum
645 2109 815 2200 sanguine
838 2122 871 2180 et
899 2124 1008 2182 morte
1031 2109 1191 2180 diabolus
1215 2109 1307 2178 dele-

50 2209 155 2268 ctatur.
184 2201 226 2269 Hi
251 2199 367 2286 itaque
390 2221 409 2268 a
433 2197 618 2268 cunabulis
643 2198 679 2265 in
704 2199 838 2269 coelum
863 2199 1017 2270 translati
1043 2199 1123 2269 lacti
1149 2211 1229 2270 sunt
1249 2221 1306 2269 su·

53 2289 135 2384 perui
157 2287 314 2378 Capitolii
339 2299 513 2358 senatores
538 2298 570 2357 et
588 2286 739 2375 judices,
759 2287 937 2359 nonnullis
962 2289 1094 2358 veniam
1116 2289 1307 2358 obtinentes

51 2377 236 2447 immeritis:
256 2378 492 2464 assistuntque
517 2375 798 2446 miserationibus
821 2388 853 2446 et
873 2377 1065 2448 ultionibus
1088 2377 1228 2460 divinis,
1248 2376 1306 2446 sed

48 2465 174 2554 saepius
197 2467 296 2556 Agni,
323 2485 425 2553 quem
451 2486 671 2552 quocumque
706 2465 782 2534 lerit
809 2480 1074 2554 prosequuntur,
1107 2478 1307 2538 mansuetu-

47 2549 129 2634 dine,
149 2577 255 2643 quam
281 2556 332 2624 ira
357 2553 408 2624 vel
432 2552 547 2623 lurore
571 2566 729 2623 utuntur.
752 2553 794 2622 Hi
819 2576 930 2644 nuper
955 2577 1077 2626 cruore
1101 2555 1304 2635 lacteoloti,

46 2641 208 2728 primitias
232 2643 395 2734 baptismi
413 2643 578 2732 martyrio
602 2655 860 2724 consecrarunt,
881 2644 1052 2714 tradentes
1079 2644 1222 2734 posteris
1239 2644 1307 2712 lor-

45 2751 142 2814 mam,
161 2732 223 2802 ubi
247 2731 460 2802 necessitatis
485 2729 652 2801 articulus
669 2730 851 2802 excluserit
876 2753 1019 2814 moram,
1040 2755 1108 2804 non
1130 2731 1308 2803 minusad

46 2817 212 2890 lavacrum
238 2822 374 2891 animae
398 2821 603 2910 sangninem
620 2819 806 2902 efficacem,
824 2843 928 2908 quam
946 2823 1178 2893 sanctificatas
1198 2821 1309 2890 verbis

45 2906 250 2982 solemnibus
267 2932 386 2998 aquae,
402 2909 550 2978 maxime
566 2930 646 2978 cum
673 2930 734 2978 nec
755 2911 898 3068 sanpnis
915 2911 979 2980 hoc
997 2911 1164 2982 elemento
1181 2920 1306 2990 careat,

45 2996 97 3064 sed
116 3019 284 3084 aquarum
309 3011 405 3069 motu
426 3020 487 3089 per
504 3010 611 3068 totum
630 2997 783 3088 corporis
798 3022 817 3067 a
835 3021 933 3069 veum
951 3001 1048 3069 lluat.
1067 3001 1214 3090 Spiritus
1233 3019 1310 3069 vero

46 3087 183 3155 Sanctus
207 3101 239 3158 et
257 3088 356 3174 aquis
379 3097 411 3157 et
428 3087 592 3176 sanguini
610 3087 833 3174 superfertur,
851 3088 911 3174 qui
936 3089 1108 3178 subjectos
1129 3089 1196 3158 sibi
1222 3088 1310 3157 soret

45 3185 73 3240 et
95 3175 215 3275 abluit:
233 3199 302 3266 quo
325 3177 519 3267 baptizante
543 3175 632 3244 idem
651 3176 777 3245 occisio
793 3176 886 3264 quod
904 3179 1029 3247 mersio
1049 3191 1223 3268 operatur,
1241 3199 1309 3264 qua

45 3275 221 3334 extinctam
245 3265 370 3354 peccati
389 3266 491 3334 vitam
510 3264 738 3351 virtutemque
756 3276 947 3335 emortuam
965 3266 1147 3357 utriusque
1166 3267 1213 3336 rei
1229 3287 1310 3334 con-

46 3350 124 3420 tinet
146 3367 412 3424 sacramentum.
436 3359 512 3443 lpse
536 3353 628 3422 enim
654 3365 704 3422 est
733 3355 793 3442 qui
827 3354 878 3424 vel
903 3354 990 3437 hoc,
1021 3356 1071 3424 vel
1096 3355 1164 3425 alio
1193 3354 1306 3434 modo,

46 3441 251 3528 quicumque
281 3457 331 3513 est
354 3443 412 3512 ille
438 3443 573 3523 modus,
597 3440 768 3532 baptizat,
799 3455 831 3513 ct
855 3443 898 3514 ad
928 3444 1017 3514 idem
1043 3444 1188 3515 refertur
1215 3443 1306 3529 quod

47 3547 127 3613 pura
151 3530 220 3600 fide
243 3531 356 3622 agitur
380 3554 439 3624 per
464 3533 635 3602 Christum
662 3533 846 3602 Dominum
873 3545 1041 3605 nostrum.
