2954 4816
425 477 681 546 avrsvottn*
706 481 811 546 onan

83 653 115 731 S.
149 653 508 733 ANASTASIAE
543 654 616 732 ΑΙ)
650 654 687 732 S.
720 651 1157 733 CHRYSOGONUM

522 873 559 920 ΕΤ
582 873 716 920 nortona

157 1029 194 1108 S.
226 1027 558 1109 CHRYSOGONI
586 1029 655 1108 AD
683 1029 720 1108 S.
752 1025 1077 1108 ANASTASIAM

19 1243 221 1296 virescamus
244 1247 279 1295 m
303 1249 332 1294 s.
359 1247 554 1296 anasrasran
578 1247 651 1294 vrra
665 1248 705 1296 aa
722 1243 896 1295 auasrasro
921 1245 1116 1294 ninnlornuc.
1143 1246 1248 1294 antra.

240 1352 406 1401 mannans
430 1354 555 1400 manna
578 1353 673 1400 nrvaa
696 1353 780 1400 aeuo
804 1330 991 1400 surna1**.

43 1525 109 1608 ξι.
131 1529 247 1596 Sancto
286 1527 472 1615 Confessam
505 1527 631 1597 Christi
662 1527 897 1617 Chrysopom,
930 1525 1123 1593 Anastasia.
1162 1525 1252 1594 Licet

19 1625 86 1679 nter
107 1615 184 1682 mihi
202 1614 318 1685 cultor
338 1613 507 1684 idolorum
533 1614 647 1696 fuerit,
666 1629 775 1685 mater
800 1627 911 1683 tamen
939 1617 1074 1692 Fausta,
1094 1611 1250 1682 christia-

19 1699 129 1768 nissima
150 1724 288 1792 semper
319 1703 442 1772 vixisse
469 1703 633 1791 probatur
662 1715 696 1772 et
725 1713 830 1773 casta.
861 1705 951 1770 llaec
980 1721 1033 1770 me
1062 1701 1150 1770 inter
1177 1701 1250 1791 ipsa

19 1789 154 1882 cunabula
176 1792 254 1862 lecit
281 1791 354 1860 lieri
379 1791 621 1862 Christianam.
647 1797 726 1863 Post
756 1791 858 1881 cujus
888 1811 1066 1860 excessum
1091 1789 1250 1878 sacrilegi

19 1895 109 1978 iugum
131 1881 241 1950 mariti
268 1881 423 1970 suscepi:
450 1881 563 1970 quus,
584 1885 647 1950 Deo
673 1881 867 1960 miserante,
899 1877 1177 1948 torummentita
1201 1879 1253 1946 in-

19 1967 143 2036 brmitate
165 1968 356 2050 declinans,
383 1967 438 2037 die
464 1981 635 2055 noctuque
660 1969 794 2038 Domini
816 1967 921 2036 nostri
938 1968 1019 2034 lesu
1036 1964 1159 2034 Christi
1176 1987 1251 2034 am·

19 2051 115 2136 plector
135 2058 286 2147 vestigia.
307 2062 390 2127 Cum
411 2059 473 2128 iste
494 2057 740 2158 patrimonium
759 2077 887 2137 meum,
906 2077 945 2124 ex
958 2075 1027 2141 quo
1044 2052 1249 2126 illustratur.

19 2143 229 2236 cumindigois
253 2159 289 2215 et
312 2145 471 2235 turpibus
495 2145 686 2216 idololatris
710 2145 900 2225 exhauriat,
926 2164 978 2211 me
993 2163 1130 2230 quoque
1148 2141 1251 2210 veluti

18 2247 122 2314 magam
137 2248 235 2324 atque
259 2233 463 2323 sacrilegam
489 2234 665 2306 custodiae
690 2245 756 2304 lam
781 2233 1006 2324 gravissimae
1027 2230 1248 2319 mancipavit,

18 2325 48 2413 ut
61 2323 205 2416 meritam
223 2322 437 2413 corporalem
463 2324 617 2392 amittere
648 2324 813 2412 suspicer.
842 2320 930 2391 llibil
960 2319 1052 2390 enim
1082 2331 1250 2410 superest,

18 2421 118 2504 matut
142 2413 266 2482 amisso
296 2411 443 2500 spiritu,
478 2413 577 2481 morti
603 2411 850 2482 succumbam:
888 2409 921 2478 in
947 2431 1015 2496 qua
1040 2422 1149 2478 morte
1174 2406 1249 2477 licet

18 2489 114 2576 glorier
133 2499 171 2568 de
188 2499 404 2570 confessione
427 2499 558 2570 Domini
579 2501 645 2568 mei
661 2505 744 2568 lesu
759 2497 893 2580 Christi,
914 2511 1026 2568 tamen
1044 2497 1135 2566 ineo
1153 2517 1251 2566 mens

18 2580 91 2676 valde
112 2589 303 2668 conteritur,
329 2588 419 2675 quod
446 2609 566 2658 omnes
593 2609 687 2658 meas
706 2609 800 2677 opes,
827 2608 913 2675 quus
940 2591 1006 2656 Deo
1036 2585 1250 2664 devoveram,

18 2665 219 2746 alienisalleo
241 2690 276 2746 et
300 2677 461 2766 turpibus
490 2677 623 2768 erogari
647 2677 846 2765 conspicio·
866 2680 904 2744 Et
933 2673 1060 2744 ideirco
1084 2673 1249 2762 deprecor

18 2765 47 2832 te,
60 2780 75 2825 o
88 2760 178 2834 homo
202 2767 269 2844 bei,
290 2779 328 2834 ut
344 2765 509 2834 instanter
527 2766 708 2836 [lominum
730 2764 936 2854 depreceris
956 2774 994 2832 ut
1008 2773 1067 2831 aut
1087 2762 1128 2830 ad
1147 2761 1249 2832 fidem

18 2863 91 2940 suam
105 2852 130 2918 si
147 2867 324 2925 venturum
343 2853 527 2944 praevidet,
555 2855 716 2924 maritum
745 2853 905 2922 Publium
931 2851 1022 2920 sinat
1038 2851 1167 2920 vivere:
1196 2864 1254 2920 aut

18 2953 37 2996 st
59 2956 123 3004 eum
144 2941 174 3008 in
196 2943 258 3012 bac
288 2942 540 3012 incredulitatis
569 2943 786 3033 perversitate
802 2941 866 3010 scit
892 2961 1109 3021 mansumm,
1134 2940 1253 3027 jubeat

19 3037 75 3090 tum
92 3025 192 3097 locum
204 3030 286 3101 dare
295 3031 369 3100 suis
381 3030 584 3101 cultoribus.
601 3030 720 3099 llelius
735 3042 786 3100 est
797 3030 889 3098 enim
904 3027 1064 3118 spiritum
1079 3028 1250 3108 exhalare,

19 3127 95 3207 luem
122 3118 170 3185 llei
194 3120 317 3190 Filium
346 3119 539 3210 denegare,
565 3130 598 3188 et
621 3139 699 3188 eum
732 3118 933 3188 confitentes
963 3116 1143 3206 impedire.
1178 3121 1256 3206 lpse

19 3213 85 3298 cmm
108 3206 192 3276 testis
215 3223 265 3278 est
289 3207 463 3288 Christus,
485 3209 649 3296 quoniam
676 3207 707 3276 si
739 3206 879 3276 liberata
911 3205 1027 3284 luero,
1054 3217 1251 3274 sanctorum

22 3291 139 3378 vestigiis
161 3295 362 3378 adhaerebo,
388 3309 421 3366 et
444 3318 563 3366 curam
582 3317 700 3368 eorum
722 3295 867 3366 sollicite
882 3294 1057 3374 exercebo,
1077 3304 1115 3363 ut
1132 3315 1252 3384 coepe-

23 3389 84 3442 llb.
107 3381 188 3463 lale,
214 3386 264 3454 vir
291 3385 358 3466 nei,
379 3398 412 3456 et
429 3398 599 3456 memento
619 3385 697 3454 mei.

371 3601 404 3668 S.
434 3599 643 3690 Chrysopom'
660 3619 864 3690 responsum.

53 3727 123 3824 l?-
147 3737 373 3839 Chrysogonus
397 3741 609 3810 anastasiae.
639 3739 830 3809 Fluctnanti
851 3737 912 3806 tibi
930 3737 1018 3804 inter
1035 3735 1206 3824 procellas
1224 3747 1256 3804 et

25 3815 144 3915 turbines
167 3825 295 3908 mundi,
322 3829 389 3899 cito
414 3851 518 3914 snper
534 3827 647 3898 undas
664 3828 894 3898 deambulans
914 3823 1072 3893 adveniet
1087 3823 1253 3910 Christus,

25 3909 46 3962 tt
66 3902 175 3980 diaboli
199 3915 377 3986 adversum
401 3929 432 3986 te
449 3917 587 3987 llantem
615 3918 775 4007 spiritum
797 3935 868 3984 nno
881 3912 1052 4000 jussionis
1078 3935 1160 3983 suae
1186 3933 1256 3983 ser-

28 4003 99 4088 lllut
117 4017 310 4092 compescet.
331 4005 498 4075 Patienter
513 4027 595 4097 ergo
615 4006 714 4092 quasi
731 4006 767 4073 in
787 4001 900 4073 medio
917 4001 1006 4070 mari
1020 4002 1140 4091 posita,
1156 4001 1257 4070 crede

28 4071 159 4156 Christum
184 4091 225 4159 ad
255 4106 505 4177 teventnrnm,
530 4093 629 4164 etad
657 4093 871 4182 temetipsam
897 4110 1074 4172 conversa,
1102 4089 1255 4160 exclama

31 4265 159 4370 εὲξῐέῑὲἱῳ
172 4286 192 4348 ⁸:
208 4289 341 4329 anastasiae
356 4292 384 4330 ad
399 4291 419 4332 S.
432 4291 614 4342 chrysogonum,
625 4299 749 4352 germana·
759 4297 818 4338 aaaa.
828 4289 928 4332 armttaa
937 4291 1024 4332 aaaarll
1033 4290 1155 4333 Baronlua.
1168 4289 1254 4334 Varum

52 4369 72 4395 „
82 4337 228 4436 bamba
237 4343 402 4436 {eiminstriam
411 4349 438 4386 ut
448 4347 603 4395 apocryphae.
615 4345 763 4394 rejiciuntur.
