<?xml version="1.0" encoding="UTF-8"?>
<!DOCTYPE html PUBLIC "-//W3C//DTD XHTML 1.0 Transitional//EN"
    "http://www.w3.org/TR/xhtml1/DTD/xhtml1-transitional.dtd">
<html xmlns="http://www.w3.org/1999/xhtml" xml:lang="en" lang="en">
 <head>
  <title>
</title>
<meta http-equiv="Content-Type" content="text/html;charset=utf-8" />
  <meta name='ocr-system' content='tesseract 3.04.00' />
  <meta name='ocr-capabilities' content='ocr_page ocr_carea ocr_par ocr_line ocrx_word'/>
</head>
<body>
  <div class='ocr_page' id='page_1' title='image "./historiaeseuvit00lippgoog_0386.png"; bbox 0 0 2960 4824; ppageno 0'>
   <div class='ocr_carea' id='block_1_1' title="bbox 36 334 1223 402">
    <p class='ocr_par' dir='ltr' id='par_1_1' title="bbox 36 334 1223 402">
     <span class='ocr_line' id='line_1_1' title="bbox 36 334 1223 402; baseline 0.003 -4"><span class='ocrx_word' id='word_1_1' title='bbox 36 334 101 400; x_wconf 80' lang='lat' dir='ltr'>nto.</span> <span class='ocrx_word' id='word_1_2' title='bbox 127 335 164 400; x_wconf 78' lang='lat' dir='ltr'>ld</span> <span class='ocrx_word' id='word_1_3' title='bbox 384 354 422 400; x_wconf 82' lang='lat' dir='ltr'>na</span> <span class='ocrx_word' id='word_1_4' title='bbox 446 354 473 402; x_wconf 86' lang='lat' dir='ltr'>s.</span> <span class='ocrx_word' id='word_1_5' title='bbox 500 353 633 401; x_wconf 78' lang='lat' dir='ltr'>russam</span> <span class='ocrx_word' id='word_1_6' title='bbox 657 354 706 399; x_wconf 84' lang='lat' dir='ltr'>nv.</span> <span class='ocrx_word' id='word_1_7' title='bbox 735 353 881 402; x_wconf 80' lang='lat' dir='ltr'>vannum.</span> <span class='ocrx_word' id='word_1_8' title='bbox 1166 337 1223 402; x_wconf 83' lang='lat' dir='ltr'>35t</span> 
     </span>
    </p>
   </div>
   <div class='ocr_carea' id='block_1_2' title="bbox 20 437 1274 2396">
    <p class='ocr_par' dir='ltr' id='par_1_2' title="bbox 23 437 1274 1059">
     <span class='ocr_line' id='line_1_2' title="bbox 63 437 1272 528; baseline 0 -20"><span class='ocrx_word' id='word_1_9' title='bbox 63 441 130 524; x_wconf 65' lang='grc' dir='ltr'>Μ.</span> <span class='ocrx_word' id='word_1_10' title='bbox 155 438 278 508; x_wconf 86' lang='lat' dir='ltr'>Videns</span> <span class='ocrx_word' id='word_1_11' title='bbox 302 438 366 508; x_wconf 89' lang='lat' dir='ltr'>hoc</span> <span class='ocrx_word' id='word_1_12' title='bbox 389 437 559 521; x_wconf 91' lang='lat' dir='ltr'>diabolus,</span> <span class='ocrx_word' id='word_1_13' title='bbox 581 439 815 509; x_wconf 87' lang='lat' dir='ltr'>innocentium</span> <span class='ocrx_word' id='word_1_14' title='bbox 843 438 962 520; x_wconf 86' lang='lat' dir='ltr'>hostis,</span> <span class='ocrx_word' id='word_1_15' title='bbox 983 437 1139 528; x_wconf 90' lang='lat' dir='ltr'>justitiae</span> <span class='ocrx_word' id='word_1_16' title='bbox 1158 438 1272 508; x_wconf 93' lang='lat' dir='ltr'>inimi·</span> 
     </span>
     <span class='ocr_line' id='line_1_3' title="bbox 31 527 1273 618; baseline 0.002 -25"><span class='ocrx_word' id='word_1_17' title='bbox 31 547 86 607; x_wconf 87' lang='lat' dir='ltr'>cns,</span> <span class='ocrx_word' id='word_1_18' title='bbox 101 527 287 598; x_wconf 90' lang='lat' dir='ltr'>contrarius</span> <span class='ocrx_word' id='word_1_19' title='bbox 310 527 402 610; x_wconf 86' lang='lat' dir='ltr'>fidei,</span> <span class='ocrx_word' id='word_1_20' title='bbox 424 529 505 616; x_wconf 88' lang='lat' dir='ltr'>quia</span> <span class='ocrx_word' id='word_1_21' title='bbox 530 528 564 598; x_wconf 92' lang='lat' dir='ltr'>in</span> <span class='ocrx_word' id='word_1_22' title='bbox 592 529 655 598; x_wconf 92' lang='lat' dir='ltr'>hoc</span> <span class='ocrx_word' id='word_1_23' title='bbox 674 549 778 618; x_wconf 88' lang='lat' dir='ltr'>opere</span> <span class='ocrx_word' id='word_1_24' title='bbox 801 527 1068 598; x_wconf 79' lang='lat' dir='ltr'>benedicebatur</span> <span class='ocrx_word' id='word_1_25' title='bbox 1093 533 1193 609; x_wconf 86' lang='lat' dir='ltr'>Deus,</span> <span class='ocrx_word' id='word_1_26' title='bbox 1221 527 1273 596; x_wconf 92' lang='lat' dir='ltr'>in-</span> 
     </span>
     <span class='ocr_line' id='line_1_4' title="bbox 28 615 1272 707; baseline 0.003 -25"><span class='ocrx_word' id='word_1_27' title='bbox 28 615 189 685; x_wconf 83' lang='lat' dir='ltr'>flammavit</span> <span class='ocrx_word' id='word_1_28' title='bbox 202 616 383 687; x_wconf 87' lang='lat' dir='ltr'>adversum</span> <span class='ocrx_word' id='word_1_29' title='bbox 399 639 460 688; x_wconf 91' lang='lat' dir='ltr'>nos</span> <span class='ocrx_word' id='word_1_30' title='bbox 475 617 702 688; x_wconf 72' lang='lat' dir='ltr'>ariomanitas</span> <span class='ocrx_word' id='word_1_31' title='bbox 717 639 798 689; x_wconf 90' lang='lat' dir='ltr'>suos</span> <span class='ocrx_word' id='word_1_32' title='bbox 813 617 889 707; x_wconf 88' lang='lat' dir='ltr'>(qui</span> <span class='ocrx_word' id='word_1_33' title='bbox 913 615 982 706; x_wconf 88' lang='lat' dir='ltr'>jam</span> <span class='ocrx_word' id='word_1_34' title='bbox 997 615 1100 707; x_wconf 87' lang='lat' dir='ltr'>longo</span> <span class='ocrx_word' id='word_1_35' title='bbox 1119 627 1272 707; x_wconf 87' lang='lat' dir='ltr'>tempore</span> 
     </span>
     <span class='ocr_line' id='line_1_5' title="bbox 27 703 1271 798; baseline 0.002 -26"><span class='ocrx_word' id='word_1_36' title='bbox 27 704 237 796; x_wconf 87' lang='lat' dir='ltr'>suspirabant)</span> <span class='ocrx_word' id='word_1_37' title='bbox 254 727 320 776; x_wconf 94' lang='lat' dir='ltr'>non</span> <span class='ocrx_word' id='word_1_38' title='bbox 337 705 448 775; x_wconf 91' lang='lat' dir='ltr'>solum</span> <span class='ocrx_word' id='word_1_39' title='bbox 466 705 510 776; x_wconf 89' lang='lat' dir='ltr'>de</span> <span class='ocrx_word' id='word_1_40' title='bbox 529 707 593 778; x_wconf 87' lang='lat' dir='ltr'>hoc</span> <span class='ocrx_word' id='word_1_41' title='bbox 608 727 721 798; x_wconf 90' lang='lat' dir='ltr'>opere,</span> <span class='ocrx_word' id='word_1_42' title='bbox 740 705 799 776; x_wconf 90' lang='lat' dir='ltr'>sed</span> <span class='ocrx_word' id='word_1_43' title='bbox 813 719 846 776; x_wconf 92' lang='lat' dir='ltr'>et</span> <span class='ocrx_word' id='word_1_44' title='bbox 862 705 905 775; x_wconf 90' lang='lat' dir='ltr'>de</span> <span class='ocrx_word' id='word_1_45' title='bbox 920 727 983 777; x_wconf 91' lang='lat' dir='ltr'>sua</span> <span class='ocrx_word' id='word_1_46' title='bbox 1000 703 1212 786; x_wconf 82' lang='lat' dir='ltr'>infidelitate,</span> <span class='ocrx_word' id='word_1_47' title='bbox 1227 705 1271 774; x_wconf 91' lang='lat' dir='ltr'>ad</span> 
     </span>
     <span class='ocr_line' id='line_1_6' title="bbox 25 793 1273 886; baseline 0.002 -24"><span class='ocrx_word' id='word_1_48' title='bbox 25 813 107 878; x_wconf 85' lang='lat' dir='ltr'>quam</span> <span class='ocrx_word' id='word_1_49' title='bbox 132 816 191 866; x_wconf 87' lang='lat' dir='ltr'>nos</span> <span class='ocrx_word' id='word_1_50' title='bbox 212 794 418 886; x_wconf 91' lang='lat' dir='ltr'>persuadere</span> <span class='ocrx_word' id='word_1_51' title='bbox 438 817 504 864; x_wconf 92' lang='lat' dir='ltr'>non</span> <span class='ocrx_word' id='word_1_52' title='bbox 527 809 693 886; x_wconf 79' lang='lat' dir='ltr'>poterant,</span> <span class='ocrx_word' id='word_1_53' title='bbox 719 808 758 865; x_wconf 92' lang='lat' dir='ltr'>ut</span> <span class='ocrx_word' id='word_1_54' title='bbox 780 795 962 865; x_wconf 81' lang='lat' dir='ltr'><strong>existerent</strong></span> <span class='ocrx_word' id='word_1_55' title='bbox 989 793 1150 876; x_wconf 89' lang='lat' dir='ltr'>violenti,</span> <span class='ocrx_word' id='word_1_56' title='bbox 1179 814 1273 864; x_wconf 89' lang='lat' dir='ltr'>more</span> 
     </span>
     <span class='ocr_line' id='line_1_7' title="bbox 24 880 1274 975; baseline 0.002 -26"><span class='ocrx_word' id='word_1_57' title='bbox 24 880 83 962; x_wconf 88' lang='lat' dir='ltr'>hoe,</span> <span class='ocrx_word' id='word_1_58' title='bbox 102 904 167 969; x_wconf 86' lang='lat' dir='ltr'>quo</span> <span class='ocrx_word' id='word_1_59' title='bbox 186 905 323 973; x_wconf 86' lang='lat' dir='ltr'><strong>semper</strong></span> <span class='ocrx_word' id='word_1_60' title='bbox 338 895 388 954; x_wconf 90' lang='lat' dir='ltr'>est</span> <span class='ocrx_word' id='word_1_61' title='bbox 406 905 504 966; x_wconf 74' lang='lat' dir='ltr'>usuc,</span> <span class='ocrx_word' id='word_1_62' title='bbox 524 895 561 955; x_wconf 91' lang='lat' dir='ltr'>ut</span> <span class='ocrx_word' id='word_1_63' title='bbox 580 906 668 974; x_wconf 91' lang='lat' dir='ltr'>quos</span> <span class='ocrx_word' id='word_1_64' title='bbox 693 883 899 975; x_wconf 87' lang='lat' dir='ltr'>persuadere</span> <span class='ocrx_word' id='word_1_65' title='bbox 919 904 986 952; x_wconf 94' lang='lat' dir='ltr'>non</span> <span class='ocrx_word' id='word_1_66' title='bbox 1006 894 1158 973; x_wconf 90' lang='lat' dir='ltr'>poterat,</span> <span class='ocrx_word' id='word_1_67' title='bbox 1186 882 1218 952; x_wconf 90' lang='lat' dir='ltr'>vi</span> <span class='ocrx_word' id='word_1_68' title='bbox 1241 895 1274 952; x_wconf 88' lang='lat' dir='ltr'>et</span> 
     </span>
     <span class='ocr_line' id='line_1_8' title="bbox 23 983 333 1059; baseline 0.006 -20"><span class='ocrx_word' id='word_1_69' title='bbox 23 983 333 1059; x_wconf 81' lang='lat' dir='ltr'>potestateterreret.</span> 
     </span>
    </p>

    <p class='ocr_par' dir='ltr' id='par_1_3' title="bbox 22 1059 1272 1329">
     <span class='ocr_line' id='line_1_9' title="bbox 56 1059 1270 1162; baseline -0.002 -31"><span class='ocrx_word' id='word_1_70' title='bbox 56 1061 126 1146; x_wconf 62' lang='grc' dir='ltr'>δῦ.</span> <span class='ocrx_word' id='word_1_71' title='bbox 147 1062 371 1162; x_wconf 74' lang='lat' dir='ltr'>congregavit</span> <span class='ocrx_word' id='word_1_72' title='bbox 390 1061 504 1149; x_wconf 87' lang='lat' dir='ltr'>itaque</span> <span class='ocrx_word' id='word_1_73' title='bbox 524 1083 665 1132; x_wconf 89' lang='lat' dir='ltr'>suorum</span> <span class='ocrx_word' id='word_1_74' title='bbox 689 1060 959 1143; x_wconf 75' lang='lat' dir='ltr'>multitudinem,</span> <span class='ocrx_word' id='word_1_75' title='bbox 986 1060 1046 1147; x_wconf 87' lang='lat' dir='ltr'>qui</span> <span class='ocrx_word' id='word_1_76' title='bbox 1068 1081 1130 1130; x_wconf 90' lang='lat' dir='ltr'>nos</span> <span class='ocrx_word' id='word_1_77' title='bbox 1152 1060 1195 1130; x_wconf 92' lang='lat' dir='ltr'>ad</span> <span class='ocrx_word' id='word_1_78' title='bbox 1221 1059 1270 1130; x_wconf 88' lang='lat' dir='ltr'>os-</span> 
     </span>
     <span class='ocr_line' id='line_1_10' title="bbox 22 1146 1272 1240; baseline 0.002 -25"><span class='ocrx_word' id='word_1_79' title='bbox 22 1146 138 1218; x_wconf 88' lang='lat' dir='ltr'>licinam</span> <span class='ocrx_word' id='word_1_80' title='bbox 156 1150 372 1220; x_wconf 74' lang='lat' dir='ltr'>infidelitatis</span> <span class='ocrx_word' id='word_1_81' title='bbox 391 1172 473 1220; x_wconf 90' lang='lat' dir='ltr'>suae</span> <span class='ocrx_word' id='word_1_82' title='bbox 498 1151 637 1240; x_wconf 89' lang='lat' dir='ltr'>rapiunt</span> <span class='ocrx_word' id='word_1_83' title='bbox 663 1161 694 1220; x_wconf 94' lang='lat' dir='ltr'>et</span> <span class='ocrx_word' id='word_1_84' title='bbox 722 1149 879 1232; x_wconf 91' lang='lat' dir='ltr'>eludunt,</span> <span class='ocrx_word' id='word_1_85' title='bbox 898 1163 932 1220; x_wconf 91' lang='lat' dir='ltr'>et</span> <span class='ocrx_word' id='word_1_86' title='bbox 951 1162 1053 1222; x_wconf 89' lang='lat' dir='ltr'>totam</span> <span class='ocrx_word' id='word_1_87' title='bbox 1074 1156 1162 1219; x_wconf 87' lang='lat' dir='ltr'>banc</span> <span class='ocrx_word' id='word_1_88' title='bbox 1180 1162 1272 1238; x_wconf 91' lang='lat' dir='ltr'>pote-</span> 
     </span>
     <span class='ocr_line' id='line_1_11' title="bbox 22 1238 814 1329; baseline 0.006 -26"><span class='ocrx_word' id='word_1_89' title='bbox 22 1248 120 1306; x_wconf 91' lang='lat' dir='ltr'>statem</span> <span class='ocrx_word' id='word_1_90' title='bbox 137 1239 297 1310; x_wconf 90' lang='lat' dir='ltr'>traditam</span> <span class='ocrx_word' id='word_1_91' title='bbox 315 1239 381 1310; x_wconf 90' lang='lat' dir='ltr'>sibi</span> <span class='ocrx_word' id='word_1_92' title='bbox 401 1239 445 1309; x_wconf 87' lang='lat' dir='ltr'>ab</span> <span class='ocrx_word' id='word_1_93' title='bbox 463 1238 667 1329; x_wconf 83' lang='lat' dir='ltr'>imperatore</span> <span class='ocrx_word' id='word_1_94' title='bbox 682 1239 814 1309; x_wconf 90' lang='lat' dir='ltr'>dicunt.</span> 
     </span>
    </p>

    <p class='ocr_par' dir='ltr' id='par_1_4' title="bbox 20 1326 1272 2396">
     <span class='ocr_line' id='line_1_12' title="bbox 57 1326 1271 1429; baseline -0.001 -33"><span class='ocrx_word' id='word_1_95' title='bbox 57 1327 132 1412; x_wconf 68' lang='lat'>50.</span> <span class='ocrx_word' id='word_1_96' title='bbox 157 1329 218 1399; x_wconf 86' lang='lat' dir='ltr'>llis</span> <span class='ocrx_word' id='word_1_97' title='bbox 238 1350 320 1429; x_wconf 83' lang='lat' dir='ltr'>ergo</span> <span class='ocrx_word' id='word_1_98' title='bbox 345 1329 452 1398; x_wconf 91' lang='lat' dir='ltr'>multa</span> <span class='ocrx_word' id='word_1_99' title='bbox 472 1327 686 1410; x_wconf 86' lang='lat' dir='ltr'>dicentibus,</span> <span class='ocrx_word' id='word_1_100' title='bbox 708 1327 801 1398; x_wconf 88' lang='lat' dir='ltr'>etde</span> <span class='ocrx_word' id='word_1_101' title='bbox 824 1349 888 1398; x_wconf 90' lang='lat' dir='ltr'>sua</span> <span class='ocrx_word' id='word_1_102' title='bbox 911 1339 1075 1417; x_wconf 81' lang='lat' dir='ltr'>potestate</span> <span class='ocrx_word' id='word_1_103' title='bbox 1090 1326 1271 1418; x_wconf 86' lang='lat' dir='ltr'>glorianti·</span> 
     </span>
     <span class='ocr_line' id='line_1_13' title="bbox 20 1413 1268 1506; baseline 0.003 -24"><span class='ocrx_word' id='word_1_104' title='bbox 20 1413 83 1496; x_wconf 85' lang='lat' dir='ltr'>bns,</span> <span class='ocrx_word' id='word_1_105' title='bbox 100 1417 129 1486; x_wconf 90' lang='lat' dir='ltr'>in</span> <span class='ocrx_word' id='word_1_106' title='bbox 151 1417 215 1487; x_wconf 89' lang='lat' dir='ltr'>hoc</span> <span class='ocrx_word' id='word_1_107' title='bbox 246 1417 318 1486; x_wconf 88' lang='lat' dir='ltr'>illrs</span> <span class='ocrx_word' id='word_1_108' title='bbox 340 1416 518 1486; x_wconf 85' lang='lat' dir='ltr'>ostendere</span> <span class='ocrx_word' id='word_1_109' title='bbox 538 1416 642 1497; x_wconf 90' lang='lat' dir='ltr'>volui,</span> <span class='ocrx_word' id='word_1_110' title='bbox 665 1416 746 1504; x_wconf 90' lang='lat' dir='ltr'>quia</span> <span class='ocrx_word' id='word_1_111' title='bbox 767 1417 854 1486; x_wconf 88' lang='lat' dir='ltr'>nihil</span> <span class='ocrx_word' id='word_1_112' title='bbox 875 1431 983 1498; x_wconf 89' lang='lat' dir='ltr'>erant,</span> <span class='ocrx_word' id='word_1_113' title='bbox 1015 1437 1076 1484; x_wconf 87' lang='lat' dir='ltr'>nec</span> <span class='ocrx_word' id='word_1_114' title='bbox 1102 1427 1268 1506; x_wconf 89' lang='lat' dir='ltr'>poterant,</span> 
     </span>
     <span class='ocr_line' id='line_1_14' title="bbox 20 1501 1272 1596; baseline 0.003 -26"><span class='ocrx_word' id='word_1_115' title='bbox 20 1501 86 1572; x_wconf 91' lang='lat' dir='ltr'>dnm</span> <span class='ocrx_word' id='word_1_116' title='bbox 103 1517 214 1577; x_wconf 87' lang='lat' dir='ltr'>tacen&#39;s</span> <span class='ocrx_word' id='word_1_117' title='bbox 230 1521 270 1576; x_wconf 94' lang='lat' dir='ltr'>ut</span> <span class='ocrx_word' id='word_1_118' title='bbox 285 1505 510 1576; x_wconf 83' lang='lat' dir='ltr'>carnificibus</span> <span class='ocrx_word' id='word_1_119' title='bbox 533 1526 659 1596; x_wconf 89' lang='lat' dir='ltr'>corpus</span> <span class='ocrx_word' id='word_1_120' title='bbox 683 1505 822 1587; x_wconf 89' lang='lat' dir='ltr'>tradidi,</span> <span class='ocrx_word' id='word_1_121' title='bbox 841 1505 931 1592; x_wconf 87' lang='lat' dir='ltr'>quod</span> <span class='ocrx_word' id='word_1_122' title='bbox 956 1505 1121 1575; x_wconf 86' lang='lat' dir='ltr'>Dominus</span> <span class='ocrx_word' id='word_1_123' title='bbox 1137 1505 1272 1574; x_wconf 91' lang='lat' dir='ltr'>dicebat</span> 
     </span>
     <span class='ocr_line' id='line_1_15' title="bbox 20 1593 1267 1686; baseline 0.002 -26"><span class='ocrx_word' id='word_1_124' title='bbox 20 1613 99 1678; x_wconf 91' lang='lat' dir='ltr'>posse</span> <span class='ocrx_word' id='word_1_125' title='bbox 118 1596 150 1664; x_wconf 93' lang='lat' dir='ltr'>in</span> <span class='ocrx_word' id='word_1_126' title='bbox 169 1595 469 1686; x_wconf 86' lang='lat' dir='ltr'>persecutionibus</span> <span class='ocrx_word' id='word_1_127' title='bbox 485 1593 585 1664; x_wconf 92' lang='lat' dir='ltr'>tradi.</span> <span class='ocrx_word' id='word_1_128' title='bbox 609 1599 717 1678; x_wconf 85' lang='lat' dir='ltr'>Quam</span> <span class='ocrx_word' id='word_1_129' title='bbox 740 1594 847 1664; x_wconf 86' lang='lat' dir='ltr'>libero</span> <span class='ocrx_word' id='word_1_130' title='bbox 863 1605 978 1663; x_wconf 88' lang='lat' dir='ltr'>autem</span> <span class='ocrx_word' id='word_1_131' title='bbox 996 1593 1120 1663; x_wconf 87' lang='lat' dir='ltr'>fuerim</span> <span class='ocrx_word' id='word_1_132' title='bbox 1138 1593 1267 1674; x_wconf 92' lang='lat' dir='ltr'>animo,</span> 
     </span>
     <span class='ocr_line' id='line_1_16' title="bbox 20 1679 1269 1775; baseline 0.004 -28"><span class='ocrx_word' id='word_1_133' title='bbox 20 1679 85 1750; x_wconf 81' lang='lat' dir='ltr'>duna</span> <span class='ocrx_word' id='word_1_134' title='bbox 103 1684 144 1753; x_wconf 92' lang='lat' dir='ltr'>ab</span> <span class='ocrx_word' id='word_1_135' title='bbox 159 1684 248 1775; x_wconf 90' lang='lat' dir='ltr'>ipsis</span> <span class='ocrx_word' id='word_1_136' title='bbox 266 1684 375 1774; x_wconf 91' lang='lat' dir='ltr'>patior</span> <span class='ocrx_word' id='word_1_137' title='bbox 390 1695 423 1753; x_wconf 94' lang='lat' dir='ltr'>et</span> <span class='ocrx_word' id='word_1_138' title='bbox 442 1683 612 1765; x_wconf 91' lang='lat' dir='ltr'>recludor,</span> <span class='ocrx_word' id='word_1_139' title='bbox 635 1696 666 1752; x_wconf 87' lang='lat' dir='ltr'>at</span> <span class='ocrx_word' id='word_1_140' title='bbox 692 1704 751 1773; x_wconf 93' lang='lat' dir='ltr'>per</span> <span class='ocrx_word' id='word_1_141' title='bbox 776 1682 1002 1770; x_wconf 87' lang='lat' dir='ltr'>quatriduum</span> <span class='ocrx_word' id='word_1_142' title='bbox 1020 1703 1146 1764; x_wconf 88' lang='lat' dir='ltr'>servor,</span> <span class='ocrx_word' id='word_1_143' title='bbox 1165 1695 1197 1751; x_wconf 89' lang='lat' dir='ltr'>et</span> <span class='ocrx_word' id='word_1_144' title='bbox 1217 1681 1269 1752; x_wconf 92' lang='lat' dir='ltr'>di-</span> 
     </span>
     <span class='ocr_line' id='line_1_17' title="bbox 21 1770 1268 1863; baseline 0.005 -30"><span class='ocrx_word' id='word_1_145' title='bbox 21 1791 170 1842; x_wconf 83' lang='lat' dir='ltr'>versorum</span> <span class='ocrx_word' id='word_1_146' title='bbox 201 1772 454 1863; x_wconf 87' lang='lat' dir='ltr'>increpationes</span> <span class='ocrx_word' id='word_1_147' title='bbox 480 1785 513 1842; x_wconf 89' lang='lat' dir='ltr'>et</span> <span class='ocrx_word' id='word_1_148' title='bbox 539 1772 779 1863; x_wconf 86' lang='lat' dir='ltr'>persuasiones</span> <span class='ocrx_word' id='word_1_149' title='bbox 804 1771 930 1853; x_wconf 90' lang='lat' dir='ltr'>audio,</span> <span class='ocrx_word' id='word_1_150' title='bbox 953 1773 988 1840; x_wconf 92' lang='lat' dir='ltr'>in</span> <span class='ocrx_word' id='word_1_151' title='bbox 1019 1771 1083 1840; x_wconf 92' lang='lat' dir='ltr'>hoc</span> <span class='ocrx_word' id='word_1_152' title='bbox 1104 1770 1268 1861; x_wconf 81' lang='lat' dir='ltr'>ostendi,</span> 
     </span>
     <span class='ocr_line' id='line_1_18' title="bbox 20 1858 1268 1942; baseline 0.003 -17"><span class='ocrx_word' id='word_1_153' title='bbox 20 1859 82 1942; x_wconf 85' lang='lat' dir='ltr'>quia</span> <span class='ocrx_word' id='word_1_154' title='bbox 104 1883 163 1932; x_wconf 90' lang='lat' dir='ltr'>nec</span> <span class='ocrx_word' id='word_1_155' title='bbox 186 1883 302 1932; x_wconf 91' lang='lat' dir='ltr'>unum</span> <span class='ocrx_word' id='word_1_156' title='bbox 331 1883 522 1930; x_wconf 90' lang='lat' dir='ltr'>sermonem</span> <span class='ocrx_word' id='word_1_157' title='bbox 549 1861 632 1931; x_wconf 85' lang='lat' dir='ltr'>diri.</span> <span class='ocrx_word' id='word_1_158' title='bbox 667 1860 797 1931; x_wconf 79' lang='lat' dir='ltr'>Addere</span> <span class='ocrx_word' id='word_1_159' title='bbox 822 1860 1003 1930; x_wconf 90' lang='lat' dir='ltr'>voluerunt</span> <span class='ocrx_word' id='word_1_160' title='bbox 1027 1858 1070 1929; x_wconf 89' lang='lat' dir='ltr'>ad</span> <span class='ocrx_word' id='word_1_161' title='bbox 1103 1858 1268 1929; x_wconf 89' lang='lat' dir='ltr'>malitiam</span> 
     </span>
     <span class='ocr_line' id='line_1_19' title="bbox 21 1946 1267 2040; baseline 0.002 -28"><span class='ocrx_word' id='word_1_162' title='bbox 21 1967 108 2033; x_wconf 88' lang='lat' dir='ltr'>suam,</span> <span class='ocrx_word' id='word_1_163' title='bbox 126 1962 163 2021; x_wconf 93' lang='lat' dir='ltr'>ut</span> <span class='ocrx_word' id='word_1_164' title='bbox 190 1974 210 2020; x_wconf 90' lang='lat' dir='ltr'>a</span> <span class='ocrx_word' id='word_1_165' title='bbox 240 1971 296 2019; x_wconf 91' lang='lat' dir='ltr'>me</span> <span class='ocrx_word' id='word_1_166' title='bbox 322 1949 647 2030; x_wconf 85' lang='lat' dir='ltr'>cessarentlratres‚</span> <span class='ocrx_word' id='word_1_167' title='bbox 668 1949 784 2029; x_wconf 82' lang='lat' dir='ltr'>idest,</span> <span class='ocrx_word' id='word_1_168' title='bbox 813 1948 1001 2040; x_wconf 86' lang='lat' dir='ltr'>presbyteri</span> <span class='ocrx_word' id='word_1_169' title='bbox 1026 1961 1058 2018; x_wconf 89' lang='lat' dir='ltr'>et</span> <span class='ocrx_word' id='word_1_170' title='bbox 1081 1946 1267 2017; x_wconf 89' lang='lat' dir='ltr'>diacones:</span> 
     </span>
     <span class='ocr_line' id='line_1_20' title="bbox 22 2035 1267 2129; baseline 0.003 -29"><span class='ocrx_word' id='word_1_171' title='bbox 22 2036 63 2104; x_wconf 86' lang='lat' dir='ltr'>sed</span> <span class='ocrx_word' id='word_1_172' title='bbox 79 2052 106 2108; x_wconf 89' lang='lat' dir='ltr'>et</span> <span class='ocrx_word' id='word_1_173' title='bbox 119 2051 271 2109; x_wconf 88' lang='lat' dir='ltr'>caeteros</span> <span class='ocrx_word' id='word_1_174' title='bbox 285 2037 445 2109; x_wconf 88' lang='lat' dir='ltr'>dicebant</span> <span class='ocrx_word' id='word_1_175' title='bbox 464 2060 499 2107; x_wconf 92' lang='lat' dir='ltr'>se</span> <span class='ocrx_word' id='word_1_176' title='bbox 513 2059 587 2110; x_wconf 88' lang='lat' dir='ltr'>esse</span> <span class='ocrx_word' id='word_1_177' title='bbox 604 2037 849 2129; x_wconf 88' lang='lat' dir='ltr'>prohibituros,</span> <span class='ocrx_word' id='word_1_178' title='bbox 867 2060 909 2108; x_wconf 92' lang='lat' dir='ltr'>ne</span> <span class='ocrx_word' id='word_1_179' title='bbox 925 2037 968 2108; x_wconf 91' lang='lat' dir='ltr'>ad</span> <span class='ocrx_word' id='word_1_180' title='bbox 987 2059 1041 2106; x_wconf 91' lang='lat' dir='ltr'>me</span> <span class='ocrx_word' id='word_1_181' title='bbox 1055 2035 1267 2106; x_wconf 89' lang='lat' dir='ltr'>accederent.</span> 
     </span>
     <span class='ocr_line' id='line_1_21' title="bbox 20 2123 1268 2217; baseline 0.002 -24"><span class='ocrx_word' id='word_1_182' title='bbox 20 2127 122 2212; x_wconf 82' lang='lat' dir='ltr'>lgnne</span> <span class='ocrx_word' id='word_1_183' title='bbox 140 2128 183 2198; x_wconf 89' lang='lat' dir='ltr'>ab</span> <span class='ocrx_word' id='word_1_184' title='bbox 199 2127 397 2198; x_wconf 89' lang='lat' dir='ltr'>infidelium</span> <span class='ocrx_word' id='word_1_185' title='bbox 421 2127 604 2208; x_wconf 88' lang='lat' dir='ltr'>manibus,</span> <span class='ocrx_word' id='word_1_186' title='bbox 636 2127 685 2196; x_wconf 90' lang='lat' dir='ltr'>vel</span> <span class='ocrx_word' id='word_1_187' title='bbox 709 2128 822 2217; x_wconf 91' lang='lat' dir='ltr'>potius</span> <span class='ocrx_word' id='word_1_188' title='bbox 842 2139 937 2197; x_wconf 87' lang='lat' dir='ltr'>trans</span> <span class='ocrx_word' id='word_1_189' title='bbox 966 2147 1149 2206; x_wconf 73' lang='lat' dir='ltr'>remorum,</span> <span class='ocrx_word' id='word_1_190' title='bbox 1177 2123 1268 2212; x_wconf 87' lang='lat' dir='ltr'>qnod</span> 
     </span>
     <span class='ocr_line' id='line_1_22' title="bbox 21 2149 1267 2310; baseline 0.002 -31"><span class='ocrx_word' id='word_1_191' title='bbox 21 2211 145 2310; x_wconf 77' lang='lat' dir='ltr'>deterius</span> <span class='ocrx_word' id='word_1_192' title='bbox 160 2229 223 2298; x_wconf 91' lang='lat' dir='ltr'>est,</span> <span class='ocrx_word' id='word_1_193' title='bbox 244 2215 452 2298; x_wconf 83' lang='lat' dir='ltr'>infidelium,</span> <span class='ocrx_word' id='word_1_194' title='bbox 481 2227 519 2286; x_wconf 93' lang='lat' dir='ltr'>ut</span> <span class='ocrx_word' id='word_1_195' title='bbox 538 2215 723 2307; x_wconf 66' lang='lat' dir='ltr'>apostolus</span> <span class='ocrx_word' id='word_1_196' title='bbox 738 2215 834 2296; x_wconf 89' lang='lat' dir='ltr'>dicit,</span> <span class='ocrx_word' id='word_1_197' title='bbox 859 2149 1102 2286; x_wconf 50' lang='lat' dir='ltr'>mangncarcm</span> <span class='ocrx_word' id='word_1_198' title='bbox 1124 2213 1267 2295; x_wconf 90' lang='lat' dir='ltr'>cibum,</span> 
     </span>
     <span class='ocr_line' id='line_1_23' title="bbox 22 2299 612 2396; baseline 0.008 -30"><span class='ocrx_word' id='word_1_199' title='bbox 22 2299 148 2375; x_wconf 78' lang='lat' dir='ltr'>libellum</span> <span class='ocrx_word' id='word_1_200' title='bbox 165 2306 208 2376; x_wconf 91' lang='lat' dir='ltr'>ad</span> <span class='ocrx_word' id='word_1_201' title='bbox 231 2306 328 2396; x_wconf 90' lang='lat' dir='ltr'>ipsos</span> <span class='ocrx_word' id='word_1_202' title='bbox 343 2305 406 2375; x_wconf 85' lang='lat' dir='ltr'>ltoc</span> <span class='ocrx_word' id='word_1_203' title='bbox 428 2326 521 2374; x_wconf 91' lang='lat' dir='ltr'>more</span> <span class='ocrx_word' id='word_1_204' title='bbox 536 2303 612 2374; x_wconf 88' lang='lat' dir='ltr'>leci.</span> 
     </span>
    </p>
   </div>
   <div class='ocr_carea' id='block_1_3' title="bbox 58 2557 1217 2626">
    <p class='ocr_par' dir='ltr' id='par_1_5' title="bbox 58 2557 1217 2626">
     <span class='ocr_line' id='line_1_24' title="bbox 58 2557 1217 2626; baseline 0.003 -7"><span class='ocrx_word' id='word_1_205' title='bbox 58 2557 266 2626; x_wconf 68' lang='lat' dir='ltr'>tiburtin</span> <span class='ocrx_word' id='word_1_206' title='bbox 291 2558 449 2626; x_wconf 84' lang='lat' dir='ltr'>LIBELLI</span> <span class='ocrx_word' id='word_1_207' title='bbox 475 2557 587 2623; x_wconf 74' lang='lat' dir='ltr'>nient</span> <span class='ocrx_word' id='word_1_208' title='bbox 613 2558 663 2624; x_wconf 81' lang='lat' dir='ltr'>tlt</span> <span class='ocrx_word' id='word_1_209' title='bbox 689 2557 979 2624; x_wconf 79' lang='lat' dir='ltr'>Pttnovtttttttt</span> <span class='ocrx_word' id='word_1_210' title='bbox 1008 2558 1090 2624; x_wconf 86' lang='lat' dir='ltr'>CUM</span> <span class='ocrx_word' id='word_1_211' title='bbox 1117 2557 1217 2624; x_wconf 87' lang='lat' dir='ltr'>SUlS.</span> 
     </span>
    </p>
   </div>
   <div class='ocr_carea' id='block_1_4' title="bbox 18 2749 1270 3550">
    <p class='ocr_par' dir='ltr' id='par_1_6' title="bbox 18 2749 1270 3550">
     <span class='ocr_line' id='line_1_25' title="bbox 51 2749 1267 2836; baseline -0.004 -14"><span class='ocrx_word' id='word_1_212' title='bbox 51 2749 157 2832; x_wconf 77' lang='lat' dir='ltr'>lto.</span> <span class='ocrx_word' id='word_1_213' title='bbox 185 2757 315 2822; x_wconf 92' lang='lat' dir='ltr'>Servus</span> <span class='ocrx_word' id='word_1_214' title='bbox 342 2751 396 2819; x_wconf 84' lang='lat' dir='ltr'>llei</span> <span class='ocrx_word' id='word_1_215' title='bbox 424 2752 593 2822; x_wconf 83' lang='lat' dir='ltr'>Eusebius</span> <span class='ocrx_word' id='word_1_216' title='bbox 617 2771 694 2820; x_wconf 91' lang='lat' dir='ltr'>cnm</span> <span class='ocrx_word' id='word_1_217' title='bbox 721 2750 895 2822; x_wconf 89' lang='lat' dir='ltr'>conservis</span> <span class='ocrx_word' id='word_1_218' title='bbox 920 2749 1016 2830; x_wconf 90' lang='lat' dir='ltr'>suis,</span> <span class='ocrx_word' id='word_1_219' title='bbox 1042 2749 1102 2836; x_wconf 91' lang='lat' dir='ltr'>qui</span> <span class='ocrx_word' id='word_1_220' title='bbox 1135 2769 1267 2818; x_wconf 90' lang='lat' dir='ltr'>mecum</span> 
     </span>
     <span class='ocr_line' id='line_1_26' title="bbox 20 2833 1268 2930; baseline 0.004 -30"><span class='ocrx_word' id='word_1_221' title='bbox 20 2833 79 2903; x_wconf 83' lang='lat' dir='ltr'>idai</span> <span class='ocrx_word' id='word_1_222' title='bbox 98 2861 199 2910; x_wconf 87' lang='lat' dir='ltr'>cansa</span> <span class='ocrx_word' id='word_1_223' title='bbox 226 2839 397 2920; x_wconf 86' lang='lat' dir='ltr'>laborant,</span> <span class='ocrx_word' id='word_1_224' title='bbox 424 2838 620 2930; x_wconf 87' lang='lat' dir='ltr'>Patrophilo</span> <span class='ocrx_word' id='word_1_225' title='bbox 644 2840 778 2909; x_wconf 91' lang='lat' dir='ltr'>custodi</span> <span class='ocrx_word' id='word_1_226' title='bbox 798 2861 877 2910; x_wconf 90' lang='lat' dir='ltr'>cum</span> <span class='ocrx_word' id='word_1_227' title='bbox 908 2837 992 2908; x_wconf 89' lang='lat' dir='ltr'>suis.</span> <span class='ocrx_word' id='word_1_228' title='bbox 1009 2877 1054 2888; x_wconf 93' lang='lat'>-</span> <span class='ocrx_word' id='word_1_229' title='bbox 1073 2838 1138 2921; x_wconf 85' lang='lat' dir='ltr'>Qui</span> <span class='ocrx_word' id='word_1_230' title='bbox 1156 2858 1210 2906; x_wconf 90' lang='lat' dir='ltr'>me</span> <span class='ocrx_word' id='word_1_231' title='bbox 1234 2838 1268 2905; x_wconf 93' lang='lat' dir='ltr'>in</span> 
     </span>
     <span class='ocr_line' id='line_1_27' title="bbox 19 2924 1268 3019; baseline 0.006 -30"><span class='ocrx_word' id='word_1_232' title='bbox 19 2924 181 3000; x_wconf 90' lang='lat' dir='ltr'>nultorum</span> <span class='ocrx_word' id='word_1_233' title='bbox 207 2929 326 2998; x_wconf 88' lang='lat' dir='ltr'>lurore</span> <span class='ocrx_word' id='word_1_234' title='bbox 351 2949 416 2998; x_wconf 93' lang='lat' dir='ltr'>non</span> <span class='ocrx_word' id='word_1_235' title='bbox 450 2929 561 2999; x_wconf 91' lang='lat' dir='ltr'>solnm</span> <span class='ocrx_word' id='word_1_236' title='bbox 592 2939 736 2998; x_wconf 90' lang='lat' dir='ltr'>tractum</span> <span class='ocrx_word' id='word_1_237' title='bbox 764 2949 823 3019; x_wconf 91' lang='lat' dir='ltr'>per</span> <span class='ocrx_word' id='word_1_238' title='bbox 843 2941 980 3008; x_wconf 90' lang='lat' dir='ltr'>terram,</span> <span class='ocrx_word' id='word_1_239' title='bbox 1011 2926 1067 2998; x_wconf 89' lang='lat' dir='ltr'>scd</span> <span class='ocrx_word' id='word_1_240' title='bbox 1094 2925 1268 2996; x_wconf 89' lang='lat' dir='ltr'>interdum</span> 
     </span>
     <span class='ocr_line' id='line_1_28' title="bbox 19 3014 1270 3108; baseline 0.007 -33"><span class='ocrx_word' id='word_1_241' title='bbox 19 3014 125 3085; x_wconf 89' lang='lat' dir='ltr'>nudato</span> <span class='ocrx_word' id='word_1_242' title='bbox 138 3039 284 3108; x_wconf 89' lang='lat' dir='ltr'>corpore</span> <span class='ocrx_word' id='word_1_243' title='bbox 300 3017 466 3108; x_wconf 90' lang='lat' dir='ltr'>supinum</span> <span class='ocrx_word' id='word_1_244' title='bbox 493 3016 653 3107; x_wconf 90' lang='lat' dir='ltr'>portastis</span> <span class='ocrx_word' id='word_1_245' title='bbox 670 3016 712 3086; x_wconf 92' lang='lat' dir='ltr'>de</span> <span class='ocrx_word' id='word_1_246' title='bbox 729 3017 793 3087; x_wconf 89' lang='lat' dir='ltr'>hoc</span> <span class='ocrx_word' id='word_1_247' title='bbox 814 3015 973 3106; x_wconf 89' lang='lat' dir='ltr'>hospitio,</span> <span class='ocrx_word' id='word_1_248' title='bbox 992 3014 1083 3102; x_wconf 87' lang='lat' dir='ltr'>quod</span> <span class='ocrx_word' id='word_1_249' title='bbox 1103 3015 1188 3085; x_wconf 93' lang='lat' dir='ltr'>mihi</span> <span class='ocrx_word' id='word_1_250' title='bbox 1211 3037 1270 3106; x_wconf 87' lang='lat' dir='ltr'>per</span> 
     </span>
     <span class='ocr_line' id='line_1_29' title="bbox 18 3105 1269 3198; baseline 0.004 -29"><span class='ocrx_word' id='word_1_251' title='bbox 18 3116 124 3198; x_wconf 71' lang='lat' dir='ltr'>vestros</span> <span class='ocrx_word' id='word_1_252' title='bbox 138 3117 171 3176; x_wconf 91' lang='lat' dir='ltr'>et</span> <span class='ocrx_word' id='word_1_253' title='bbox 194 3118 337 3196; x_wconf 88' lang='lat' dir='ltr'>agentes</span> <span class='ocrx_word' id='word_1_254' title='bbox 355 3106 389 3174; x_wconf 92' lang='lat' dir='ltr'>in</span> <span class='ocrx_word' id='word_1_255' title='bbox 407 3105 510 3176; x_wconf 87' lang='lat' dir='ltr'>rebus</span> <span class='ocrx_word' id='word_1_256' title='bbox 528 3105 683 3187; x_wconf 90' lang='lat' dir='ltr'>dedistis,</span> <span class='ocrx_word' id='word_1_257' title='bbox 705 3127 758 3176; x_wconf 95' lang='lat' dir='ltr'>me</span> <span class='ocrx_word' id='word_1_258' title='bbox 776 3127 954 3192; x_wconf 90' lang='lat' dir='ltr'>nunquam</span> <span class='ocrx_word' id='word_1_259' title='bbox 975 3105 1040 3174; x_wconf 91' lang='lat' dir='ltr'>nisi</span> <span class='ocrx_word' id='word_1_260' title='bbox 1060 3125 1139 3174; x_wconf 89' lang='lat' dir='ltr'>eum</span> <span class='ocrx_word' id='word_1_261' title='bbox 1159 3116 1269 3174; x_wconf 91' lang='lat' dir='ltr'>vestra</span> 
     </span>
     <span class='ocr_line' id='line_1_30' title="bbox 18 3189 1269 3286; baseline 0.005 -30"><span class='ocrx_word' id='word_1_262' title='bbox 18 3189 153 3286; x_wconf 76' lang='lat' dir='ltr'>uolentia</span> <span class='ocrx_word' id='word_1_263' title='bbox 169 3194 289 3286; x_wconf 83' lang='lat' dir='ltr'>egredi</span> <span class='ocrx_word' id='word_1_264' title='bbox 315 3196 406 3284; x_wconf 90' lang='lat' dir='ltr'>passi</span> <span class='ocrx_word' id='word_1_265' title='bbox 424 3193 548 3265; x_wconf 80' lang='lat' dir='ltr'>fuistis.</span> <span class='ocrx_word' id='word_1_266' title='bbox 576 3199 615 3264; x_wconf 81' lang='lat' dir='ltr'>tu</span> <span class='ocrx_word' id='word_1_267' title='bbox 632 3199 718 3265; x_wconf 84' lang='lat' dir='ltr'>[leus</span> <span class='ocrx_word' id='word_1_268' title='bbox 733 3195 809 3276; x_wconf 88' lang='lat' dir='ltr'>scit,</span> <span class='ocrx_word' id='word_1_269' title='bbox 828 3206 860 3264; x_wconf 92' lang='lat' dir='ltr'>et</span> <span class='ocrx_word' id='word_1_270' title='bbox 875 3193 995 3264; x_wconf 91' lang='lat' dir='ltr'>civitas</span> <span class='ocrx_word' id='word_1_271' title='bbox 1012 3192 1115 3274; x_wconf 87' lang='lat' dir='ltr'>novit,</span> <span class='ocrx_word' id='word_1_272' title='bbox 1136 3214 1197 3262; x_wconf 91' lang='lat' dir='ltr'>nec</span> <span class='ocrx_word' id='word_1_273' title='bbox 1211 3214 1269 3263; x_wconf 92' lang='lat' dir='ltr'>vos</span> 
     </span>
     <span class='ocr_line' id='line_1_31' title="bbox 19 3273 1269 3374; baseline 0.006 -31"><span class='ocrx_word' id='word_1_274' title='bbox 19 3273 124 3351; x_wconf 80' lang='lat' dir='ltr'>lineet</span> <span class='ocrx_word' id='word_1_275' title='bbox 151 3284 184 3352; x_wconf 91' lang='lat' dir='ltr'>in</span> <span class='ocrx_word' id='word_1_276' title='bbox 215 3282 334 3354; x_wconf 86' lang='lat' dir='ltr'>loturo</span> <span class='ocrx_word' id='word_1_277' title='bbox 362 3304 486 3374; x_wconf 86' lang='lat' dir='ltr'>negare</span> <span class='ocrx_word' id='word_1_278' title='bbox 511 3283 662 3374; x_wconf 89' lang='lat' dir='ltr'>potestis.</span> <span class='ocrx_word' id='word_1_279' title='bbox 691 3283 771 3353; x_wconf 89' lang='lat' dir='ltr'>Ideo</span> <span class='ocrx_word' id='word_1_280' title='bbox 796 3288 862 3353; x_wconf 85' lang='lat' dir='ltr'>Deo</span> <span class='ocrx_word' id='word_1_281' title='bbox 889 3303 1030 3352; x_wconf 91' lang='lat' dir='ltr'>causam</span> <span class='ocrx_word' id='word_1_282' title='bbox 1058 3302 1202 3362; x_wconf 87' lang='lat' dir='ltr'>reservo,</span> <span class='ocrx_word' id='word_1_283' title='bbox 1231 3293 1269 3351; x_wconf 92' lang='lat' dir='ltr'>ut</span> 
     </span>
     <span class='ocr_line' id='line_1_32' title="bbox 18 3370 1266 3462; baseline 0.004 -29"><span class='ocrx_word' id='word_1_284' title='bbox 18 3371 289 3448; x_wconf 85' lang='lat' dir='ltr'>quemadmodum</span> <span class='ocrx_word' id='word_1_285' title='bbox 315 3371 389 3461; x_wconf 90' lang='lat' dir='ltr'>ipse</span> <span class='ocrx_word' id='word_1_286' title='bbox 413 3372 633 3453; x_wconf 86' lang='lat' dir='ltr'>ordinaverit,</span> <span class='ocrx_word' id='word_1_287' title='bbox 665 3373 768 3442; x_wconf 88' lang='lat' dir='ltr'>linem</span> <span class='ocrx_word' id='word_1_288' title='bbox 796 3372 902 3462; x_wconf 85' lang='lat' dir='ltr'>possit</span> <span class='ocrx_word' id='word_1_289' title='bbox 925 3371 1090 3460; x_wconf 88' lang='lat' dir='ltr'>accipere.</span> <span class='ocrx_word' id='word_1_290' title='bbox 1127 3370 1266 3438; x_wconf 89' lang='lat' dir='ltr'>Interim</span> 
     </span>
     <span class='ocr_line' id='line_1_33' title="bbox 19 3449 1270 3550; baseline 0.006 -30"><span class='ocrx_word' id='word_1_291' title='bbox 19 3449 67 3524; x_wconf 89' lang='lat' dir='ltr'>hnc</span> <span class='ocrx_word' id='word_1_292' title='bbox 82 3479 132 3528; x_wconf 91' lang='lat' dir='ltr'>me</span> <span class='ocrx_word' id='word_1_293' title='bbox 146 3459 340 3531; x_wconf 86' lang='lat' dir='ltr'>decrevisse</span> <span class='ocrx_word' id='word_1_294' title='bbox 353 3459 468 3532; x_wconf 88' lang='lat' dir='ltr'>sciatis</span> <span class='ocrx_word' id='word_1_295' title='bbox 483 3461 537 3550; x_wconf 88' lang='lat' dir='ltr'>(ut</span> <span class='ocrx_word' id='word_1_296' title='bbox 553 3461 638 3531; x_wconf 86' lang='lat' dir='ltr'>ratio</span> <span class='ocrx_word' id='word_1_297' title='bbox 654 3481 759 3543; x_wconf 89' lang='lat' dir='ltr'>nunc,</span> <span class='ocrx_word' id='word_1_298' title='bbox 780 3474 813 3530; x_wconf 91' lang='lat' dir='ltr'>et</span> <span class='ocrx_word' id='word_1_299' title='bbox 837 3461 870 3529; x_wconf 91' lang='lat' dir='ltr'>in</span> <span class='ocrx_word' id='word_1_300' title='bbox 896 3459 1024 3542; x_wconf 84' lang='lat' dir='ltr'>futuro,</span> <span class='ocrx_word' id='word_1_301' title='bbox 1042 3470 1074 3529; x_wconf 90' lang='lat' dir='ltr'>et</span> <span class='ocrx_word' id='word_1_302' title='bbox 1089 3457 1146 3527; x_wconf 89' lang='lat' dir='ltr'>hic</span> <span class='ocrx_word' id='word_1_303' title='bbox 1163 3460 1270 3547; x_wconf 83' lang='lat' dir='ltr'>possit</span> 
     </span>
    </p>
   </div>
   <div class='ocr_carea' id='block_1_5' title="bbox 20 3545 1267 3703">
    <p class='ocr_par' dir='ltr' id='par_1_7' title="bbox 20 3545 1267 3703">
     <span class='ocr_line' id='line_1_34' title="bbox 20 3545 1267 3703; baseline 0.003 -95"><span class='ocrx_word' id='word_1_304' title='bbox 20 3547 102 3635; x_wconf 86' lang='lat' dir='ltr'>stare)</span> <span class='ocrx_word' id='word_1_305' title='bbox 124 3549 156 3618; x_wconf 92' lang='lat' dir='ltr'>in</span> <span class='ocrx_word' id='word_1_306' title='bbox 183 3549 346 3638; x_wconf 86' lang='lat' dir='ltr'>bospitio,</span> <span class='ocrx_word' id='word_1_307' title='bbox 373 3571 441 3636; x_wconf 90' lang='lat' dir='ltr'>quo</span> <span class='ocrx_word' id='word_1_308' title='bbox 466 3571 519 3620; x_wconf 91' lang='lat' dir='ltr'>me</span> <span class='ocrx_word' id='word_1_309' title='bbox 536 3549 693 3620; x_wconf 86' lang='lat' dir='ltr'>clausum</span> <span class='ocrx_word' id='word_1_310' title='bbox 711 3549 844 3631; x_wconf 88' lang='lat' dir='ltr'>tenetis,</span> <span class='ocrx_word' id='word_1_311' title='bbox 871 3549 905 3618; x_wconf 90' lang='lat' dir='ltr'>in</span> <span class='ocrx_word' id='word_1_312' title='bbox 931 3569 999 3635; x_wconf 89' lang='lat' dir='ltr'>quo</span> <span class='ocrx_word' id='word_1_313' title='bbox 1025 3569 1079 3618; x_wconf 92' lang='lat' dir='ltr'>me</span> <span class='ocrx_word' id='word_1_314' title='bbox 1103 3545 1267 3703; x_wconf 55' lang='lat' dir='ltr'>postgri-</span> 
     </span>
    </p>
   </div>
   <div class='ocr_carea' id='block_1_6' title="bbox 21 3635 1269 4531">
    <p class='ocr_par' dir='ltr' id='par_1_8' title="bbox 21 3635 1269 4531">
     <span class='ocr_line' id='line_1_35' title="bbox 21 3635 1266 3726; baseline 0.002 -25"><span class='ocrx_word' id='word_1_315' title='bbox 21 3649 91 3701; x_wconf 84' lang='lat' dir='ltr'>nan</span> <span class='ocrx_word' id='word_1_316' title='bbox 109 3639 333 3726; x_wconf 89' lang='lat' dir='ltr'>portationem</span> <span class='ocrx_word' id='word_1_317' title='bbox 353 3637 565 3708; x_wconf 89' lang='lat' dir='ltr'>retrudentes</span> <span class='ocrx_word' id='word_1_318' title='bbox 584 3637 772 3720; x_wconf 68' lang='lat' dir='ltr'>crudelius</span> <span class='ocrx_word' id='word_1_319' title='bbox 801 3638 879 3708; x_wconf 91' lang='lat' dir='ltr'>ausi</span> <span class='ocrx_word' id='word_1_320' title='bbox 905 3636 1019 3708; x_wconf 84' lang='lat' dir='ltr'>inistis</span> <span class='ocrx_word' id='word_1_321' title='bbox 1043 3635 1124 3704; x_wconf 90' lang='lat' dir='ltr'>inda</span> <span class='ocrx_word' id='word_1_322' title='bbox 1147 3655 1187 3704; x_wconf 92' lang='lat' dir='ltr'>eo</span> <span class='ocrx_word' id='word_1_323' title='bbox 1213 3656 1266 3703; x_wconf 90' lang='lat' dir='ltr'>em</span> 
     </span>
     <span class='ocr_line' id='line_1_36' title="bbox 23 3721 1268 3816; baseline 0.006 -31"><span class='ocrx_word' id='word_1_324' title='bbox 23 3721 101 3793; x_wconf 89' lang='lat' dir='ltr'>nodo</span> <span class='ocrx_word' id='word_1_325' title='bbox 114 3740 261 3816; x_wconf 90' lang='lat' dir='ltr'>portare,</span> <span class='ocrx_word' id='word_1_326' title='bbox 287 3739 320 3797; x_wconf 89' lang='lat' dir='ltr'>et</span> <span class='ocrx_word' id='word_1_327' title='bbox 341 3727 374 3796; x_wconf 87' lang='lat' dir='ltr'>in</span> <span class='ocrx_word' id='word_1_328' title='bbox 391 3748 497 3797; x_wconf 92' lang='lat' dir='ltr'>unam</span> <span class='ocrx_word' id='word_1_329' title='bbox 515 3727 636 3797; x_wconf 89' lang='lat' dir='ltr'>cellam</span> <span class='ocrx_word' id='word_1_330' title='bbox 658 3727 808 3808; x_wconf 85' lang='lat' dir='ltr'>reficere,</span> <span class='ocrx_word' id='word_1_331' title='bbox 837 3747 904 3796; x_wconf 94' lang='lat' dir='ltr'>non</span> <span class='ocrx_word' id='word_1_332' title='bbox 931 3745 1054 3816; x_wconf 88' lang='lat' dir='ltr'>panem</span> <span class='ocrx_word' id='word_1_333' title='bbox 1081 3722 1268 3793; x_wconf 90' lang='lat' dir='ltr'>manduca·</span> 
     </span>
     <span class='ocr_line' id='line_1_37' title="bbox 23 3809 1269 3908; baseline 0 -28"><span class='ocrx_word' id='word_1_334' title='bbox 23 3815 125 3908; x_wconf 67' lang='lat' dir='ltr'>lurum,</span> <span class='ocrx_word' id='word_1_335' title='bbox 149 3837 264 3906; x_wconf 86' lang='lat' dir='ltr'>neque</span> <span class='ocrx_word' id='word_1_336' title='bbox 288 3837 411 3904; x_wconf 89' lang='lat' dir='ltr'>aquam</span> <span class='ocrx_word' id='word_1_337' title='bbox 439 3815 654 3902; x_wconf 86' lang='lat' dir='ltr'>bibiturum,</span> <span class='ocrx_word' id='word_1_338' title='bbox 683 3815 749 3886; x_wconf 90' lang='lat' dir='ltr'>nisi</span> <span class='ocrx_word' id='word_1_339' title='bbox 770 3828 848 3886; x_wconf 91' lang='lat' dir='ltr'>ante</span> <span class='ocrx_word' id='word_1_340' title='bbox 872 3813 1001 3906; x_wconf 88' lang='lat' dir='ltr'>singuli</span> <span class='ocrx_word' id='word_1_341' title='bbox 1027 3811 1172 3903; x_wconf 81' lang='lat' dir='ltr'>professi</span> <span class='ocrx_word' id='word_1_342' title='bbox 1197 3809 1269 3881; x_wconf 85' lang='lat' dir='ltr'>lue·</span> 
     </span>
     <span class='ocr_line' id='line_1_38' title="bbox 25 3900 1269 3992; baseline 0.008 -35"><span class='ocrx_word' id='word_1_343' title='bbox 25 3907 88 3980; x_wconf 82' lang='lat' dir='ltr'>rurs,</span> <span class='ocrx_word' id='word_1_344' title='bbox 112 3925 176 3974; x_wconf 90' lang='lat' dir='ltr'>non</span> <span class='ocrx_word' id='word_1_345' title='bbox 195 3905 307 3976; x_wconf 88' lang='lat' dir='ltr'>solnm</span> <span class='ocrx_word' id='word_1_346' title='bbox 327 3905 438 3988; x_wconf 87' lang='lat' dir='ltr'>verbo,</span> <span class='ocrx_word' id='word_1_347' title='bbox 466 3904 525 3974; x_wconf 90' lang='lat' dir='ltr'>sed</span> <span class='ocrx_word' id='word_1_348' title='bbox 546 3917 578 3974; x_wconf 93' lang='lat' dir='ltr'>et</span> <span class='ocrx_word' id='word_1_349' title='bbox 598 3927 717 3986; x_wconf 89' lang='lat' dir='ltr'>mann,</span> <span class='ocrx_word' id='word_1_350' title='bbox 738 3926 796 3976; x_wconf 91' lang='lat' dir='ltr'>vos</span> <span class='ocrx_word' id='word_1_351' title='bbox 813 3925 878 3974; x_wconf 92' lang='lat' dir='ltr'>non</span> <span class='ocrx_word' id='word_1_352' title='bbox 897 3902 1131 3992; x_wconf 89' lang='lat' dir='ltr'>prohibituros</span> <span class='ocrx_word' id='word_1_353' title='bbox 1147 3900 1269 3970; x_wconf 86' lang='lat' dir='ltr'>iratres</span> 
     </span>
     <span class='ocr_line' id='line_1_39' title="bbox 27 3989 1266 4090; baseline -0.009 -22"><span class='ocrx_word' id='word_1_354' title='bbox 27 3999 105 4068; x_wconf 70' lang='lat' dir='ltr'>vncos,</span> <span class='ocrx_word' id='word_1_355' title='bbox 122 3995 179 4080; x_wconf 85' lang='lat' dir='ltr'>qui</span> <span class='ocrx_word' id='word_1_356' title='bbox 198 4015 334 4064; x_wconf 87' lang='lat' dir='ltr'>mecum</span> <span class='ocrx_word' id='word_1_357' title='bbox 354 3995 438 4064; x_wconf 89' lang='lat' dir='ltr'>haec</span> <span class='ocrx_word' id='word_1_358' title='bbox 454 3993 534 4064; x_wconf 86' lang='lat' dir='ltr'>lidei</span> <span class='ocrx_word' id='word_1_359' title='bbox 554 3997 659 4064; x_wconf 76' lang='lat' dir='ltr'>causa</span> <span class='ocrx_word' id='word_1_360' title='bbox 676 3993 822 4063; x_wconf 88' lang='lat' dir='ltr'>libenter</span> <span class='ocrx_word' id='word_1_361' title='bbox 838 3993 1028 4083; x_wconf 88' lang='lat' dir='ltr'>patiuntur,</span> <span class='ocrx_word' id='word_1_362' title='bbox 1047 3991 1090 4060; x_wconf 90' lang='lat' dir='ltr'>de</span> <span class='ocrx_word' id='word_1_363' title='bbox 1105 3989 1266 4090; x_wconf 46' lang='lat' dir='ltr'>hospitio!</span> 
     </span>
     <span class='ocr_line' id='line_1_40' title="bbox 28 4079 1268 4168; baseline -0.006 -16"><span class='ocrx_word' id='word_1_364' title='bbox 28 4089 75 4152; x_wconf 77' lang='lat' dir='ltr'>tuo</span> <span class='ocrx_word' id='word_1_365' title='bbox 94 4095 240 4162; x_wconf 89' lang='lat' dir='ltr'>manent,</span> <span class='ocrx_word' id='word_1_366' title='bbox 262 4083 472 4153; x_wconf 85' lang='lat' dir='ltr'>necessarias</span> <span class='ocrx_word' id='word_1_367' title='bbox 496 4105 592 4153; x_wconf 91' lang='lat' dir='ltr'>escas</span> <span class='ocrx_word' id='word_1_368' title='bbox 619 4083 752 4164; x_wconf 84' lang='lat' dir='ltr'>offerre,</span> <span class='ocrx_word' id='word_1_369' title='bbox 783 4103 844 4150; x_wconf 89' lang='lat' dir='ltr'>nec</span> <span class='ocrx_word' id='word_1_370' title='bbox 871 4101 941 4162; x_wconf 86' lang='lat' dir='ltr'>eos,</span> <span class='ocrx_word' id='word_1_371' title='bbox 972 4081 1029 4168; x_wconf 91' lang='lat' dir='ltr'>qui</span> <span class='ocrx_word' id='word_1_372' title='bbox 1058 4101 1112 4150; x_wconf 89' lang='lat' dir='ltr'>me</span> <span class='ocrx_word' id='word_1_373' title='bbox 1136 4079 1268 4168; x_wconf 78' lang='lat' dir='ltr'>dignati</span> 
     </span>
     <span class='ocr_line' id='line_1_41' title="bbox 32 4155 1267 4262; baseline 0.007 -37"><span class='ocrx_word' id='word_1_374' title='bbox 32 4155 127 4238; x_wconf 81' lang='lat' dir='ltr'>luerint</span> <span class='ocrx_word' id='word_1_375' title='bbox 143 4172 327 4259; x_wconf 87' lang='lat' dir='ltr'>requirere.</span> <span class='ocrx_word' id='word_1_376' title='bbox 353 4176 555 4262; x_wconf 87' lang='lat' dir='ltr'>Oportuerat</span> <span class='ocrx_word' id='word_1_377' title='bbox 571 4171 710 4259; x_wconf 88' lang='lat' dir='ltr'>quidem</span> <span class='ocrx_word' id='word_1_378' title='bbox 727 4171 819 4240; x_wconf 80' lang='lat' dir='ltr'>exire</span> <span class='ocrx_word' id='word_1_379' title='bbox 839 4169 880 4238; x_wconf 95' lang='lat' dir='ltr'>de</span> <span class='ocrx_word' id='word_1_380' title='bbox 901 4191 1055 4260; x_wconf 87' lang='lat' dir='ltr'>corpore,</span> <span class='ocrx_word' id='word_1_381' title='bbox 1077 4189 1118 4238; x_wconf 92' lang='lat' dir='ltr'>ne</span> <span class='ocrx_word' id='word_1_382' title='bbox 1135 4179 1267 4236; x_wconf 91' lang='lat' dir='ltr'>tantum</span> 
     </span>
     <span class='ocr_line' id='line_1_42' title="bbox 34 4249 1269 4350; baseline -0.002 -24"><span class='ocrx_word' id='word_1_383' title='bbox 34 4249 125 4346; x_wconf 67' lang='lat' dir='ltr'>sltltts.</span> <span class='ocrx_word' id='word_1_384' title='bbox 147 4260 237 4346; x_wconf 87' lang='lat' dir='ltr'>quod</span> <span class='ocrx_word' id='word_1_385' title='bbox 262 4272 379 4332; x_wconf 90' lang='lat' dir='ltr'>contra</span> <span class='ocrx_word' id='word_1_386' title='bbox 399 4261 458 4350; x_wconf 91' lang='lat' dir='ltr'>jus</span> <span class='ocrx_word' id='word_1_387' title='bbox 477 4261 632 4330; x_wconf 89' lang='lat' dir='ltr'>divinum</span> <span class='ocrx_word' id='word_1_388' title='bbox 651 4271 683 4330; x_wconf 92' lang='lat' dir='ltr'>et</span> <span class='ocrx_word' id='word_1_389' title='bbox 699 4257 878 4350; x_wconf 71' lang='lat' dir='ltr'>‚publicum</span> <span class='ocrx_word' id='word_1_390' title='bbox 906 4257 1140 4338; x_wconf 90' lang='lat' dir='ltr'>commisistis,</span> <span class='ocrx_word' id='word_1_391' title='bbox 1167 4277 1269 4346; x_wconf 88' lang='lat' dir='ltr'>saepe</span> 
     </span>
     <span class='ocr_line' id='line_1_43' title="bbox 36 4335 1268 4450; baseline 0.012 -51"><span class='ocrx_word' id='word_1_392' title='bbox 36 4351 96 4438; x_wconf 73' lang='lat' dir='ltr'>seur</span> <span class='ocrx_word' id='word_1_393' title='bbox 115 4335 301 4421; x_wconf 85' lang='lat' dir='ltr'>volentibus</span> <span class='ocrx_word' id='word_1_394' title='bbox 317 4371 456 4440; x_wconf 88' lang='lat' dir='ltr'>cogerer</span> <span class='ocrx_word' id='word_1_395' title='bbox 479 4350 604 4420; x_wconf 91' lang='lat' dir='ltr'>dicere.</span> <span class='ocrx_word' id='word_1_396' title='bbox 628 4349 691 4418; x_wconf 89' lang='lat' dir='ltr'>Sed</span> <span class='ocrx_word' id='word_1_397' title='bbox 713 4370 754 4418; x_wconf 93' lang='lat' dir='ltr'>ne</span> <span class='ocrx_word' id='word_1_398' title='bbox 778 4349 857 4450; x_wconf 86' lang='lat' dir='ltr'>quis</span> <span class='ocrx_word' id='word_1_399' title='bbox 877 4348 919 4417; x_wconf 92' lang='lat' dir='ltr'>de</span> <span class='ocrx_word' id='word_1_400' title='bbox 935 4347 1134 4417; x_wconf 76' lang='lat' dir='ltr'>infidelibus</span> <span class='ocrx_word' id='word_1_401' title='bbox 1153 4367 1210 4414; x_wconf 89' lang='lat' dir='ltr'>vos</span> <span class='ocrx_word' id='word_1_402' title='bbox 1234 4345 1268 4414; x_wconf 88' lang='lat' dir='ltr'>in</span> 
     </span>
     <span class='ocr_line' id='line_1_44' title="bbox 36 4425 1268 4531; baseline 0.011 -38"><span class='ocrx_word' id='word_1_403' title='bbox 36 4425 107 4499; x_wconf 83' lang='lat' dir='ltr'>tabu</span> <span class='ocrx_word' id='word_1_404' title='bbox 119 4437 269 4509; x_wconf 85' lang='lat' dir='ltr'>crudeles</span> <span class='ocrx_word' id='word_1_405' title='bbox 289 4439 447 4530; x_wconf 89' lang='lat' dir='ltr'>appellet,</span> <span class='ocrx_word' id='word_1_406' title='bbox 466 4451 498 4509; x_wconf 92' lang='lat' dir='ltr'>et</span> <span class='ocrx_word' id='word_1_407' title='bbox 518 4440 714 4531; x_wconf 90' lang='lat' dir='ltr'>ignorantes</span> <span class='ocrx_word' id='word_1_408' title='bbox 734 4437 850 4507; x_wconf 93' lang='lat' dir='ltr'>divma</span> <span class='ocrx_word' id='word_1_409' title='bbox 872 4449 1064 4528; x_wconf 86' lang='lat' dir='ltr'>praecepta,</span> <span class='ocrx_word' id='word_1_410' title='bbox 1093 4445 1186 4525; x_wconf 92' lang='lat' dir='ltr'>putet</span> <span class='ocrx_word' id='word_1_411' title='bbox 1206 4453 1268 4506; x_wconf 93' lang='lat' dir='ltr'>nos</span> 
     </span>
    </p>
   </div>
   <div class='ocr_carea' id='block_1_7' title="bbox 0 0 1484 4824">
    <p class='ocr_par' dir='ltr' id='par_1_9' title="bbox 0 0 1484 4824">
     <span class='ocr_line' id='line_1_45' title="bbox 0 0 1484 4824; baseline 0 0"><span class='ocrx_word' id='word_1_412' title='bbox 0 0 1484 4824; x_wconf 95' lang='lat' dir='ltr'> </span> 
     </span>
    </p>
   </div>
  </div>
 </body>
</html>
