2994 4832
73 277 133 341 ott.
155 278 172 340 5
428 293 465 339 ur
489 291 515 338 s.
543 291 621 338 sxax
644 291 714 338 xnu.
742 291 779 336 xv
803 289 894 336 cour.
1189 271 1250 334 toa

71 378 174 466 pidem
194 376 369 446 confessus
388 377 497 446 suerat
519 376 810 447 communionem.
838 374 1048 442 anathemati
1075 394 1151 442 vero
1181 373 1295 460 subje-

68 483 133 536 urat
159 467 320 555 synodum
352 465 669 544 chalcedonensem,
697 467 830 554 reponit
855 465 889 530 in
915 462 1010 531 illius
1042 462 1170 530 sedern.
1198 460 1295 542 Quod

66 555 173 642 quidem
189 576 266 624 cnm
291 553 467 625 didicisset
483 555 601 623 beatus
618 552 736 632 Sabas,
761 573 827 620 non
856 552 954 620 licuit
971 552 1002 619 ei
1032 550 1206 642 cuxrctari:
1235 547 1293 618 sed

64 667 121 712 rum
139 665 250 713 rursus
270 645 514 732 assumpsisset
537 663 673 712 sacrum
701 641 798 710 illum
819 641 1003 710 exercitum
1028 639 1293 718 monachorum,

64 746 205 819 tamquam
232 733 545 821 praestantissimus
577 730 750 819 quispiam
772 735 973 816 Imperator,
1001 729 1103 796 irruit
1127 729 1160 795 in
1185 739 1298 794 certa-

64 843 131 891 men:
148 833 178 891 et
193 820 389 910 Olympium
406 821 551 908 quidem
565 840 630 887 non
647 819 789 888 offendit
807 819 897 908 (jam
917 818 1009 886 enim
1029 816 1097 892 ille,
1119 829 1293 904 tamqnam

61 931 100 979 res
117 910 143 978 ai
164 923 250 978 recte
269 910 526 988 successissent,
547 929 702 976 reversus
721 919 772 975 est
796 907 830 974 in
856 905 1055 992 civitatem);
1074 907 1108 972 in
1125 910 1295 972 loannem

58 1011 146 1066 autern
168 997 322 1067 incidens
349 1019 473 1068 novum
493 995 736 1075 Patriarcham,
760 995 962 1064 testificatur
985 1007 1017 1062 et
1037 993 1234 1072 denunciat,
1254 1013 1298 1058 ne

58 1091 190 1155 Severum
214 1086 371 1155 admittat
396 1087 429 1153 in
455 1087 747 1164 communionem,
764 1085 823 1153 scd
841 1096 979 1153 tueatur
993 1083 1107 1171 potius
1123 1079 1294 1170 synodum

57 1175 352 1256 Chalcedonensem,
371 1189 403 1243 et
421 1197 481 1264 pro
497 1195 536 1244 ea
552 1173 594 1242 ad
611 1173 815 1264 sanguinem
834 1194 942 1261 usque
960 1171 1181 1262 periclitetur.
1198 1167 1294 1251 Quod

57 1264 168 1348 quidem
185 1263 264 1334 lacit
281 1263 351 1344 ille,
367 1264 531 1333 reveritus
548 1275 683 1352 patrum
702 1262 992 1351 protestationem,
1009 1260 1151 1329 omnino
1167 1259 1296 1327 oblitus

57 1366 269 1423 conventorum
295 1373 376 1422 curn
401 1352 569 1442 Olympio.

89 1443 184 1526 §bb
208 1447 351 1530 Propter
372 1463 460 1528 quae
483 1441 592 1510 iratus
610 1445 810 1528 Imperator,
831 1439 1030 1528 Olympium
1052 1457 1197 1527 magnae
1214 1455 1295 1504 con-

57 1527 198 1598 demnans
215 1531 396 1610 stultitiae,
414 1529 514 1598 illum
539 1528 679 1616 quidem
705 1529 820 1598 statim
846 1527 987 1616 deponit
1010 1526 1053 1594 de
1078 1527 1295 1615 magistratu.

58 1621 121 1714 tun
136 1640 206 1686 eum
219 1629 333 1688 autern
353 1619 548 1688 tradidisset
563 1619 749 1699 Anastasio,
768 1629 802 1687 et
818 1638 897 1685 eum
916 1615 1149 1684 constituisset
1171 1619 1296 1682 Ducem

60 1719 140 1774 totius
168 1707 398 1788 Palaestinae,
435 1706 518 1776 illuc
550 1707 663 1775 mittit.
698 1706 759 1775 Ille
791 1727 870 1774 vero
905 1726 984 1773 cum
1014 1703 1299 1790 quamcelerrime

60 1796 178 1862 venisset
204 1793 442 1884 lerosolyma,
468 1809 500 1864 ct
526 1817 567 1864 nc
591 1795 664 1864 solo
693 1795 835 1881 quidem
861 1794 963 1862 verbo
987 1791 1212 1880 impertiisset
1235 1795 1298 1858 Pa-

62 1883 223 1979 triarcham,
238 1885 297 1954 sed
317 1883 431 1953 solum
450 1895 616 1972 spectaret
632 1885 779 1973 gratiam
800 1882 1031 1970 Imperatoris,
1044 1894 1076 1950 ct
1091 1901 1152 1969 pro
1170 1881 1299 1948 honore

64 1989 87 2034 er
106 1971 166 2068 dato
186 1975 255 2042 sine
281 1973 428 2054 ratione,
445 1974 477 2042 ei
502 1973 650 2041 vicissim
673 1984 860 2062 praestaret
879 1970 1031 2039 cilicium
1053 1971 1163 2058 magis
1178 1989 1298 2056 expers

68 2060 184 2142 rationis,
201 2083 277 2132 eum
306 2062 424 2132 statim
445 2062 584 2150 conjicit
608 2062 641 2128 in
667 2081 852 2140 carcerem,
881 2059 1100 2148 impudenter
1123 2059 1190 2125 vim
1218 2057 1296 2124 alle·

71 2165 140 2220 rens,
155 2151 218 2220 etin
234 2149 417 2220 difficilem
438 2150 614 2219 adducens
636 2151 883 2230 necessitatem,
903 2160 942 2218 ut
961 2145 1131 2236 synodum
1155 2144 1296 2230 quidem

71 2232 339 2332 thaltedonensem
366 2259 427 2307 seu
450 2239 629 2327 abrogaret
649 2251 682 2307 et
703 2239 935 2317 confirmaret,
954 2235 1218 2323 amplecteretur
1235 2254 1298 2301 au-

72 2333 122 2389 ten
139 2339 165 2422 et
182 2327 374 2397 defenderet
398 2327 510 2396 Severi
528 2327 821 2396 communionem.
842 2325 903 2395 Sed
931 2324 988 2394 ille
1010 2343 1088 2392 cum
1115 2343 1186 2391 rem
1207 2341 1300 2390 com-

71 2429 234 2486 municasset
249 2415 448 2496 Zachariae,
474 2415 535 2502 qui
560 2428 713 2505 praeerat
729 2414 1024 2494 caesareensibus
1052 2412 1196 2480 latenter
1215 2431 1298 2478 con-

67 2498 176 2602 sulendo
201 2505 242 2574 de
266 2506 341 2586 iis,
363 2525 451 2591 quac
479 2517 575 2574 erant
600 2504 798 2593 proposita,
825 2502 951 2572 callida
986 2514 1057 2572 arte
1093 2499 1300 2588 subterfugit

63 2604 273 2662 necessitatem.
289 2599 339 2662 Ea
357 2605 472 2662 autem
488 2607 571 2662 erat:
595 2592 768 2682 pollicitus
792 2613 828 2660 se
851 2589 968 2660 omnia
992 2589 1177 2668 iacturum,
1194 2608 1300 2673 qnae-

59 2695 178 2764 cunque
201 2687 272 2752 ltux
300 2681 449 2771 juberet,
477 2695 635 2772 prompto
658 2693 691 2750 et
714 2681 819 2750 alacri
844 2681 972 2759 animo,
995 2679 1025 2748 si
1049 2677 1259 2746 relaxaretur
1283 2697 1302 2743 a

56 2767 195 2862 custodia,
222 2785 408 2860 postquam
430 2769 499 2840 duo
516 2771 577 2839 soli
596 2770 669 2838 dies
694 2769 968 2871 praeteriissent:
996 2789 1013 2834 v
1041 2773 1086 2837 lle
1113 2766 1156 2846 vi,
1175 2765 1298 2851 inquit,

56 2853 205 2955 videamur
229 2863 353 2950 parere
371 2859 479 2949 yussis
503 2863 734 2948 Imperatoris,
762 2859 808 2926 ita
832 2857 1018 2926 dimittitur
1047 2877 1065 2926 e
1095 2875 1243 2924 carcere.
1280 2876 1298 2918 v

56 2943 160 3040 [binde
177 2969 245 3018 una
271 2960 371 3017 nocte
392 2947 576 3017 multitudo
591 2967 722 3028 eorum,
740 2946 799 3036 qui
816 2955 914 3014 erant
929 2944 1166 3024 circumcirca,
1184 2963 1301 3011 mona-

54 3029 186 3132 chorum,
202 3048 413 3107 convocatur
436 3037 471 3105 in
497 3036 664 3126 templum
686 3035 849 3124 Stephani
875 3035 978 3123 primi
997 3034 1168 3122 martyris,
1187 3033 1301 3122 specie

52 3120 181 3204 quidem,
203 3137 241 3195 ut
264 3128 327 3214 qui
350 3136 438 3196 essct
462 3145 563 3194 mane
586 3125 821 3194 celebraturus
840 3143 1024 3193 commune
1044 3122 1167 3190 festum
1188 3121 1300 3209 primo

53 3213 194 3310 martyri:
221 3236 257 3284 re
281 3235 362 3282 vera
385 3227 498 3284 autem
535 3234 593 3282 eos
623 3213 795 3282 advocans
825 3212 868 3281 ad
893 3211 1061 3282 auxilium
1094 3209 1301 3276 orthodoxae

52 3294 127 3378 fider,
143 3315 179 3369 ut
202 3303 252 3374 sic
277 3302 390 3392 magis
415 3301 663 3373 haereticorum
689 3305 858 3372 co'e'rcerct
878 3298 1122 3389 arrogantiam.
1143 3294 1301 3364 Diluculo

51 3401 120 3487 ergo¹
137 3403 341 3548 congrepata
365 3390 475 3460 suerat
499 3391 684 3460 multitudo
712 3389 973 3468 monachorum,
1002 3385 1124 3475 partim
1159 3381 1299 3469 quidem

52 3491 82 3538 ex
102 3499 150 3557 ns,
170 3481 230 3566 qui
275 3492 396 3549 uerant
423 3479 495 3548 illic
520 3479 718 3568 congregati
749 3479 929 3558 monachi,
957 3475 1047 3545 sicut
1070 3473 1200 3542 dictum
1226 3482 1298 3539 est:

53 3565 158 3646 partim
183 3579 297 3637 autem
324 3567 365 3637 de
389 3589 484 3637 more
511 3568 652 3637 veniens
677 3565 719 3635 ad
744 3568 926 3654 synaxim:
954 3564 1077 3655 partim
1102 3582 1193 3640 vcro,
1212 3579 1302 3646 quae

52 3668 252 3754 concurrerat
276 3655 318 3724 ad
344 3655 531 3726 videndum
554 3655 754 3745 Hypatium,
774 3656 834 3742 qui
858 3665 931 3724 erat
958 3651 1187 3723 consobrinus
1215 3652 1302 3716 Ana-

53 3749 131 3806 stasn
148 3745 379 3834 Imperatoris,
399 3745 502 3815 modo
526 3757 680 3814 servatus
704 3765 744 3814 ex
763 3743 976 3834 captivitate:
1003 3739 1189 3809 eratenim
1217 3749 1302 3806 tem-

54 3823 132 3910 plum
148 3851 284 3920 quoque
299 3834 566 3924 capacissimum
588 3831 833 3903 multitudinis.
851 3830 972 3902 Aderat
992 3840 1105 3898 autem
1131 3829 1204 3916 ipse
1218 3846 1302 3912 quo-

53 3933 106 4072 qap
133 3921 215 4022 bur,
235 3933 277 3992 ut
299 3943 339 3992 eo
364 3934 445 3993 teste
468 3923 692 4011 abrogaretur
723 3934 756 3991 et
779 3920 997 3991 abdicaretur
1020 3915 1173 4008 synodus
1203 3913 1302 3984 Chal·

54 4021 248 4080 aconensis.

87 4095 184 4178 552.
199 4100 361 4168 Protinus
372 4119 453 4189 ergo
471 4098 626 4169 ascendit
643 4109 843 4188 suggestum
859 4103 1021 4177 Joaunes,
1035 4107 1180 4182 utraque
1194 4113 1302 4162 manu

56 4187 155 4252 lenens
179 4188 303 4256 Sabam
328 4200 360 4255 et
378 4187 605 4258 Theodosium
628 4188 762 4277 pietatis
785 4199 1068 4277 propugnatores.
1085 4189 1167 4253 Cum
1189 4203 1224 4252 se
1239 4203 1302 4250 au-

57 4275 353 4370 temlsustinuisset
375 4275 653 4363 aliquantulum,
686 4277 779 4345 visus
810 4289 860 4345 est
897 4276 1024 4344 sensim
1063 4281 1300 4342 susurrantem

59 4355 158 4429 audire
182 4361 451 4447 multitudinem,
466 4377 499 4436 et
517 4365 687 4434 dicentem
709 4375 864 4454 oportere
886 4363 987 4433 lerire
1001 4361 1218 4432 anathemate
1230 4379 1300 4436 eos,
