2994 4832
84 279 149 346 lilii.
172 281 189 344 5
447 299 486 346 na
510 301 538 346 s„
566 299 646 346 stan
669 301 739 346 nne.
767 299 807 346 ur
831 297 922 346 cour.
1217 281 1280 345 t33

80 383 309 472 qninquaginta,
331 395 432 454 aucta
457 404 593 474 quoque
617 395 668 453 est
690 405 729 453 ex
749 394 895 470 utraque
922 395 1015 471 parte
1036 383 1195 452 torrentis
1219 382 1325 452 cella-

81 491 139 540 mm
157 471 352 555 aedificatio,
372 485 403 543 et
436 473 543 543 Sabae
569 473 654 542 cura
679 485 712 543 et
737 471 917 562 diligentia
942 470 1129 562 perfectum
1148 482 1210 551 est,
1229 484 1268 541 ut
1291 482 1324 541 et

76 561 207 646 jumenta
222 561 261 630 ad
280 561 527 644 ministerium,
543 575 576 632 et
592 562 659 632 alia
676 582 764 662 quae
782 571 864 630 sunt
881 572 961 650 apta
978 559 1019 628 ad
1034 581 1136 629 usum
1155 561 1321 649 corporis,

79 648 263 738 possiderent
275 652 452 721 monachi:
469 671 511 719 ne
525 671 795 722 necessariarum
815 670 929 719 rerum
944 648 1145 738 indigentia,
1159 649 1209 718 eis
1222 670 1324 738 saepe

78 739 169 826 specie
193 739 309 828 pulcra
341 752 374 810 et
399 740 541 809 honesta
570 751 659 808 esset
691 739 826 808 occasio
857 737 1022 828 pergendi
1059 737 1102 806 ad
1136 737 1321 819 mundum,

80 825 205 916 neglecta
227 829 339 914 quiete
355 840 389 899 et
409 827 556 898 silentio.
575 832 657 916 Cum
674 849 757 917 ergo
776 827 851 917 ejus
875 826 967 896 sama
993 826 1087 896 brevi
1113 837 1265 916 tempore
1289 825 1325 894 in

77 937 190 985 omnem
218 930 347 1007 partem
376 917 595 1006 pervasisset,
616 916 716 986 multi
736 915 777 985 ad
799 937 878 985 enm
906 915 1086 984 veniebant
1104 937 1183 984 cum
1208 914 1326 984 multis

77 1005 219 1092 pecuniis,
234 1005 324 1092 quod
340 1005 394 1075 illi
408 1006 660 1097 praebuissent,
676 1005 742 1074 hoc
758 1003 870 1074 solum
887 1004 1089 1074 lucrifacere
1106 1004 1323 1084 arbitrantes,

75 1091 140 1161 etid
157 1107 221 1164 tuto
243 1115 279 1163 se
303 1094 434 1164 babere
451 1105 660 1186 reputantes.
680 1098 750 1163 Has
772 1105 886 1163 autem
909 1105 1049 1164 sanctus
1069 1092 1243 1181 accipiens
1268 1097 1326 1162 Sa·

76 1181 134 1260 bas,
156 1204 216 1251 nou
249 1184 400 1255 immisit
428 1184 463 1252 in
488 1204 682 1262 crumenas,
711 1203 772 1251 nec
800 1183 1034 1252 absconditio
1064 1180 1321 1271 penetralibus:

79 1269 122 1338 sed
137 1273 346 1361 consumpsit
365 1272 408 1341 ad
427 1271 627 1341 fabricanda
651 1271 809 1340 aedilicia
831 1270 1010 1341 monachis
1030 1269 1279 1350 convenientia,
1294 1282 1327 1339 et

79 1357 112 1426 ad
132 1359 378 1450 suppeditanda
400 1360 479 1446 alia,
506 1383 595 1448 quae
622 1371 719 1430 erant
743 1361 792 1430 eis
816 1360 915 1430 usui:
944 1360 1092 1430 maxime
1117 1381 1197 1428 cum
1223 1359 1325 1427 etiam

77 1449 254 1537 ltartprius.
281 1450 348 1536 qui
374 1461 455 1519 tunc
484 1449 598 1519 sedem
626 1449 801 1518 obtinebat
828 1448 1052 1538 pontificiam,
1072 1460 1161 1518 esset
1185 1449 1220 1514 in
1244 1467 1325 1515 eum

76 1537 180 1624 optime
201 1537 359 1618 allectus,
389 1551 421 1608 et
444 1538 474 1607 ei
499 1537 731 1608 familiaritate
755 1538 973 1627 conjunctus,
1000 1556 1150 1624 eumque
1173 1547 1205 1604 et
1235 1556 1326 1606 reve·

77 1637 195 1706 roratur,
210 1640 239 1697 et
264 1627 300 1696 in
329 1648 458 1717 magno
480 1627 607 1696 honore
629 1627 779 1696 haberet.
799 1627 861 1697 Sed
887 1647 965 1696 oum
989 1626 1185 1696 Patriarcha
1209 1635 1326 1694 octavo

80 1734 153 1782 anuo
169 1717 216 1784 sui
238 1715 468 1786 Pontificatus
492 1737 510 1786 e
539 1716 607 1784 vita
633 1715 844 1797 excessisset,
864 1726 896 1784 et
920 1714 1091 1785 Salustius
1110 1715 1224 1784 sedem
1252 1726 1329 1804 post

78 1799 157 1868 illum
184 1806 392 1894 accepisset,
414 1805 487 1895 jam
513 1803 818 1894 quadragesimum
843 1815 1001 1874 octavum
1039 1805 1158 1874 aetatis
1194 1824 1325 1872 annum

78 1903 174 1979 agente
194 1898 226 1962 B.
249 1895 358 1973 Saba,
384 1893 526 1980 quidam
555 1915 594 1963 ex
623 1898 733 1962 Laura
760 1893 873 1984 pravis
897 1893 1024 1962 animis
1047 1905 1227 1978 menteque
1252 1913 1328 1982 per-

81 1999 154 2048 tersa
167 1993 194 2050 et
208 1982 388 2062 illiberali,
404 1983 464 2070 qui
482 1981 586 2071 plane
608 1996 706 2051 erant
722 2003 855 2064 carnes,
872 1995 905 2051 et
922 1994 959 2052 ut
978 2003 1058 2052 oum
1076 1981 1190 2050 divina
1209 1979 1323 2048 dicam

87 2067 234 2164 ioriptura,
252 2071 422 2163 spiritum
441 2091 509 2140 non
536 2071 727 2141 habebant:
756 2071 815 2157 qui
840 2093 961 2160 parum
990 2080 1149 2140 curantes
1169 2089 1327 2138 exercere

90 2153 203 2244 lingnam
226 2163 267 2230 ad
300 2158 497 2230 canendum
534 2160 669 2230 cantica
698 2159 882 2242 Davidica,
908 2182 983 2230 eam
1021 2158 1204 2248 diligenter
1232 2179 1327 2225 exer-

89 2259 265 2342 ommutui
297 2261 473 2319 moverent
487 2248 653 2319 adversus
669 2247 894 2329 Praefectum,
917 2261 949 2318 et
973 2245 1115 2337 pacifica
1137 2245 1230 2336 apud
1248 2265 1327 2314 eum

89 2329 202 2406 dicentes
215 2339 320 2428 (nam
349 2338 412 2406 lroc
436 2357 573 2425 quoque
588 2349 639 2408 est
658 2336 985 2426 pavidapauidae
1004 2335 1100 2405 dolos
1116 2333 1325 2426 cogitabant.

87 2421 149 2517 lan
168 2447 234 2496 cum
261 2427 442 2497 frumento
467 2447 569 2526 saepe
592 2427 693 2496 etiam
721 2437 912 2496 nascuntur
937 2425 1079 2506 zizania,
1105 2425 1194 2494 sicut
1219 2423 1329 2492 rubus

85 2529 111 2576 ro
131 2511 217 2596 tinea,
244 2529 281 2586 et
309 2537 349 2584 ex
375 2513 557 2604 discipulis
572 2516 725 2586 cernitur
741 2537 833 2585 unus
852 2512 1015 2604 proditor,
1038 2526 1070 2583 et
1096 2513 1197 2582 Elisei
1223 2511 1328 2580 discl-

78 2599 161 2758 ppgps
180 2618 249 2674 crat
284 2603 395 2683 Giezi‚
422 2615 453 2674 et
478 2608 567 2674 Esau
590 2615 724 2674 constat
747 2603 854 2673 luisse
882 2602 1020 2672 fratrem
1049 2603 1163 2682 iacob,
1189 2613 1222 2670 et
1247 2599 1328 2670 Cain

74 2741 80 2753 .
140 2713 175 2760 rs.
659 2739 668 2760 .

108 2779 220 2862 sau.
250 2779 414 2851 Seditiosi
429 2801 510 2871 ergo
532 2781 586 2851 isti
626 2794 757 2872 oportet
772 2781 864 2851 enim
892 2800 959 2849 non
975 2799 1015 2848 ex
1040 2778 1242 2850 nominibus
1268 2777 1327 2848 sed

72 2885 103 2933 ax
124 2867 239 2940 studiis
261 2870 380 2959 potius
404 2868 481 2940 illos
499 2891 617 2939 vocare
650 2871 740 2940 mala
757 2871 958 2940 meditantes
981 2868 1145 2938 adversus
1170 2879 1328 2937 sanctum

74 2954 190 3050 labam,
206 2959 355 3028 veniunt
373 2959 406 3026 in
426 2970 578 3028 sanctam
598 2958 780 3041 civitatem,
796 2957 884 3027 etad
903 2957 1091 3030 Salustium
1118 2958 1328 3046 Episcopum

71 3038 183 3132 linguis
205 3045 350 3128 dolosis,
374 3059 443 3128 aut,
462 3061 501 3116 ut
526 3045 650 3118 melius
675 3047 801 3126 dicam,
829 3046 992 3119 cordibus
1016 3045 1228 3126 aecedentes,
1248 3065 1328 3114 eum

70 3135 275 3216 quaerebant,
303 3135 362 3223 qui
384 3135 720 3293 essetpraefuturus.
739 3135 801 3205 llle
818 3147 930 3205 autem
956 3157 1035 3208 cum
1063 3145 1151 3204 esset
1175 3133 1325 3222 sapione,

70 3233 95 3288 et
112 3243 205 3292 aures
230 3245 298 3294 nou
320 3223 458 3294 haberet
493 3223 609 3306 acilas,
628 3245 689 3294 nec
714 3245 752 3293 en
777 3223 980 3306 admitteret,
1002 3223 1068 3292 uisi
1086 3223 1183 3313 prius
1199 3220 1330 3289 exami-

69 3321 148 3392 nate,
174 3325 334 3402 accurate
358 3313 500 3403 rogavit,
527 3313 669 3400 quinam
686 3326 800 3384 esseut
815 3325 847 3381 el
862 3312 965 3382 unde.
987 3311 1040 3380 llll
1065 3331 1143 3380 vero
1168 3307 1330 3378 dicebant

70 3397 269 3496 sehabltare
294 3415 433 3494 propter
456 3401 641 3490 quemdam
664 3413 860 3498 torrentem,
880 3414 912 3471 et
936 3398 1006 3469 illic
1033 3419 1195 3498 peragere
1218 3407 1328 3467 certa·

70 3505 152 3556 mma
174 3491 439 3572 exercitationis,
466 3491 616 3560 celantes
640 3511 765 3561 nomen
795 3491 913 3560 Sabae.
942 3489 1101 3560 Sciebant
1124 3507 1215 3556 emm
1248 3505 1327 3552 eum

69 3592 102 3641 ex
115 3577 233 3648 virtute
250 3592 368 3650 notum
385 3601 458 3651 esse
473 3579 655 3652 omnibus:
674 3581 847 3668 quomodo
872 3579 938 3668 ipsi
959 3577 1113 3648 studium
1140 3573 1325 3666 ponebant,

67 3674 100 3729 ιιι
120 3683 158 3734 ex
180 3667 260 3737 vitio
277 3682 566 3758 cognoscerentur
582 3670 625 3738 ab
642 3670 816 3738 omnibus.
836 3673 919 3738 Cum
940 3668 963 3736 ii
980 3679 1093 3737 autem
1113 3685 1215 3754 saepe
1233 3683 1329 3752 roga·

69 3764 185 3836 rentur,
208 3767 247 3826 ut
263 3756 416 3827 dicerent
430 3759 613 3848 cujusnam
632 3770 721 3828 esset
739 3768 882 3838 torrens,
898 3767 930 3826 et
946 3753 1119 3843 quomodo
1136 3763 1326 3832 vocaretur,

71 3857 141 3937 epm
167 3865 231 3914 non
259 3858 399 3934 possent
421 3847 570 3936 elingere
595 3848 922 4003 interrogationem:
949 3843 1052 3926 «Qui
1070 3843 1113 3913 ab
1137 3841 1326 3929 aliquibus,

71 3925 227 4012 dixerunt,
239 3946 380 4003 vocatur
399 3945 532 4005 torrens
547 3935 666 4006 Sabae.
677 3934 729 4004 »tt
745 3947 903 4016 cautem,
919 3955 997 4002 cum
1015 3930 1236 4002 intellexisset
1248 3949 1328 3999 enm

71 4035 136 4086 esse
151 4019 372 4104 Praefectum,
387 4021 552 4094 adversus
571 4044 672 4114 quem
694 4023 749 4093 isti
766 4024 943 4094 struebant
956 4019 1181 4101 calumniam,
1199 4019 1330 4109 rogavit

74 4123 204 4176 rursus:
225 4131 243 4174 ιι
267 4109 332 4178 Ubi
355 4125 403 4183 est
420 4109 483 4182 'hic
508 4113 673 4183 Sabaei»
699 4111 751 4182 llli
777 4133 855 4182 nero
876 4113 1048 4182 mittentes
1065 4107 1271 4199 respondere
1285 4105 1328 4175 ad

73 4197 276 4282 propositum
306 4197 351 4286 (o
378 4202 608 4291 arrogantiam
636 4213 668 4271 et
692 4201 877 4272 amentiam
897 4205 946 4285 l),
969 4199 1131 4269 dixerunt
1153 4217 1232 4265 eum
1259 4213 1326 4292 noa

75 4297 163 4380 posse
178 4283 336 4384 suffice-re
353 4307 453 4359 curae
468 4290 511 4359 de
536 4301 604 4359 tam
630 4289 749 4360 multis
766 4288 1019 4380 suscipiendae,
1040 4297 1179 4377 propter
1195 4281 1327 4383 simpli·

77 4379 197 4440 ertatem
214 4393 360 4444 nimiam
375 4389 406 4447 et
421 4379 665 4450 rusticitatem:
693 4377 866 4449 lenitatem
884 4375 978 4445 illius
993 4386 1026 4444 et
1044 4373 1311 4444 moderationem
