2946 4798
195 211 258 276 506
564 227 603 274 nn
626 223 756 275 saneris
780 225 1008 274 mnocnarmns
1270 209 1354 275 DEC.
1377 210 1410 273 28

151 312 357 404 periculum.
378 316 555 383 Decaetero
572 333 631 382 vos
655 313 810 381 intueor:
833 311 976 381 liberate
1000 317 1055 380 ine
1077 311 1202 382 abhoc
1228 316 1413 382 1111111111-

151 416 264 492 perate
281 423 361 470 cum
382 401 501 482 armis
523 422 644 470 omnes
668 399 731 471 hos
754 400 842 470 fines
858 400 991 470 retibus
1010 400 1125 470 caedis
1156 401 1412 470 circumsidetc:

150 515 168 560 a
186 491 329 561 senibus
345 490 514 560 abstineat
533 489 646 560 ensis:
666 489 709 559 iis
732 489 792 576 qul
804 491 878 580 jam
909 490 1115 580 pubescunt,
1141 489 1283 560 nullum
1314 491 1415 560 afferte

151 579 366 671 periculum:
386 577 552 648 adversus
576 599 700 669 parvos
724 590 858 647 tantum
881 577 1030 649 insautes
1054 580 1253 648 armemini.
1284 583 1414 649 Omnem

151 669 299 758 primam
317 679 459 738 aetatem
485 667 645 736 demetite
670 667 923 738 miserabiliter.
943 667 1079 738 Nullius
1108 667 1286 757 lacrymae
1311 669 1415 738 matris

151 757 406 828 misereamini:
433 777 547 826 meum
575 755 756 824 inimicum
783 757 986 826 scrutemini
1019 758 1055 825 in
1086 756 1168 826 sinn
1196 757 1415 843 uniuscujus·

151 869 229 934 que.
252 851 289 915 ln
308 866 377 926 eoS,
399 847 460 932 qui
484 845 527 914 ad
549 857 699 914 matrum
715 845 823 915 ubera
849 844 1098 934 confugerunt,
1125 845 1257 914 serrum
1290 845 1410 916 trudito.

151 951 184 1005 et
206 933 322 1004 caedis
339 934 482 1024 sanguis
499 933 685 1004 misceatur
702 953 780 1002 cnm
808 933 905 1003 lacte.
934 935 1041 1004 Etiam
1068 947 1194 1004 matres
1221 933 1324 1022 ipsas
1352 955 1407 1003 cun

151 1022 343 1093 insontibus
363 1023 503 1094 adactas
516 1022 718 1113 transfigite,
741 1021 772 1090 11
787 1022 876 1094 ictus
892 1021 985 1103 ferri,
1001 1022 1200 1093 amollibus
1219 1025 1409 1114 corporibus

151 1111 194 1182 ad
213 1112 290 1180 illas
310 1111 454 1202 delapsi.
480 1111 603 1183 Nullus
622 1111 728 1202 hujus
751 1111 866 1180 caedis
883 1113 947 1182 erit
962 1112 1058 1182 vobis
1086 1123 1281 1183 accusator.
1312 1113 1411 1183 Solun

151 1201 320 1282 testinate,
347 1200 457 1270 instar
473 1199 611 1270 leonum
631 1201 664 1269 in
682 1200 852 1270 civitatem
870 1200 1002 1271 irruite.
1022 1198 1123 1272 llulla
1146 1223 1205 1271 vos
1232 1201 1355 1272 caedis
1371 1223 1415 1270 ea-

152 1291 223 1380 piat
243 1289 392 1371 satietas,
418 1288 562 1359 doneca
587 1290 683 1360 vobis
711 1289 927 1360 existimetur
955 1288 1083 1378 aliquis
1108 1311 1193 1379 puer
1221 1302 1366 1360 restare.
1391 1287 1416 1357 si

151 1378 240 1449 nulli
259 1378 360 1449 vitam
379 1378 629 1460 concesseritis,
650 1377 708 1447 ille
732 1399 868 1466 quoque
892 1379 981 1447 inter
1003 1399 1124 1448 omnes
1141 1377 1319 1450 videbitur
1344 1379 1417 1450 oeci·

151 1468 254 1537 disse.
277 1472 317 1536 Et
335 1467 394 1536 ille
407 1467 546 1554 quidem
569 1488 636 1536 non
653 1465 751 1548 bene,
770 1489 833 1538 neo
850 1480 922 1537 tnto
937 1467 1070 1537 fruetur
1085 1467 1216 1539 honore
1231 1473 1415 1559 Magorum:

151 1557 238 1626 mihi
263 1568 375 1624 autem
398 1557 519 1626 laetam
546 1555 672 1625 dabitis
688 1557 805 1638 vitam,
832 1567 902 1626 eta
926 1578 1010 1626 cura
1034 1555 1229 1626 liberam.»

194 1647 279 1732 55.
307 1649 396 1716 Haec
426 1667 505 1716 oum
532 1645 583 1714 illi
603 1644 805 1726 audiissent,
832 1659 906 1714 eta
936 1646 1010 1716 suis
1034 1645 1161 1714 animis
1184 1667 1328 1715 omnem
1358 1667 1417 1714 am·

151 1747 329 1822 putassent
354 1734 638 1814 misericordiam,
665 1746 698 1802 et
717 1733 844 1803 scelere
860 1735 1060 1804 statuissent
1082 1733 1169 1805 alter
1183 1732 1336 1804 alterum
1357 1735 1417 1802 rin-

151 1844 238 1902 cere,
266 1844 371 1892 cursu
396 1822 593 1892 l'erebantur
616 1822 651 1890 in
668 1823 851 1903 civitatem,
881 1845 1006 1892 manus
1023 1835 1174 1892 armatas
1189 1822 1417 1896 extendentes:

150 1925 183 1981 et
198 1913 232 1981 in
247 1933 368 2001 greges
387 1911 485 1981 urbis
501 1910 670 1980 Bethleem
688 1913 870 1992 irruentes
893 1915 1028 1981 teneros
1044 1933 1154 2002 agnos
1173 1910 1415 1982 dilacerabant:

150 2013 184 2070 et
207 1999 388 2090 sauguinis
419 1999 528 2069 sontes
551 2000 647 2069 omni
666 2021 704 2069 ex
734 2013 829 2158 parte
854 2013 1066 2082 emanantes,
1093 2000 1233 2070 abunde
1267 2001 1418 2088 inquina-

151 2091 235 2160 bant
258 2101 366 2160 terrae
384 2089 616 2179 superficiem,
642 2099 674 2158 et
697 2089 732 2159 ni
761 2089 783 2159 il
813 2088 993 2160 videbatur
1013 2089 1240 2179 pereuntibus
1269 2089 1416 2158 sufficere

151 2177 193 2247 ad
216 2178 384 2248 salutem:
411 2199 479 2247 non
504 2177 641 2258 domus,
660 2200 749 2267 quae
768 2177 879 2248 celare
904 2190 1017 2268 posset
1032 2199 1121 2260 earn,
1143 2200 1233 2265 quae
1258 2178 1415 2258 subierat,

153 2288 220 2336 non
241 2266 423 2356 templum,
450 2267 596 2336 allerens
621 2266 803 2354 parricidis
828 2266 980 2354 aliquam
1007 2266 1065 2338 Dei
1090 2267 1331 2348 reverentiam,
1358 2287 1415 2336 nou

152 2355 338 2446 speluncae
357 2354 595 2425 clandestinus
625 2355 815 2445 ingressus,
840 2355 898 2426 scd
927 2354 1078 2426 infantes
1105 2369 1284 2442 tamquam
1313 2355 1417 2425 hostes

151 2445 247 2515 omni
266 2467 304 2514 ex
322 2456 417 2534 parte
434 2444 743 2534 investigabantur,
762 2465 874 2532 neque
890 2444 990 2514 latuit
1006 2444 1100 2515 ullus
1115 2466 1237 2514 eorum
1256 2443 1411 2534 gladium,

151 2555 230 2602 cum
253 2535 506 2620 unnsquisque,
538 2545 714 2620 tamqnam
744 2532 804 2621 qui
828 2545 918 2603 esset
941 2533 1016 2622 ipse
1041 2532 1209 2616 Christus,
1242 2533 1415 2604 1111111111-

151 2622 323 2711 cujusque
342 2634 565 2710 quaereretur
590 2622 771 2712 sanguine.
791 2627 884 2704 Quae
912 2635 1026 2692 autem
1051 2635 1149 2692 erant
1180 2621 1333 2694 audaces
1355 2642 1414 2688 ma·

153 2723 231 2793 tres,
258 2723 470 2800 opponentes
488 2731 612 2780 manus
627 2711 714 2780 aciei
733 2711 942 2801 gladiorum,
969 2711 1132 2801 aselpsis
1155 2709 1297 2799 quidem
1330 2709 1417 2780 larie-

151 2800 280 2869 bantur
295 2821 356 2888 pro
370 2799 503 2888 pueris:
519 2798 577 2869 sed
604 2798 755 2870 nihileis
772 2799 949 2886 proderat:
973 2821 1084 2886 oeque
1103 2798 1197 2870 aliud
1219 2799 1415 2874 efficiebant,

151 2909 255 2974 quam
274 2895 312 2956 111
326 2900 415 2956 esset
430 2888 480 2960 eis
503 2887 669 2976 temporis
686 2887 824 2979 longius
840 2887 1046 2979 periculum.
1062 2889 1154 2959 Aliae
1168 2910 1248 2959 vero
1265 2887 1419 2958 violenter

152 2975 450 3066 apprehendentes
482 2997 619 3067 pueros,
653 2977 713 3064 qni
738 2991 858 3047 contra
882 2977 1127 3059 trahebantur,
1157 2999 1248 3065 quae
1272 2977 1417 3046 membra

154 3065 320 3134 manibus
343 3066 641 3146 constrinxerant,
670 3086 711 3135 ea
740 3065 852 3135 solum
885 3067 1049 3136 habentes
1074 3077 1191 3158 postea
1225 3075 1416 3156 conspectae

134 3165 245 3234 ¹sunt,
265 3152 354 3224 lerro
379 3155 480 3224 matri
503 3153 677 3224 dividente
693 3155 872 3236 infantem,
891 3167 923 3224 et
946 3155 990 3224 iis
1012 3156 1074 3243 qui
1098 3155 1293 3237 trahebant;
1313 3167 1343 3225 et
1363 3149 1416 3220 ille

151 3243 306 3331 quidem,
327 3243 420 3313 verbi
435 3247 552 3326 coust,
577 3263 732 3325 manum,
755 3244 839 3314 haec
852 3265 930 3314 vero
953 3265 1046 3326 crus,
1065 3243 1123 3314 illa
1140 3255 1255 3315 antem
1276 3243 1413 3330 aliquam

152 3333 256 3402 aliam
278 3346 424 3423 partem,
448 3344 624 3419 tamquam
643 3345 751 3404 totnm
776 3345 895 3403 tenens
919 3331 1044 3414 lilium,
1071 3328 1414 3416 excurrebatltlnltae

152 3435 265 3492 autem
290 3422 374 3491 dum
395 3441 503 3492 cursu
530 3421 710 3511 lugerent,
737 3422 773 3490 in
798 3443 837 3490 ea
866 3441 956 3508 quae
973 3422 1047 3578 (lam
1076 3422 1260 3510 jacebant,
1287 3436 1412 3510 corpom

152 3510 355 3592 incidentes,
381 3523 414 3580 et
437 3509 509 3579 solo
534 3523 668 3579 teneros
686 3531 768 3582 suos
786 3509 896 3581 foetus
911 3509 970 3580 alli
998 3523 1104 3594 entes,
1130 3533 1214 3582 ense
1232 3511 1320 3580 nibil
1339 3524 1411 3598 opus

152 3598 325 3671 habebant
341 3598 381 3668 ad
399 3619 518 3669 eorum
536 3599 727 3670 interitum.
747 3604 824 3669 Jam
850 3621 929 3670 vero
955 3598 1074 3687 aliqua
1101 3612 1197 3671 stans
1225 3613 1306 3670 ante
1332 3615 1407 3668 eun.

152 3689 213 3775 qui
236 3699 310 3758 erat
333 3708 576 3778 percussurus,
595 3701 628 3758 et
652 3709 713 3778 pro
742 3709 805 3758 suo
833 3686 904 3760 filio
933 3687 1081 3759 multum
1106 3688 1310 3770 obsecrans,
1339 3687 1408 3756 flens

151 3777 201 3849 sic
232 3777 497 3848 vociferabatur:

195 3869 302 3954 §oa
317 3865 469 3937 Concede
480 3865 579 3948 mihi,
594 3887 614 3935 o
627 3865 866 3948 miles,eornm
877 3887 997 3956 quaea
1008 3878 1039 3938 te
1049 3866 1150 3948 liunt,
1161 3867 1403 3957 ignorationem.

151 3967 184 4026 et
203 3978 258 4026 me
274 3955 392 4027 occide
415 3967 494 4024 ante
516 3954 642 4035 tilium,
659 3969 693 4026 et
708 3977 751 4026 ne
768 3953 888 4026 matris
903 3955 1058 4026 ollandas
1073 3955 1193 4026 oculos
1213 3969 1282 4026 tam
1305 3949 1405 4024 acerbo

153 4043 361 4134 spectaculo.
388 4050 446 4116 Est
468 4045 528 4114 tibi
547 4045 689 4114 omnino
705 4045 825 4132 utique
851 4055 972 4126 mater,
1005 4057 1056 4116 est
1086 4045 1191 4114 ctiam
1215 4066 1311 4126 uxor,
1338 4056 1406 4128 quae

154 4132 255 4204 habet
270 4134 394 4204 tilium.
411 4133 483 4202 Scis
498 4132 793 4219 quemadmodum
811 4145 949 4224 propter
963 4133 1054 4203 mala
1070 4132 1236 4216 liliorum,
1247 4141 1404 4223 parentum

154 4219 389 4292 dilacerantur
404 4222 546 4294 viscera.
564 4244 583 4287 11
611 4221 666 4290 Illi
694 4233 807 4292 autem
836 4220 1036 4292 flectebatur
1058 4219 1200 4308 quidem
1220 4223 1361 4296 animus,
1382 4222 1407 4311 11

155 4328 217 4396 per
235 4331 340 4395 genas
357 4311 510 4382 fluebant
528 4307 724 4400 lacrymae:
744 4311 889 4383 Herodis
907 4331 987 4381 vero
1004 4311 1158 4382 serviens
1178 4311 1293 4392 rabiei,
1311 4301 1405 4376 verbis
