2954 4816
223 261 287 326 420
583 277 623 322 na
646 275 675 322 s.
700 275 875 324 anastasin
899 271 1043 323 uterina
1287 255 1362 322 DEf.
1383 257 1415 320 te

178 376 211 431 et
234 361 312 430 aliis
345 359 525 452 egentibus
558 359 701 448 praebui
735 360 822 429 vitae
857 359 1081 430 admInicufa.
1118 359 1238 448 sicque
1264 381 1322 441 ea,
1347 380 1416 444 quae

179 450 267 542 nulli
291 463 389 519 erant
415 449 508 529 usui,
537 449 633 518 effeci
659 461 697 518 ut
724 470 791 518 non
821 459 910 519 esset
943 449 1068 530 otiosa,
1091 447 1149 518 sed
1175 447 1272 517 valde
1295 447 1416 517 utilia.»

179 537 501 626 Praefectusautem
522 537 634 606 statim
660 559 739 606 cum
766 557 892 628 magna
908 537 1109 608 acerbitate:
1131 540 1205 606 «It
1226 557 1299 625 ego,
1317 534 1416 622 inquit,

180 650 248 697 non
275 629 394 717 patiar,
413 638 452 695 ut
470 625 534 694 hoc
560 625 767 716 sacrilegum
795 624 932 696 facinus
957 646 1000 695 ne
1023 625 1169 696 auribus
1191 625 1327 712 quidem
1351 623 1419 692 ecci·

179 717 305 806 piatur.
328 741 341 780 r
362 713 550 784 Subrldens
574 736 652 784 vcro
678 725 827 804 martyr:
848 737 867 780 a
894 715 1026 814 Ingenii
1048 715 1099 783 tui
1115 735 1261 784 acumen
1281 713 1418 788 admiror,

178 827 198 874 o
217 804 338 883 Iudex,
358 803 448 890 quod
467 803 555 872 hane
581 825 651 873 rem
670 823 768 872 voces
788 803 1020 904 sacrilegium.
1040 803 1074 871 Si
1090 804 1183 871 enim
1199 801 1294 872 ullus
1309 823 1418 873 sensus.

179 904 238 961 aut
262 890 333 961 ulla
350 892 399 960 vis
419 904 518 972 esset,
536 892 570 960 in
596 892 652 961 his
668 891 845 973 inanimis,
864 891 947 978 quid
969 892 1129 972 obstaret,
1145 913 1214 978 quo
1232 892 1344 960 minus
1358 889 1420 964 sibi,

179 979 262 1050 dum
282 979 492 1068 franguntur
514 991 547 1050 et
569 978 823 1056 convelluntur,
840 993 872 1049 et
889 980 957 1049 alia
982 981 1174 1070 patiuntur,
1191 1002 1290 1068 opem
1307 977 1420 1048 ferrent.

178 1082 211 1138 et
233 1090 314 1150 eos,
342 1069 400 1154 qui
427 1068 605 1151 insultant,
632 1067 892 1150 ulciscerentur,
920 1081 979 1138 aut
1002 1067 1155 1138 alienum
1185 1068 1305 1138 saltem
1333 1083 1364 1135 et
1383 1087 1422 1134 re·

179 1169 288 1228 strum
314 1170 396 1226 tnnc
428 1153 652 1247 implorarent
681 1156 879 1228 auxilium?
902 1161 999 1228 Nunc
1030 1167 1144 1226 autem
1177 1179 1220 1227 ne
1249 1157 1311 1226 hoc
1331 1159 1423 1246 ipsun

178 1246 319 1332 quidem
345 1246 460 1314 sciunt
482 1259 598 1348 aperte
628 1267 664 1317 se
688 1245 769 1335 pati.
800 1269 818 1312 a
848 1245 1043 1316 Orationem
1076 1267 1155 1314 vero
1194 1247 1425 1334 interrumpens

180 1333 384 1404 Praefectus:
403 1357 421 1400 «
447 1333 700 1414 Dinnissimus,
720 1334 842 1422 lnquit,
862 1347 974 1405 noster
989 1337 1181 1423 Imperator
1192 1333 1310 1425 jussit,
1328 1346 1362 1402 ut
1375 1331 1426 1401 alia

179 1421 318 1510 quidam
339 1422 497 1512 juberem
526 1422 648 1492 valere:
667 1422 732 1491 froc
755 1435 870 1494 autem
896 1421 1008 1494 solum
1025 1421 1186 1504 lacerem,
1204 1443 1327 1512 nempe
1342 1434 1375 1490 ut
1389 1417 1425 1486 vel

181 1510 422 1600 persuaderem
453 1523 491 1580 ut
514 1511 739 1591 sacrificares,
761 1522 821 1581 aut
845 1523 882 1581 tu
905 1510 1035 1598 alioqui
1066 1510 1155 1581 male
1180 1512 1358 1612 perires.»

225 1601 243 1686 ἓ
268 1604 349 1671 2⁰.
368 1604 550 1687 Postquam
572 1621 649 1670 vero
672 1598 759 1669 dixit
776 1612 916 1690 martyr,
936 1621 1003 1670 non
1024 1621 1099 1670 esse
1115 1621 1240 1689 perire,
1265 1599 1349 1670 mori
1367 1617 1427 1686 pro·

181 1699 255 1778 pter
271 1687 456 1769 Christum,
478 1687 536 1758 scd
563 1689 664 1758 vitam
687 1690 802 1778 potius
826 1701 997 1758 aeternam
1015 1687 1161 1758 firmiter
1177 1687 1425 1780 apprehendere:

180 1797 259 1846 cum
276 1775 470 1847 Praefectus
490 1799 611 1848 rursus
630 1777 788 1848 movisset
805 1777 914 1848 multa
932 1777 1112 1846 verborum
1134 1779 1309 1858 examina,
1326 1775 1427 1846 multos

182 1877 294 1935 autem
322 1878 432 1936 metus
456 1879 556 1953 atque
575 1865 659 1935 adeo
680 1867 791 1955 ipsam
818 1877 959 1936 mortem
985 1865 1015 1934 ei
1044 1864 1234 1956 redegisset
1259 1866 1295 1936 in
1324 1884 1427 1936 memo·

181 1954 281 2034 riam,
301 1952 362 2023 ubi
388 1954 471 2023 vidit
485 1975 559 2023 eam
578 1954 695 2024 omma
714 1976 755 2023 ex
778 1975 888 2044 aequo
912 1953 1092 2034 ridentem,
1110 1955 1230 2024 omnia
1255 1977 1373 2025 rursus
1393 1973 1427 2020 re·

182 2041 246 2111 fert
261 2040 302 2110 ad
325 2046 582 2133 Imperatorem.
602 2047 742 2131 Propter
760 2064 941 2130 quaecum
963 2041 1021 2111 ille
1037 2041 1158 2112 fuisset
1175 2044 1291 2134 magis
1307 2043 1348 2113 ad
1363 2041 1426 2136 iren

182 2131 367 2212 incitatus,
398 2144 430 2200 et
457 2130 623 2218 quidnam
649 2131 691 2200 de
719 2153 760 2200 ea
788 2141 957 2220 oporteret
981 2130 1055 2200 fieri
1079 2129 1299 2214 deliberaret,
1326 2127 1428 2202 accedit

182 2219 307 2306 aliquis
322 2241 362 2288 ex
377 2219 420 2291 iis
435 2220 495 2306 qui
514 2243 593 2290 oum
612 2241 651 2288 eo
676 2219 910 2301 versabantur,
933 2231 966 2288 et
984 2219 1016 2288 ei
1041 2218 1228 2290 studebant
1253 2217 1426 2312 gratificari.

180 2319 231 2376 et:
252 2329 269 2374 «
287 2308 384 2388 lube,
405 2308 528 2394 Inquit,
545 2330 565 2377 o
582 2313 782 2398 Imperator,
809 2331 884 2378 eam
902 2307 990 2378 tradi
1008 2307 1153 2398 Ulpiano
1179 2310 1338 2398 pontifici
1356 2305 1427 2393 Capi·

182 2395 266 2465 tolii.
285 2397 320 2465 Ei
341 2396 432 2466 enim
460 2396 509 2465 vel
533 2397 684 2466 maxime
698 2419 800 2467 curae
816 2397 891 2476 erit,
910 2410 949 2467 ut
972 2397 1032 2483 qui
1049 2397 1093 2478 sit
1116 2395 1263 2468 deorum
1291 2395 1426 2489 pomifer.

181 2498 214 2553 et
230 2484 279 2553 vel
295 2485 437 2554 omnino
455 2485 686 2574 persuadebit,
706 2486 755 2555 vel
781 2485 1005 2556 acerbissime
1029 2485 1177 2575 puniens
1195 2487 1294 2558 tollet
1317 2487 1357 2556 de
1378 2501 1428 2553 rne-

182 2573 260 2642 dio:
282 2595 402 2642 omnes
428 2586 541 2642 autem
567 2574 642 2663 ejus
665 2573 855 2655 facultates,
876 2574 906 2642 si
934 2573 1036 2644 modo
1060 2573 1129 2643 sint
1156 2573 1252 2644 ullae
1277 2571 1427 2662 reliquiae.

181 2661 353 2730 dedicabit
368 2662 543 2752 Capitolio.
566 2691 579 2728 s
600 2663 807 2733 Placuerunt
823 2663 906 2732 haec
923 2666 974 2732 Im
1002 2663 1144 2732 eratori:
1164 2674 1199 2731 et
1220 2677 1324 2753 prout
1346 2661 1429 2731 fuerat

182 2751 356 2830 monitus,
387 2755 551 2820 accersito
578 2749 734 2840 UlpIano,
753 2771 828 2821 eam
859 2751 890 2820 ei
918 2685 1032 2821 tracllt.
1059 2750 1120 2820 Ille
1145 2773 1225 2821 vero
1251 2752 1375 2823 faciens
1393 2747 1430 2814 di·

183 2859 318 2907 versum
337 2839 380 2907 ab
396 2840 577 2930 asperitate
601 2840 843 2930 Imperatoris:
862 2851 938 2909 astu
958 2851 1072 2910 eutem
1098 2839 1213 2930 potius
1239 2863 1276 2912 se
1291 2861 1362 2911 eam
1376 2851 1430 2931 esse

183 2939 440 3015 superaturum,
453 2941 485 2999 et
500 2929 529 2997 ei
550 2949 796 3018 persuasurum
811 2927 1001 3009 confidens,
1015 2949 1089 2998 eam
1105 2927 1301 2999 honorifice
1315 2927 1431 3000 abdunt

183 3015 217 3083 in
235 3013 375 3084 domum
393 3037 504 3086 suam.

226 3105 244 3191 ᾗ
269 3108 342 3175 Ἡ.
366 3109 403 3174 Et
428 3107 579 3196 primum
604 3105 743 3192 quidem
778 3105 896 3176 multIs
920 3105 1032 3192 iisque
1060 3105 1303 3195 probabilibus
1329 3102 1428 3174 verbis.

183 3214 243 3282 per
253 3192 410 3263 auditum
427 3194 682 3280 quodammodo
697 3191 879 3265 infundere
892 3215 1062 3264 venenum
1076 3194 1317 3267 contendebat.
1328 3186 1430 3263 Deinde

182 3282 283 3350 etiam
302 3303 362 3372 per
377 3282 578 3373 adspectum
597 3282 757 3355 adhibuit
771 3281 1020 3384 deceptionem,
1039 3281 1138 3352 valde
1157 3283 1317 3374 improbe
1334 3297 1364 3352 et
1379 3298 1431 3349 ma·

184 3369 294 3442 litiose
309 3393 487 3461 opponens
512 3373 682 3442 contraria
706 3371 910 3441 contrariis:
938 3371 1019 3440 hinc
1035 3370 1175 3457 quidem
1203 3369 1351 3442 mundos
1372 3387 1431 3438 mu·

184 3457 308 3530 liebres
332 3459 526 3530 luculentos
552 3474 584 3530 et
608 3473 841 3549 sumptuosos,
862 3458 959 3529 illinc
976 3471 1088 3529 autem
1114 3481 1218 3530 omne
1249 3481 1357 3552 genus
1383 3467 1432 3524 tor-

184 3559 316 3617 menta:
343 3548 424 3618 hinc
444 3547 476 3617 la
505 3548 577 3618 ides
595 3549 761 3638 pretiosos
776 3559 809 3618 et
825 3561 921 3640 grato
940 3548 1049 3618 nitore
1066 3547 1337 3639 resplendentes,
1355 3543 1430 3614 illim

182 3656 281 3706 enses
301 3637 467 3708 micantes
482 3571 705 3708 llorribiliter.
724 3637 811 3707 IIinc
837 3636 976 3724 quidem
1005 3635 1109 3707 lectos
1124 3651 1268 3728 argento
1286 3639 1431 3731 incrusta-

183 3735 246 3805 tos,
264 3737 296 3794 et
312 3738 381 3796 stra
409 3725 476 3796 ulis
491 3725 706 3818 elegantibus
722 3738 880 3796 ornatos:
909 3725 1006 3795 illino
1030 3736 1143 3794 autem
1167 3725 1310 3796 collaria
1330 3736 1360 3792 et
1375 3739 1441 3818 nn,

182 3811 261 3882 cula
285 3749 534 3897 maledcorum,
554 3829 586 3884 et
602 3815 719 3906 gravia
734 3813 881 3905 flagella.
900 3818 966 3884 Cur
986 3835 1064 3883 vero
1081 3813 1145 3883 lroc
1165 3814 1313 3896 faelebat
1327 3812 1373 3880 eir
1387 3804 1429 3875 dle

182 3902 329 3973 callidus
344 3916 376 3972 et
387 3917 533 3987 astutus,
543 3917 576 3974 et
587 3927 650 3974 cur
660 3926 739 3974 cum
755 3903 914 3993 benignis
927 3902 1158 3993 conjungebat
1170 3905 1294 3973 acerba
1304 3913 1335 3971 et
1346 3895 1429 3992 mole·

183 3995 258 4060 ste?
278 3997 319 4061 Ut
334 3992 385 4061 vel
411 3993 516 4063 rebus
541 3993 637 4063 laetis
653 3991 807 4072 illiceret,
826 3991 875 4060 vel
896 4004 1055 4062 terrorem
1074 3992 1209 4062 afferret
1226 3992 1328 4062 rebus
1351 3999 1429 4056 tern-

183 4079 322 4149 bilibus.
342 4080 404 4151 Sed
431 4081 579 4170 seipsam
597 4079 715 4150 fefellit
732 4081 902 4167 injustitia
917 4081 944 4162 *,
965 4092 1002 4149 ut
1020 4080 1104 4149 dicit
1119 4079 1259 4150 dinians
1284 4073 1390 4152 David,
1405 4081 1428 4136 et

184 4164 268 4235 haec
292 4181 373 4240 sunt
406 4191 466 4259 pro
494 4169 603 4239 nihilo
627 4182 783 4260 reputata
811 4182 1010 4258 amartyre.
1036 4169 1123 4238 Dicit
1150 4171 1255 4248 enim,
1276 4160 1427 4236 liberalem

183 4258 453 4339 praeseferens
477 4259 651 4348 spiritum,
677 4279 885 4349 gravemque
909 4272 942 4328 et
967 4258 1149 4328 honestum
1176 4257 1327 4327 habitum
1345 4277 1351 4318 :
1369 4271 1384 4316 t
1398 4251 1426 4314 1ss

207 4375 219 4398 ⁴
235 4378 326 4420 atteroda
336 4389 366 4422 ut
376 4386 478 4435 fntquftar
486 4383 534 4426 arbi.
547 4385 574 4426 In
585 4385 677 4426 Patrne
688 4385 720 4426 28.
