2954 4816
250 297 315 361 litt
625 313 664 358 na
695 313 721 359 s.
750 309 886 358 circumi
912 313 1055 358 unumne
1320 291 1442 353 bulci

207 410 244 468 ul
272 409 305 467 et
334 397 400 486 ipsi
431 407 483 466 est
512 397 759 486 perspicuum,
793 409 826 466 et
850 397 946 468 iobis
975 397 1039 466 erit
1070 395 1264 486 paulopost.
1290 391 1377 476 Quod
1395 413 1443 460 iu·
1475 399 1476 460 l

209 503 273 557 tem
307 485 393 555 mibi
423 497 455 554 et
483 497 650 556 tormenta
678 499 710 556 et
743 498 885 556 mortem
912 485 1103 566 minitaris,
1130 483 1333 574 imprudens
1355 481 1434 548 incus

207 575 283 645 sisti
308 575 393 644 mibi
417 574 587 654 timorem,
618 575 679 662 qui
706 597 772 666 non
798 597 886 665 opus
912 574 1014 644 babet
1036 574 1199 645 oratione.
1232 573 1443 641 Erubescereni

206 665 311 746 enim,
339 663 511 734 sibonum
537 675 629 732 metu
649 685 847 751 quaererem
871 685 925 732 me
943 663 1137 743 defendere,
1158 676 1190 733 et
1220 681 1289 730 non
1312 659 1392 747 quod
1414 658 1443 722 ii-

209 773 332 833 meum,
355 773 397 822 ne
412 773 466 820 res
486 751 756 822 Christianorum
781 753 873 842 apud
901 775 959 822 vos
978 752 1065 822 male
1084 751 1228 821 audiant
1253 761 1287 820 et
1311 747 1444 818 irridean-

207 854 274 911 tur.
293 841 593 911 verumenimvero
615 842 793 931 oportebat
816 863 873 910 vos
891 863 957 910 non
980 853 1046 910 tam
1065 840 1182 910 faciles
1198 861 1302 908 aures
1317 835 1444 928 praebere
1475 877 1476 924 3

207 928 478 1008 accusatoribus,
498 951 608 1016 neque
631 953 709 1000 cum
730 931 879 1018 primum
906 929 1114 1011 audiissetis,
1135 943 1202 998 tam
1225 931 1296 996 cito
1318 925 1446 995 conlem—
1475 937 1476 948 ¹

208 1039 301 1096 nare,
321 1018 377 1087 sed
396 1017 566 1087 ambobus
584 1020 680 1108 prius
704 1019 844 1100 auditis,
871 1018 995 1087 deinde
1018 1018 1105 1087 ferre
1136 1017 1339 1086 seutentiam
1357 1039 1364 1094 ;
1385 1027 1409 1081 et
1427 1013 1444 1074 n
1474 1061 1476 1078 ,

209 1105 429 1208 menifestum
447 1106 587 1194 quidem
607 1108 751 1177 extiterit
772 1130 826 1176 me
851 1107 929 1176 talia
955 1107 1087 1188 fecisse,
1116 1107 1252 1194 justum
1278 1104 1368 1173 luam
1390 1122 1445 1186 sup·

208 1194 373 1284 plioium:
401 1196 454 1264 sin
480 1209 595 1264 autem
628 1201 710 1267 baec
730 1208 811 1266 sunt
835 1195 919 1266 salsa
947 1209 979 1265 et
1003 1209 1119 1287 aperta
1143 1194 1337 1272 calumnia,
1368 1211 1443 1260 uniii

208 1305 270 1373 pro
293 1283 456 1384 omnibus
474 1296 549 1386 peto
573 1285 731 1386 gratiam,
758 1298 796 1355 ut
825 1285 908 1354 baec
934 1285 1058 1355 mulier
1085 1283 1171 1353 nibil
1188 1305 1292 1374 grave
1317 1281 1444 1372 patiatur.

210 1393 271 1473 nec
287 1394 316 1441 si
340 1373 383 1441 de
403 1373 502 1444 nobis
531 1373 671 1460 quidem
697 1375 751 1443 liis
777 1375 893 1464 pejora
920 1373 1054 1443 dixerit.
1083 1373 1137 1444 Sic
1162 1374 1258 1442 enirn
1285 1382 1391 1441 nostia
1414 1365 1446 1434 tn

203 1461 314 1552 jubet,
341 1473 373 1532 et
389 1483 452 1532 nos
481 1461 773 1552 obtemperamus,
799 1475 835 1532 ut
860 1483 1039 1550 nunquam
1068 1461 1158 1531 mala
1193 1483 1257 1551 pro
1283 1459 1387 1534 malis,
1408 1458 1446 1522 sel

208 1561 326 1619 contra
343 1552 431 1620 bona
445 1551 566 1708 potius
596 1552 794 1622 reddamus.
821 1551 936 1639 Hujus
960 1552 1007 1620 rei
1028 1549 1140 1620 solum
1168 1551 1256 1618 mibi
1288 1549 1363 1618 dato
1390 1543 1445 1612 fidi—s

209 1639 441 1738 llutjusjuran
470 1661 501 1720 o,
532 1661 642 1728 neque
669 1663 758 1731 opus
783 1639 988 1710 babebimus
1013 1639 1095 1709 ullis
1117 1639 1345 1710 orationibus.
1371 1655 1435 1716 nequ

207 1711 559 1800 contradictionibus:
586 1730 643 1800 sed
665 1751 719 1802 res
752 1730 826 1820 ipsa
851 1744 966 1818 aperte
988 1729 1162 1810 ostendet,
1180 1739 1214 1796 et
1243 1726 1398 1797 facillime
1416 1733 1436 1786 ti

203 1815 413 1905 judicabunt
436 1814 539 1887 oculi.
562 1841 580 1884 i>

251 1905 270 1992 ξ
296 1907 376 1994 ,η
405 1909 487 1976 Cum
510 1907 559 1975 sic
587 1906 740 1989 dixisset,
773 1929 928 1978 seorsum
956 1905 1041 1975 dixit
1065 1905 1273 1975 llelantbiae
1295 1905 1392 1994 (nam
1410 1895 1442 1965 il:

208 2014 345 2082 quoque
370 2015 532 2084 praesens
556 1994 700 2086 aderat):
721 1996 898 2066 «Etiamsi
918 1995 993 2064 fieri
1014 1995 1132 2084 possit,
1161 2007 1200 2064 ut
1212 2015 1337 2064 omnes
1359 1989 1441 2058 lateat:

209 2093 243 2151 at
266 2094 361 2183 tuam
384 2103 451 2152 non
481 2083 598 2154 latebit
621 2085 763 2154 omnino
790 2083 1048 2154 conscientiam.
1077 2088 1122 2153 Ne
1149 2103 1232 2173 ergo
1260 2084 1394 2173 teipsam
1418 2095 1443 2136 n-

207 2169 321 2242 dearis
344 2191 513 2261 ignorare,
541 2185 574 2242 et
597 2173 733 2243 divinos
756 2173 927 2264 despicias
959 2172 1089 2252 oculos,
1115 2171 1176 2258 qui
1200 2174 1322 2242 omnia
1353 2165 1441 2258 rident.

205 2271 241 2348 ¹et
260 2260 352 2348 juste
377 2260 527 2348 puniunt
542 2261 767 2332 calumniam.
788 2285 806 2330 n
831 2267 913 2332 Cum
933 2283 1010 2332 vero
1026 2260 1112 2330 nibil
1128 2259 1266 2331 cederet
1287 2255 1442 2329 blelantba,

210 2367 320 2447 neque
337 2347 379 2416 de
397 2349 611 2450 impudentia
635 2351 768 2438 aliquid
794 2352 989 2432 remitteret,
1008 2349 1106 2436 jubet
1119 2349 1233 2419 statim
1265 2345 1396 2440 produci
1407 2359 1443 2434 an·
1475 2387 1476 2391 =

209 2435 339 2518 cillam,
358 2457 462 2523 quam
489 2436 624 2509 dicebat
653 2440 834 2510 Melanthia
865 2439 970 2508 luisse
1001 2451 1119 2508 testem
1155 2438 1349 2508 violentiae.
1372 2439 1444 2526 lusit

137 2603 140 2609 ,
210 2537 323 2626 autem
339 2526 465 2626 vocari,
493 2547 560 2596 non
578 2541 719 2615 atquae
741 2551 818 2599 vera
834 2540 922 2598 esset
950 2527 1171 2598 testificatum
1200 2524 1441 2614 quomodoenin

208 2612 336 2683 ancilla
360 2615 537 2684 restitisset
560 2615 904 2706 dominumtuum
927 2615 1163 2686 abundantius
1200 2615 1317 2686 alsum
1340 2625 1444 2698 contu·

212 2715 360 2772 caretur:
387 2714 419 2773 et
444 2719 640 2775 cerneretur
668 2706 851 2776 llelantbia
886 2727 952 2775 nou
979 2704 1063 2786 sola,
1090 2704 1148 2774 sed
1174 2725 1258 2775 cum
1285 2703 1358 2773 aliis
1378 2701 1444 2766 insti·
1474 2737 1475 2740 =

211 2791 317 2890 tuisse
341 2791 559 2894 calumniari.
574 2797 674 2894 'Cum
701 2795 867 2887 producta
904 2807 993 2864 esset
1024 2815 1106 2894 ergo
1129 2793 1284 2875 ancilla,
1313 2804 1343 2862 et
1364 2785 1444 2854 volens

211 2879 371 2948 dominae
396 2882 599 2970 gratificari,
635 2905 701 2953 non
731 2884 888 2974 imperite
917 2882 1135 2953 mendacium
1162 2882 1343 2952 mendacio
1364 2884 1469 2955 conte-p

210 2978 363 3068 xeretg«
381 2973 442 3051 lle,
469 2970 612 3052 dicens,
639 2973 825 3043 sceleratus
854 2973 918 3042 iste
943 2993 1044 3062 saepe
1070 2971 1222 3042 tentavit.
1256 2967 1373 3042 Deinde
1392 2970 1468 3046 cot-l

212 3067 308 3155 sucta
327 3061 587 3159 intemperantia
603 3061 634 3130 ei
660 3062 842 3152 persuasit,
867 3074 907 3131 iit
930 3061 964 3130 in
983 3061 1093 3152 ipsam
1114 3081 1255 3148 quoque
1281 3059 1394 3128 fureret
1408 3047 1444 3144 tlt·
1466 3061 1468 3126 l

213 3166 342 3213 minam
358 3167 365 3212 :
384 3168 439 3215 cui
467 3149 593 3218 nolenti
615 3149 681 3218 vim
699 3151 872 3230 afferebat,
891 3149 1000 3219 donec
1025 3148 1084 3218 illa
1100 3147 1241 3236 quidem
1261 3146 1442 3226 exclamant
1463 3168 1467 3179 ·

212 3253 275 3323 ego
291 3245 404 3335 autem
422 3257 500 3304 cum
523 3239 756 3320 accessissem,
775 3252 807 3308 ct
823 3239 909 3308 alias
929 3259 1121 3308 evocassem
1139 3258 1334 3316 conservas,
1352 3243 1436 3326 uturp

213 3337 337 3391 conatu
367 3344 418 3392 vtx
443 3347 521 3425 rum
550 3327 803 3416 prohibuimus.
835 3335 926 3410 Quas
954 3327 982 3397 si
1013 3326 1121 3395 velitis
1153 3347 1337 3406 accersere,
1364 3327 1442 3388 scietis

212 3431 315 3512 quam
337 3411 454 3501 pulcre
468 3434 522 3494 iis,
542 3437 630 3503 quae
647 3439 665 3486 a
682 3417 920 3496 medicuutur,
937 3415 1162 3484 concinant.»
1179 3419 1277 3485 Tunc
1294 3406 1444 3483 Praefectus

212 3501 352 3600 quidem
372 3501 593 3572 acerbissime
608 3506 846 3587 conturbatus,
870 3503 1005 3594 probris
1021 3503 1200 3594 appetebat
1224 3500 1406 3593 Eugenium:
1423 3495 1443 3552 it

208 3609 281 3678 Jam
308 3602 422 3691 aperte
439 3591 638 3663 ostendebat
654 3617 690 3664 se
713 3617 787 3664 esse
814 3607 1061 3685 prorupturum
1087 3592 1129 3676 ad
1153 3605 1332 3669 tormenta,
1361 3589 1442 3668 upon

212 3677 302 3764 quod
323 3677 407 3764 nibil
426 3693 565 3750 restaret
581 3682 622 3751 ad
649 3705 722 3752 eain
745 3683 1027 3754 convincendam.
1048 3681 1111 3751 Illa
1127 3703 1204 3750 vero
1215 3681 1292 3771 (sed
1307 3689 1352 3748 est
1365 3683 1441 3758 attec-

213 3765 379 3866 dendum‚
409 3782 460 3839 est
482 3771 574 3838 enim
606 3772 728 3842 auditu
747 3771 904 3862 jucunda
933 3771 1108 3860 narratio),
1132 3775 1317 3862 «Tempus
1340 3751 1441 3856 cstdl·
1465 3787 1468 3812 ³

213 3875 305 3956 ⁰9⁰⁵!
335 3855 439 3956 libere
466 3857 603 3928 dicendi
631 3862 830 3930 veritatem:
863 3882 904 3929 ne
932 3860 974 3928 de
1009 3860 1082 3949 ipsa
1114 3859 1245 3928 dictum
1266 3851 1467 3937 mendacium¹

215 3965 361 4045 nimium
375 3959 574 4046 Jactaretur,
593 3961 625 4017 et
638 3949 821 4020 Christiani
839 3949 926 4018 male
942 3947 1100 4017 audirent
1116 3947 1208 4038 apud
1227 3923 1438 4030 Gentilesl,uld

214 4031 352 4103 faciti»
378 4038 515 4124 Cogitur
533 4051 669 4127 propter
687 4039 827 4108 nimiam
853 4037 1076 4107 accusatricis
1100 4035 1354 4126 inpudentiam,
1369 4033 1438 4092 enan
1467 4073 1471 4119 ς

214 4120 344 4223 aliquid
362 4119 470 4224 facere
493 4138 628 4225 praeter
644 4127 825 4196 honestum
847 4138 878 4197 et
893 4125 1073 4196 decorum:
1090 4137 1123 4194 et
1142 4147 1290 4214 superne
1306 4121 1436 4201 acceptat·
1468 4155 1471 4226 l

214 4209 402 4312 disrumpit
427 4223 592 4297 tunicam,
611 4228 643 4285 et
667 4237 746 4285 cuin
773 4215 940 4303 quasdam
968 4225 1080 4305 partes
1106 4235 1181 4284 iere
1208 4213 1295 4284 sacri
1317 4200 1438 4276 nudasse
1469 4227 1470 4246 a

214 4317 379 4399 corporis,
403 4303 551 4373 ostendit
569 4307 732 4374 omnibus
753 4327 788 4374 se
805 4325 878 4376 csse
903 4325 984 4374 sexu
1004 4316 1037 4372 et
1052 4325 1086 4372 re
1111 4323 1189 4372 vera
1218 4299 1395 4374 foeminam?
1417 4289 1436 4344 fl

216 4385 298 4455 dicit
322 4389 510 4460 Praefecto:
539 4415 556 4458 i<
584 4395 724 4462 Domine
755 4394 824 4478 mi,
857 4405 893 4465 tu
924 4391 1062 4481 quidem
1093 4413 1130 4462 es
1162 4413 1261 4463 meus
1287 4373 1434 4458 secundum
