2946 4798
229 291 294 354 tea
1299 287 1369 354 ott..
1389 289 1422 352 tt

333 541 574 606 aaar'tattttt
602 477 657 606 Sh.
686 541 913 606 ttaatttttttt
941 541 990 604 at
1014 539 1306 606 cottnssotttttt

184 743 473 845 llllllllllllll
515 743 580 845 tt
620 743 987 847 THEllPHthS
1030 742 1423 847 trtstttttttttttt

570 985 715 1034 AUCTORE
739 987 803 1034 stat.
830 987 1067 1045 ΙΕΤΔΡΗΒΔΕΤΕ,

483 1088 522 1134 ll'l'
546 1085 692 1136 assarna
716 1089 749 1136 ill
772 1089 889 1146 QUINTO
913 1089 996 1137 rotro
1020 1088 1156 1136 abolsu.

410 1265 615 1334 Martyrium
635 1261 770 1324 subtere
791 1281 880 1324 anno
901 1269 962 1322 835
975 1297 1014 1308 -
1034 1266 1232 1324 Palaestini.

228 1462 245 1548 ξ
270 1465 307 1532 Ι.
328 1465 372 1529 Er
397 1460 449 1536 iis.
471 1462 531 1548 qui
559 1483 618 1551 pro
643 1462 775 1532 Christo
789 1475 925 1532 certare
948 1462 1214 1542 constituerunt,
1233 1461 1294 1531 alii
1318 1459 1428 1557 quiden

186 1571 247 1639 pro
269 1549 390 1637 pietate
415 1549 633 1620 solummodo
657 1550 876 1621 decertarunt
900 1549 1066 1621 adversus
1085 1551 1248 1629 Gentiles,
1266 1551 1326 1637 qui
1348 1549 1430 1618 vindr-

182 1639 307 1707 cabant
330 1650 363 1708 et
388 1640 574 1709 tuebantur
595 1661 744 1709 errorem
771 1639 1038 1711 simulacrorum
1054 1663 1061 1722 ;
1079 1639 1139 1708 alii
1162 1654 1277 1709 autem
1306 1659 1363 1729 pro
1384 1636 1430 1704 tide

182 1726 381 1809 orthodoxa,
400 1727 565 1798 adversus
582 1729 793 1798 Christianos
817 1728 972 1817 quidem,
1000 1727 1058 1797 sed
1081 1751 1147 1798 non
1170 1749 1254 1798 sane
1280 1729 1313 1798 in
1332 1739 1428 1796 rectan

184 1815 285 1885 fidem
304 1816 454 1898 allectos,
475 1837 542 1885 non
562 1818 723 1898 minores,
740 1839 845 1904 quam
871 1817 933 1899 illi,
953 1817 1096 1888 sudores
1115 1817 1315 1888 subeuntes.
1332 1821 1429 1899 Quan-

183 1906 300 1975 obrem
331 1905 400 1975 illis
420 1927 556 1992 quoque
584 1920 666 1976 sunt
686 1928 785 1995 pares
809 1929 954 1976 coronas
978 1907 1166 1977 consecuti.
1187 1911 1339 1988 Quorum
1363 1925 1431 2000 unns

183 2006 244 2074 est,
263 1994 323 2080 qni
343 2016 436 2063 nunc
453 2007 503 2064 est
525 1994 623 2064 nobis
641 1995 838 2085 propositus
854 1995 993 2066 dicendi
1010 2008 1269 2087 argumentum,
1288 1993 1431 2064 mirabile

184 2081 241 2152 ille
258 2096 289 2152 et
310 2105 457 2172 magnus
473 2083 682 2165 Theodorus,
702 2084 745 2154 de
768 2107 837 2172 quo
861 2083 1038 2174 sigillatim
1057 2085 1214 2155 tractabit
1233 2077 1429 2153 oratio.'linn

185 2172 263 2241 tulit
286 2171 496 2253 Palaestina;
522 2173 642 2243 civitas
667 2185 780 2242 autem
806 2173 1011 2244 ierusalem.
1039 2174 1150 2262 Hujus
1175 2187 1290 2244 autem
1316 2171 1373 2240 viri
1390 2191 1431 2259 gr·

185 2260 296 2330 nerosi
319 2273 475 2349 parentes
501 2273 597 2331 notos
619 2261 781 2332 reddebat
804 2263 923 2352 pietas;
942 2262 1061 2350 eisque
1077 2284 1160 2353 opes
1177 2275 1276 2333 erant
1292 2273 1324 2331 et
1345 2257 1431 2328 lacul-

184 2362 279 2430 tates,
297 2371 337 2418 ex
362 2349 493 2418 dlrrlsto
519 2351 631 2420 vocari
655 2363 688 2421 et
708 2352 894 2421 nominari.
913 2356 959 2420 Er
979 2353 1108 2438 quibus
1132 2375 1210 2422 cum
1240 2353 1291 2420 vir
1319 2349 1370 2418 ille
1392 2369 1432 2416 sa·

183 2451 384 2508 cresanctus
409 2437 648 2529 germinasset,
699 2439 758 2510 uid
784 2461 872 2530 opus
891 2452 942 2510 est
967 2439 1092 2522 dicere,
1110 2453 1259 2528 quantas
1278 2439 1382 2509 statim
1401 2436 1433 2503 ab

185 2528 324 2597 ineunte
348 2539 455 2597 aetate
474 2527 612 2598 divitias
640 2463 799 2600 haliuerit
816 2528 1090 2630 intelligentiae?
1106 2527 1201 2598 ¹Nam
1235 2551 1315 2600 cnm
1343 2524 1432 2596 adhuc

182 2617 321 2703 quidem
348 2629 435 2686 esset
461 2637 558 2705 puer,
578 2637 645 2686 non
666 2631 739 2688 erat
762 2617 836 2702 ejus
860 2618 1054 2775 ingenium,
1072 2619 1173 2710 quale
1187 2631 1238 2688 est
1257 2633 1431 2708 puerorum

183 2719 220 2773 ut
239 2705 281 2775 ad
308 2727 412 2795 parva
442 2704 646 2795 adspiceret,
666 2720 704 2776 ut
730 2706 822 2777 ludis
853 2710 894 2776 de
910 2717 1080 2777 ectaretnr
1103 2719 1135 2776 et
1160 2708 1264 2778 rebus
1290 2704 1432 2798 ludicris:

182 2793 240 2862 sed
268 2815 438 2880 nusquam
471 2795 610 2882 quidem
639 2795 802 2866 libentius
828 2797 1028 2866 versabatur
1048 2796 1260 2876 Theodorus,
1286 2817 1383 2883 quarn
1410 2811 1433 2856 11

181 2882 320 2971 templis
338 2883 552 2954 venerandis.
571 2883 709 2954 Nullum
731 2897 804 2955 erat
822 2885 852 2954 ei
873 2885 1067 2974 jucundius
1086 2883 1336 2975 spectaculum,
1351 2899 1433 2969 quan

182 2971 222 3038 ad
245 2970 495 3059 pulcherrimos
510 2985 542 3042 et
560 2972 821 3044 honestissimos
839 2995 950 3043 mores
972 2974 1174 3056 intuentem,
1195 2974 1348 3063 seipsum
1364 2989 1435 3039 con·

184 3080 318 3146 ponere.
340 3059 440 3130 llulla
458 3082 493 3130 re
511 3063 621 3152 magis
638 3062 863 3154 gloriabatur,
879 3075 911 3132 et
928 3085 964 3132 se
990 3062 1173 3154 magnifice
1197 3057 1436 3148 circumspicio·

183 3149 250 3229 bat,
270 3169 374 3235 qnam
399 3150 492 3237 quod
510 3150 683 3221 videretur
697 3152 836 3221 obedire
863 3151 1075 3241 parentibus.
1095 3157 1133 3221 lit
1154 3161 1190 3220 ut
1206 3151 1313 3222 semel
1329 3151 1433 3219 dican.

183 3237 296 3308 statim
323 3237 365 3306 ab
391 3239 489 3308 initio
513 3241 672 3320 ostendit,
697 3241 786 3311 sicut
811 3240 948 3329 plantae
973 3262 1158 3330 generosae
1182 3263 1222 3309 ex
1249 3241 1359 3330 primo
1380 3255 1436 3325 get·

183 3327 287 3407 mine,
307 3325 502 3414 qualisnam
529 3341 617 3398 esset
642 3330 764 3399 virtute
788 3350 967 3399 evasurus.

226 3419 244 3504 ξ
271 3421 313 3487 ti.
342 3421 423 3485 Cum
446 3429 559 3486 autem
576 3418 648 3506 jam
675 3439 694 3488 a
720 3418 844 3508 puerili
861 3429 970 3488 aetate
988 3418 1175 3498 excederet,
1187 3417 1333 3506 jubetur
1354 3438 1372 3484 a
1393 3433 1435 3501 pt·

184 3506 338 3576 rentibus
363 3507 526 3576 ventitare
550 3505 592 3575 ad
614 3508 897 3577 Grammaticum.
918 3512 957 3576 Ut
978 3529 1055 3577 vero
1081 3527 1147 3576 non
1170 3506 1283 3576 solum
1310 3521 1435 3590 occupa·

184 3607 276 3664 retur
302 3597 336 3664 in
363 3593 571 3685 disciplinis,
590 3595 647 3664 sed
677 3597 778 3666 etiam
805 3595 1012 3666 formaretur
1040 3597 1081 3665 ad
1108 3597 1284 3676 virtutem,
1315 3593 1435 3664 traditor

181 3683 288 3752 (livini
307 3683 415 3753 Sabae
440 3686 658 3766 monasterio,
677 3685 861 3774 quemdam
885 3697 1065 3756 assecutus
1083 3684 1291 3786 magistrum
1317 3681 1434 3776 Presby-

183 3785 306 3853 terum,
329 3773 389 3860 qui
417 3785 499 3852 erat,
520 3773 675 3861 inquam,
697 3795 789 3843 unus
819 3795 859 3843 ex
887 3774 1044 3855 ecclesia,
1066 3785 1098 3844 et
1126 3772 1232 3844 simul
1256 3773 1389 3861 quidem
1410 3785 1433 3832 11

181 3861 338 3932 doctrina
361 3874 393 3931 et
418 3862 540 3932 virtute
562 3863 693 3952 primas
710 3874 792 3932 tnnc
811 3873 923 3952 partes
950 3862 1136 3932 obtinebat.
1157 3861 1314 3932 Habebat
1343 3871 1432 3952 auten

182 3951 319 4022 fratrem
337 3972 476 4038 quoque
495 3951 754 4041 Theophanem:
777 3952 849 4038 qui,
866 3951 958 4039 qnod
983 3952 1025 4021 ad
1051 3961 1195 4022 aetatem
1221 3951 1361 4038 quidem
1378 3956 1422 4016 11111

184 4055 249 4121 net,
272 4052 344 4110 erat
367 4040 480 4108 minor
512 4053 675 4130 ternpore,
702 4041 737 4109 in
771 4043 894 4110 virtute
925 4063 1004 4111 vero
1028 4041 1201 4110 secundas
1231 4039 1356 4110 habere
1384 4049 1431 4102 11111

182 4129 391 4212 sustinebat;
413 4140 445 4197 et
465 4127 568 4198 irater
584 4151 660 4198 esse
676 4128 809 4199 volebat
832 4151 900 4198 non
921 4141 990 4199 tam
1011 4151 1051 4200 ex
1071 4129 1188 4199 carnis
1212 4125 1430 4198 similitudine,

181 4239 284 4302 qnam
310 4239 350 4286 ex
374 4239 425 4299 eo,
445 4217 537 4304 quod
562 4218 648 4288 nibil
666 4217 818 4288 dillerret
842 4220 876 4287 in
896 4218 1038 4288 virtute:
1061 4217 1120 4288 sed
1145 4239 1165 4288 o
1191 4217 1295 4287 timos
1318 4214 1432 4285 imitans

183 4306 341 4392 pictores,
361 4305 403 4374 ad
423 4305 521 4375 illum
545 4317 719 4394 tamquam
745 4307 788 4376 ad
805 4307 1032 4398 archetypum
1049 4241 1225 4395 exemplar
1243 4304 1428 4402 intuebatur.

182 4403 215 4459 et
234 4405 400 4462 accurate·
417 4393 627 4465 imitabatur.
649 4403 754 4483 atque
783 4395 855 4464 illic
879 4397 1020 4484 quidem
1043 4396 1272 4467 versabantur
1293 4402 1429 4476 ultique}
