2994 4832
218 299 261 363 tto
529 316 567 360 nu
591 317 619 362 s.
646 311 772 360 annone
796 313 942 361 meatur.
970 313 1080 361 coion.
1314 295 1410 360 DEC.
1435 297 1454 358 f

173 401 276 470 aliam
303 401 337 468 in
355 398 507 468 confinio
530 398 760 486 Turingorum
780 409 812 468 et
835 396 1047 476 Sclavorum,
1071 396 1144 466 loco
1160 397 1218 483 qui
1237 396 1370 465 dicitur
1402 401 1457 466 Sa·

175 487 286 568 levelt;
313 508 461 574 quarum
492 485 586 576 prior
609 487 643 555 in
670 487 833 555 honorem
865 489 897 554 S.
929 484 1110 555 Alexandri
1144 485 1305 574 martyris
1331 499 1368 553 et
1404 507 1457 553 sex

175 577 321 646 fratrum
337 576 432 664 eJ'us:
459 595 619 660 sequens,
638 575 673 644 in
695 575 858 645 honorem
877 574 1044 664 principis
1058 574 1297 663 Apostolorum
1315 575 1364 643 ab
1384 575 1458 662 ipso

174 677 372 736 consecrata
395 675 457 733 est.
485 667 554 732 Has
579 663 762 735 structuris
785 675 817 732 et
844 663 1063 752 praediorum
1088 663 1286 753 sumptibus
1310 662 1461 732 abunde

173 755 311 834 ditatas,
330 751 372 823 ad
398 773 554 821 normam
572 753 870 842 sigebergensium
888 753 999 822 vivere
1015 752 1173 832 instituit,
1193 749 1357 820 adductis
1375 751 1459 820 illuc

173 841 328 932 ejusdem
355 841 510 910 coenobii
534 839 710 910 fratribus.
736 846 830 910 Tunc
856 840 996 911 demum
1032 861 1176 910 nomem
1199 841 1359 927 quinque
1393 841 1460 908 vir-

175 932 297 1023 ginum
313 929 535 1019 prudentium
553 928 698 1018 perfecte
713 930 898 1009 admissus,
922 950 989 998 non
1008 929 1042 997 in
1062 930 1149 1010 visu,
1170 929 1290 999 nonin
1312 927 1458 998 auditu.

175 1041 244 1096 non
263 1020 297 1087 in
323 1032 438 1109 gustu,
460 1039 527 1088 non
553 1019 588 1088 in
608 1017 764 1100 odoratu,
792 1039 858 1087 non
885 1018 918 1086 in
943 1031 1036 1088 tantu
1061 1018 1178 1107 sponsi
1206 1017 1385 1087 venientis
1416 1019 1463 1085 of-

175 1109 313 1179 tendere
337 1107 466 1197 dignus
485 1120 558 1176 erat
580 1107 726 1188 vultum,
755 1107 997 1196 persingulas
1022 1127 1144 1176 sensus
1171 1104 1370 1196 deputatis,
1407 1107 1462 1193 qui

177 1195 353 1288 perpetuis
366 1196 591 1278 orationibus
610 1196 736 1286 vigiliis
747 1209 779 1265 et
794 1195 1034 1284 eleemosynis,
1051 1195 1159 1286 digno
1175 1193 1334 1264 coelestis
1352 1196 1463 1285 Regis

144 1353 147 1358 .
175 1285 418 1376 conspectibus
437 1296 569 1365 ornatu,
596 1297 629 1354 et
652 1285 817 1354 virentem
843 1305 923 1352 eum
947 1297 979 1354 et
1003 1297 1175 1353 mortuum
1193 1283 1412 1352 excolerent.
1440 1287 1462 1351 0

178 1397 255 1446 vere
275 1374 366 1455 felix,
387 1374 601 1458 nimiumque
616 1372 707 1454 felix,
734 1374 793 1459 qui
810 1385 983 1442 tantorum
997 1372 1104 1442 fultus
1128 1372 1460 1442 intercessionibus.

178 1465 207 1533 si
231 1461 315 1551 quid
342 1484 401 1552 per
423 1462 578 1548 quinque
602 1483 725 1532 sensus
740 1461 953 1548 deliquisset,
976 1462 1074 1530 venia
1099 1474 1229 1552 poterat
1251 1459 1397 1531 aboleri
1416 1461 1430 1529 f
1450 1501 1462 1509 -

178 1553 248 1622 oili.
267 1551 372 1640 Cujus
387 1549 562 1620 dilectioni
582 1571 684 1637 quam
703 1550 810 1620 vicem
831 1550 977 1620 debeant
997 1550 1051 1620 sui
1068 1550 1213 1629 alumni,
1242 1569 1462 1640 magnopere

179 1640 328 1730 singulis
347 1638 541 1710 curandum
562 1651 630 1708 est:
657 1639 718 1726 qui
737 1651 826 1709 totus
844 1639 879 1707 in
905 1639 1002 1728 ipsis,
1029 1652 1067 1707 ut
1090 1639 1193 1707 unica
1215 1649 1325 1708 mater
1351 1641 1463 1708 unico

180 1729 335 1820 pendens
359 1729 393 1797 in
413 1727 495 1809 lilio,
525 1748 776 1814 nonnunquam
804 1728 958 1818 corporis
982 1726 1192 1798 debilitatem
1218 1726 1394 1798 sustinuit
1428 1750 1465 1796 ex

179 1817 430 1974 compapsione,
449 1837 518 1904 qua
535 1837 616 1907 erga
641 1815 718 1886 illos
741 1815 969 1902 afficiebatur;
986 1816 1079 1904 quod
1105 1837 1175 1885 uno
1199 1815 1282 1885 satis
1306 1815 1467 1886 elucebit

132 1961 135 1968 .
181 1927 276 1978 exem
317 1927 348 1975 o.

223 1929 342 2084 §ipit
368 1994 522 2064 Instabat
537 1992 724 2080 aliquando
740 1988 916 2063 Pascbafrs
931 1992 1008 2064 festi
1032 1992 1221 2084 singularis
1245 2003 1277 2061 et
1296 1993 1466 2083 jucunda

181 2083 373 2164 celebritas,
395 2096 428 2153 et
443 2082 699 2152 confluentibus
712 2082 886 2153 Coloniam
902 2103 969 2151 non
988 2081 1100 2151 solum
1118 2104 1158 2152 ex
1174 2081 1339 2150 omnibus
1354 2104 1467 2172 prope

183 2174 340 2244 Rhenum
357 2172 565 2253 civitatibus,
592 2171 699 2240 sedet
722 2171 764 2240 de
788 2171 1042 2250 transmarinis,
1067 2181 1099 2238 et
1123 2170 1237 2240 adhuc
1263 2173 1468 2240 remotiori-

183 2263 249 2332 bus
282 2261 468 2350 provinciis
499 2259 628 2347 absque
653 2281 798 2332 numero
834 2259 972 2350 populis
1002 2258 1045 2328 ad
1080 2260 1253 2328 nundinas
1283 2272 1353 2328 toto
1381 2261 1465 2330 orbe

182 2349 435 2430 celeberrimas,
464 2347 567 2418 fiebat
583 2361 621 2418 ut
636 2369 676 2418 ex
696 2349 770 2438 ipsa
786 2347 978 2436 frequentia
996 2348 1172 2450 geminum
1193 2346 1467 2419 coloniensibus

185 2439 381 2508 immineret
418 2435 621 2526 tripudium.
648 2441 796 2516 Verum,
826 2436 918 2525 quod
948 2437 1054 2525 hujus
1078 2435 1225 2506 laetitiae
1248 2435 1468 2525 pulcritudi-

184 2547 260 2596 nem
284 2547 408 2616 magna
440 2535 571 2614 poterat
599 2539 759 2614 exparte
783 2525 938 2606 fuscare,
966 2525 1149 2596 vehemens
1184 2524 1331 2594 febrium
1351 2527 1467 2628 ignis

184 2617 310 2685 invasit
332 2614 560 2770 Episcopum:
587 2613 647 2702 qui
664 2627 697 2686 et
712 2614 839 2684 decidit
859 2615 893 2684 in
919 2613 1058 2684 leotum.
1081 2618 1235 2702 Cumque
1262 2617 1469 2684 flaminicae

183 2723 310 2774 coenae
334 2704 408 2771 dres
432 2701 611 2784 fluxisset,
630 2715 663 2771 et
684 2704 756 2793 ipse
782 2703 946 2773 membris
970 2703 1135 2773 omnibus
1154 2702 1376 2792 defatigatus,
1407 2706 1470 2772 mi-

185 2791 365 2860 nisterium
383 2791 472 2859 sacri
497 2791 649 2860 mandati
674 2813 710 2860 se
735 2792 932 2882 desperaret
951 2791 1094 2880 implere
1122 2813 1233 2880 posse,
1260 2790 1352 2878 quod
1386 2815 1471 2883 spe-

185 2879 263 2949 ciali
282 2899 417 2968 semper
434 2879 611 2949 devotione
627 2901 690 2949 suo
716 2895 867 2970 tempore
883 2880 1099 2967 frequentare
1124 2880 1264 2959 solebat,
1291 2879 1412 2969 major
1432 2903 1471 2950 ex
1495 2897 1496 2972 g

179 2965 321 3036 'tristitia
347 2967 489 3036 morbus
513 2969 627 3038 cordis
645 2967 722 3056 ejus
742 2969 864 3038 intima
890 2970 1088 3058 penetravit.
1115 2970 1230 3059 Coepit
1246 2969 1338 3036 enirn
1358 2972 1471 3040 variis
1495 2975 1496 3049 l

187 3059 280 3126 intus
304 3069 461 3126 aestuare
494 3057 783 3146 cogitationibus,
809 3058 870 3145 qui
907 3057 990 3128 foris
1020 3057 1198 3128 aestuabat
1220 3055 1404 3126 febribus:
1440 3071 1473 3126 et

187 3165 280 3226 aurio
299 3145 452 3231 quidem,
481 3167 523 3214 ne
547 3143 662 3215 fructu
686 3156 753 3215 tam
773 3147 822 3237 pii
848 3145 1040 3236 privaretur
1062 3146 1231 3234 obsequii,
1256 3144 1296 3214 ad
1327 3145 1365 3216 id
1394 3169 1475 3218 exe·

185 3235 363 3322 quendum
390 3233 502 3304 modis
521 3234 684 3304 omnibus
701 3256 842 3325 surgere
865 3235 1039 3306 delinivit:
1067 3255 1161 3304 nunc
1178 3255 1255 3304 vero
1284 3239 1474 3324 perpensis

185 3322 432 3394 imbecillitatis
456 3343 539 3392 suae
556 3324 699 3406 viribus,
722 3325 776 3393 vix
802 3324 844 3394 ad
867 3323 1018 3413 primum
1043 3337 1173 3394 neotum
1197 3321 1473 3396 sufficientibus

187 3413 350 3483 stultitiae-
364 3412 556 3502 proximum
569 3411 739 3498 judicavit
751 3413 784 3482 id
800 3414 919 3482 conari
933 3412 1028 3493 velle,
1068 3411 1149 3493 uod,
1164 3411 1471 3485 nullodubitante.

188 3502 382 3572 facultatem
408 3500 595 3570 excederet.
615 3507 685 3572 Hoc
702 3502 840 3591 gemino
852 3501 965 3570 cordis
985 3433 1149 3570 conilictu
1164 3500 1219 3570 die
1242 3513 1474 3591 consumpto.
1494 3527 1495 3576 t

186 3591 303 3660 aderat
320 3589 416 3672 hora,
442 3610 512 3676 qua
539 3593 608 3660 Rex
637 3611 809 3671 summus,
838 3591 1065 3661 trementibus
1099 3588 1253 3680 Angelis,
1284 3611 1474 3660 serrorum

189 3678 329 3768 vestigia
355 3690 484 3767 petens,
511 3678 720 3749 humilitatis
743 3702 825 3750 suae
848 3677 1044 3768 exemplum
1075 3678 1174 3748 laetis
1197 3688 1230 3747 et
1252 3677 1355 3748 dictis
1384 3678 1495 3748 fide-l

189 3766 282 3836 libus
298 3767 372 3836 suis
388 3767 542 3859 ingessit.
559 3768 654 3851 Quod
674 3769 756 3858 pius
765 3769 816 3837 vir
833 3767 955 3838 intimo
973 3768 1098 3836 mentis
1110 3766 1211 3837 oculo
1223 3766 1471 3839 considerans.

189 3855 223 3924 in
258 3855 443 3934 maximam
468 3853 686 3926 afflictionem
717 3856 856 3938 incidit,
883 3855 967 3925 dum
1001 3857 1116 3927 timuit
1140 3856 1182 3925 ab
1220 3857 1296 3945 eJus
1327 3855 1477 3925 excludi

189 3943 371 4024 consortio,
399 3966 502 4032 quem
532 3945 566 4013 in
593 3945 657 4014 hoc
680 3944 768 4015 facto
793 3966 860 4014 non
894 3945 1087 4015 imitaretur
1116 3958 1149 4015 et
1173 3943 1346 4014 infirmus.
1380 3949 1476 4012 Turn

193 4051 271 4100 reso
290 4043 380 4102 totus
396 4032 568 4102 versusad
596 4053 726 4123 preces,
748 4034 844 4124 petiit
863 4047 900 4102 ut
923 4033 1079 4104 omnium
1097 4033 1348 4113 Dominusoui
1370 4053 1476 4121 prae-

190 4132 242 4190 sto
258 4132 320 4200 est,
347 4143 426 4191 cum
449 4121 603 4203 voluerit,
633 4143 750 4211 posse,
779 4125 853 4193 suis
877 4122 997 4192 adesse
1027 4122 1228 4212 dignaretur
1258 4119 1473 4195 desideriis,

190 4209 363 4278 concessis
388 4209 530 4289 viribus,
554 4231 648 4308 ¹quas
673 4213 815 4280 intentio
841 4211 896 4301 pia
926 4210 1071 4300 supplex
1104 4211 1273 4312 exigeret:
1301 4207 1476 4305 praemis·

192 4315 298 4392 soque
323 4316 438 4382 puero,
465 4297 631 4372 fratribus
651 4299 852 4368 mandatum
870 4299 1004 4380 direxit,
1023 4312 1061 4370 ut
1079 4299 1282 4370 brevissimo
1302 4313 1477 4384 temporis

195 4382 384 4462 mtervallo,
411 4406 457 4463 se,
489 4385 564 4454 sine
590 4385 696 4458 dubio
717 4399 913 4468 venturum,
941 4388 1159 4458 sustinerent.
1194 4387 1265 4459 lllis
1289 4385 1478 4476 inopinato
