2932 4812
9 311 77 374 tttlt'.
105 311 143 374 ut
324 329 363 376 ur
387 329 416 376 s.
443 329 617 378 srivssmo
642 331 722 376 rara
745 332 783 378 ar
807 331 955 380 coursss.
1053 387 1055 390 ,
1171 315 1228 379 out

9 411 73 480 licit
98 413 207 482 etiam
226 437 235 480 ι
257 415 357 484 Sedes
385 423 445 483 tuo
467 419 554 484 Deus
578 417 615 484 io
639 419 752 484 seculo
775 415 845 504 (Pr.
864 415 933 504 tt).
960 415 1130 487 Praedicit
1159 429 1276 488 autem

9 501 66 585 rius
90 521 237 591 quoque
262 503 297 571 in
326 504 486 572 extremis
514 504 729 593 temporibus
753 504 1020 594 generationem,
1037 518 1176 594 propter
1201 529 1277 596 my-

9 591 135 659 terium
161 602 348 680 susceptae
371 592 486 661 carnis
510 591 790 680 dispensationis.
818 593 1047 675 Quamobrem
1074 594 1274 685 subjungit:

9 681 99 747 lilius
126 701 226 748 maus
252 703 285 748 es
307 691 369 748 tu:
395 704 455 770 epo
487 681 583 751 bodie
606 683 712 771 penui
739 690 781 751 te.
811 687 870 751 Per
894 681 958 752 lroc
986 683 1139 769 quidem,
1162 687 1275 754 Filios

9 789 82 836 oeus
97 789 131 836 es
148 778 199 848 to,
223 769 390 856 temporis
405 783 575 858 expertem
601 781 634 838 et
652 783 806 856 quaeest
822 782 900 840 ante
916 773 1045 852 secula,
1068 772 1275 872 significans

9 857 268 942 generationem.
290 862 352 926 Per
377 858 440 927 hoc
464 871 591 939 autem,
609 863 679 948 Epo
700 859 797 928 bodio
819 863 925 949 penui
943 871 985 942 te,
1013 859 1211 930 infertorem
1240 877 1273 933 et

9 965 65 1011 eam
82 967 171 1032 quae
188 959 245 1016 est
261 947 327 1016 sub
345 959 508 1035 ternpore.
527 951 596 1016 Hoc
620 960 748 1027 autem,
770 953 839 1039 Epo
864 950 962 1018 tortia
984 953 1090 1039 penui
1104 960 1145 1031 to,
1167 950 1275 1022 iutro-

9 1031 134 1102 luotum
158 1047 213 1104 est
239 1057 261 1104 a
280 1035 458 1124 Propheta,
477 1035 676 1110 ostendente
697 1050 841 1126 patrem,
859 1058 936 1106 eam
957 1059 1094 1124 quoque
1109 1060 1198 1126 quae
1219 1040 1275 1108 in-

9 1118 201 1192 eriusl’ncta
227 1136 281 1194 est
296 1126 563 1214 generationem,
587 1139 761 1212 tamquam
781 1127 956 1215 propriam
981 1127 1049 1196 sibi
1073 1129 1271 1209 attribuere,

9 1223 133 1295 atquae
157 1211 261 1282 illius
287 1213 459 1283 voluntate
475 1212 564 1282 lacta
583 1214 638 1283 sit.
1221 1253 1224 1260 ⁴

47 1299 154 1382 §2⁰-
171 1324 192 1368 «
211 1304 311 1384 Quod
328 1314 443 1372 autern
461 1315 571 1371 vestra
587 1301 762 1392 Scriptura
781 1302 930 1391 Spiritus
946 1325 1084 1392 quoque
1100 1305 1271 1384 meminit,

9 1383 86 1454 idem
108 1390 283 1479 Propheta
309 1390 412 1460 David
440 1402 593 1471 testatur,
611 1391 751 1462 dicens:
775 1393 875 1461 Verbo
895 1395 1027 1462 Domini
1041 1397 1126 1464 coeli
1142 1397 1280 1493 firuroti.

9 1485 81 1570 root,
101 1489 130 1545 et
158 1481 289 1579 spirito
314 1482 382 1548 oris
409 1483 481 1572 ejus
510 1483 616 1550 omnis
635 1482 743 1548 uirtus
768 1503 883 1550 eorum
909 1480 978 1570 (Ps.
1008 1482 1075 1571 32).
1108 1487 1170 1552 llic
1190 1505 1273 1574 ergo

9 1573 98 1630 trium
123 1565 205 1637 saort
232 1567 455 1652 mentionem,
474 1568 593 1650 Patris,
613 1570 769 1656 inquam,
786 1583 819 1639 et
842 1568 930 1650 Filii,
949 1591 1051 1656 quem
1076 1585 1170 1642 vocat
1190 1578 1271 1642 Ver-

9 1648 89 1730 bum,
112 1667 253 1746 propter
270 1679 457 1746 supernam
474 1659 741 1747 generationem,
760 1679 834 1727 eam
859 1658 1045 1728 ostendeus
1065 1681 1140 1730 esse
1160 1661 1271 1751 impa-

9 1737 137 1823 tibilem,
157 1758 190 1815 et
221 1747 340 1816 Sancti
372 1747 531 1835 Spiritus.
559 1752 661 1816 Porro
688 1759 803 1816 autem
828 1745 911 1815 alibi
943 1769 1082 1836 quoque
1113 1751 1272 1820 meminit

9 1827 151 1912 Spiritus,
168 1836 339 1924 Spiritum
357 1847 451 1904 tuom
466 1838 638 1916 Sanctum,
654 1835 784 1917 diceuS,
800 1858 841 1904 nc
857 1839 996 1925 ooscros
1013 1861 1035 1906 o
1048 1861 1101 1908 me
1114 1841 1182 1917 (Ps.
1199 1840 1268 1928 50).

11 1917 43 2009 lt
69 1939 208 1992 rursus:
238 1928 309 2006 Quo
325 1925 377 1992 ibo
400 1948 424 1994 o
446 1926 577 2014 Spiritu
601 1927 687 1994 too?
704 1929 773 2008 (Pr.
793 1924 889 2014 t38);
917 1925 978 2011 qui
1001 1939 1051 1996 est
1077 1927 1218 2008 scilicet,
1240 1942 1272 1997 et

13 2005 113 2091 ruptor
131 2011 308 2083 universa.
331 2016 370 2082 Et
388 2035 530 2084 rursus:
548 2016 688 2082 Emittes
701 2016 867 2104 Spiritum
892 2025 999 2095 taoni,
1019 2025 1051 2083 et
1067 2017 1271 2086 creabuntur

10 2094 68 2187 tls.
86 2099 173 2183 toa).
199 2105 250 2170 An
276 2123 347 2173 non
368 2102 455 2184 ,hoec
479 2100 571 2172 diota
595 2113 676 2172 suut
702 2125 722 2172 a
749 2102 865 2172 divino
892 2103 1043 2172 Davidel
1065 2109 1137 2174 lton
1164 2109 1271 2176 Moses

13 2190 99 2250 etiarn
113 2189 171 2271 qui
186 2193 297 2259 Deum
316 2189 409 2270 vidit,
428 2190 462 2258 in
485 2190 572 2260 libro
587 2193 728 2260 Genesis
748 2195 853 2260 lteum
881 2192 1068 2262 introducit
1084 2193 1267 2274 dicentem,

18 2269 173 2346 l'oct'omus
197 2279 367 2348 bominem
385 2281 429 2348 od
453 2282 636 2370 imaginem
657 2289 687 2348 et
702 2281 960 2349 similitudinem
979 2283 1158 2351 nostrum?
1187 2287 1268 2350 Cum

19 2372 76 2450 quo
93 2380 163 2452 ergo
186 2366 364 2438 disserens
389 2379 440 2438 est
464 2373 553 2437 Deus
578 2368 807 2449 introductus,
835 2369 863 2437 si
889 2390 957 2438 non
984 2370 1173 2440 dixerimus
1196 2392 1271 2442 esse

17 2439 115 2546 allatu,
131 2475 211 2524 oum
236 2478 308 2542 qua
334 2456 547 2542 loquebatur,
577 2461 783 2546 personam?
806 2461 876 2526 lton
905 2458 968 2526 lroc
992 2471 1106 2528 autem
1127 2459 1270 2528 omnino

17 2527 120 2606 duent
145 2546 320 2634 quispiam
347 2545 479 2616 dictum
504 2567 579 2616 esse
602 2545 645 2614 ad
671 2546 811 2616 virtutes
840 2546 1012 2617 coelestes.
1040 2547 1130 2617 Illud
1161 2548 1267 2628 enim,

16 2621 58 2718 ld
74 2625 248 2718 inopinam
276 2644 436 2714 nostrum,
465 2657 532 2704 non
558 2635 714 2704 concedit
739 2633 804 2703 tale
830 2634 913 2720 quid
939 2637 1093 2724 cogitari.
1122 2639 1194 2706 Non
1219 2651 1270 2706 est

16 2723 94 2780 curm
116 2719 231 2792 eadem
258 2723 374 2811 imago
397 2735 430 2793 et
458 2722 650 2792 similitudo
684 2723 740 2792 Dei
776 2737 808 2792 et
836 2722 1068 2814 angelorum:
1103 2725 1268 2812 quoniam

17 2813 72 2864 uon
93 2818 142 2874 est
162 2810 281 2880 eadem
307 2825 441 2881 natura.
462 2813 660 2882 Necessario
674 2833 756 2900 ergo
776 2813 945 2899 sequitur,
961 2813 1069 2882 alium
1085 2835 1160 2884 esse
1174 2836 1266 2895 eum,

16 2903 82 2984 tunt
104 2913 167 2976 quo
190 2899 393 2982 disserebat,
417 2911 455 2970 ut
478 2902 538 2986 qui
566 2902 610 2970 sit
633 2898 787 2986 ejusdem
813 2923 893 2970 oum
920 2901 979 2971 illo
1004 2916 1147 2972 naturae
1166 2914 1198 2972 et
1222 2901 1268 2974 si-

18 2973 213 3080 militudinis,
247 2987 311 3070 vel,
342 3001 396 3058 ut.
413 2991 523 3090 magis
549 2989 685 3080 proprie
708 2989 845 3069 dicam,
873 2989 1072 3060 identitatis.
1099 2992 1267 3074 Quisnam

18 3073 113 3162 autem
136 3093 164 3140 ts
182 3077 372 3147 existimari
389 3092 507 3167 possit,
532 3079 598 3147 nisi
622 3077 741 3158 Filius,
765 3078 825 3165 qni
842 3090 892 3148 est
911 3079 1065 3168 ejusdcm
1084 3082 1264 3161 essentiae,
1364 3165 1368 3172 .

19 3145 127 3248 gloriae
140 3172 171 3230 et
188 3167 368 3252 potentiae,
387 3179 420 3236 et
440 3179 477 3236 ut
491 3167 597 3237 semel
612 3167 738 3248 dicam,
758 3167 872 3256 imago
889 3169 998 3238 Patris
1016 3169 1268 3242 immutabilis?

19 3235 166 3335 littttluam
191 3273 272 3344 ergo
298 3255 375 3324 novi
400 3277 523 3326 sumus
542 3255 685 3346 opinati,
705 3255 765 3342 qui
786 3255 1005 3328 decernimus
1020 3279 1093 3328 esse
1118 3265 1264 3341 Patrem,

22 3317 126 3412 lilium
148 3349 179 3408 et
202 3344 396 3433 Spiritum?
423 3349 461 3413 ut
489 3346 518 3415 si
551 3344 740 3434 gentilibus
766 3343 849 3415 haec
873 3367 948 3416 esse
972 3346 1188 3417 incredibilia
1218 3348 1267 3416 vi-

22 3423 145 3491 deantur
162 3441 195 3498 et
215 3431 345 3512 inania,
369 3453 437 3503 non
463 3446 514 3503 est
533 3455 685 3503 novum:
722 3435 885 3520 quoniam
924 3434 975 3506 illi
1009 3437 1135 3506 nostris
1168 3434 1267 3507 libris

24 3513 76 3598 ¹¹⁰9
101 3525 176 3612 suut
198 3518 333 3592 imbuti.
363 3522 466 3591 Vobis
496 3535 610 3592 autem
636 3521 810 3610 quomodo
836 3523 918 3594 haec
944 3537 1109 3613 putentur
1134 3524 1264 3607 inania,

23 3602 69 3665 llll
90 3593 274 3698 diurnorum
299 3610 548 3700 Prophetarum
574 3632 673 3682 voces
704 3611 940 3682 meditamini:
968 3636 1115 3704 quorum
1147 3612 1266 3685 nullus

25 3689 72 3784 ⁶⁵¹3
87 3703 139 3770 lui
161 3691 201 3763 de
225 3702 398 3769 Servatore
421 3721 489 3769 nou
516 3701 823 3788 pronunciaverit?
849 3725 866 3768 u
1256 3756 1260 3765 .

39 3767 73 3852 ,ἓ
95 3777 160 3878 ²¹¹.
176 3787 256 3856 Cum
281 3801 395 3858 autem
421 3788 561 3858 divinus
586 3802 682 3878 pater
714 3803 868 3880 pergeret
891 3790 1006 3861 adbuc
1029 3791 1163 3872 dicere,
1191 3812 1266 3860 ora-

27 3855 130 3930 tionem
153 3881 404 3966 interrumpens
423 3883 624 3967 Imperator,
644 3877 728 3948 dicit
743 3879 896 3949 ludaeis:
917 3902 935 3944 a
953 3880 1047 3949 Dicta
1061 3901 1149 3967 quae
1165 3879 1266 3948 nobis

30 3951 178 4084 RfflPOStut
200 3965 373 4054 Scriptura
396 3977 428 4035 et
451 3967 664 4057 Episcopus,
696 3967 874 4050 oJudaei,
902 3968 1004 4048 itane,
1033 3981 1072 4036 ut
1099 3968 1202 4046 dixit,
1229 3987 1266 4036 se

49 4025 131 4118 lbssssl
150 4063 184 4112 m
200 4067 308 4124 vestra
331 4075 468 4142 quoque
488 4058 717 4146 scripturat»
736 4055 790 4126 Illi
815 4069 951 4128 autem:
971 4061 1058 4155 ulta¹
1072 4079 1108 4125 se
1123 4055 1263 4156 habent,

52 4128 171 4212 uerunt,
190 4146 432 4238 otlmperator.
456 4168 473 4212 »
497 4183 541 4193 -
565 4151 699 4236 «Ergo,
726 4143 831 4233 quod,
859 4145 982 4232 inquit,
1000 4143 1176 4215 attracted
1194 4149 1265 4212 Tri-

35 4211 155 4296 nitatem,
181 4227 262 4298 milri
289 4229 452 4302 videmini
477 4233 579 4315 vinci,
599 4247 632 4303 et
654 4233 737 4304 dare
768 4234 936 4320 Sylvestro
960 4233 1133 4304 calculum
1160 4233 1265 4302 victo·

36 4299 98 4360 ”³9-
111 4321 125 4362 l
137 4342 176 4358 “
188 4335 204 4378 «
217 4321 300 4399 Nou,
316 4319 346 4388 si
358 4341 421 4392 nos
434 4343 572 4409 quoque
586 4323 629 4391 ed
647 4323 731 4393 haec
750 4323 991 4412 objecerimus,
1013 4344 1033 4390 o
1050 4321 1178 4412 optime
1195 4327 1265 4392 Irn-

35 4385 157 4472 lffllffl,
180 4422 263 4488 quae
287 4409 517 4481 contradicere
534 4412 759 4501 potuerimus,
776 4433 850 4484 esse
862 4411 1078 4500 judicabitur
1096 4411 1265 4501 sylvester

33 4661 73 4788 't
