3046 4838
83 277 150 343 llic.
174 280 187 344 t
488 302 533 350 ns
556 303 583 351 s.
604 302 707 352 sucro
729 303 780 350 nr.
804 301 937 351 norror.
1282 285 1303 348 9
1398 351 1404 366 .

84 379 257 470 inpleverat
278 383 521 470 cubiculum,
547 399 584 458 ut
605 389 706 459 etiam
725 388 798 474 ipse
815 387 869 457 vix
892 385 941 456 ibi
958 384 1145 456 subsistere
1168 384 1344 488 quivisset.

85 473 160 569 lunc
181 493 307 544 mernor
330 496 427 545 suae
450 478 639 566 petitionis
660 477 878 565 nimiumque
903 475 1094 566 largitatem
1112 473 1275 546 bonitatis
1290 476 1348 545 Dei

86 572 220 641 miratus,
237 562 343 634 altius
361 565 616 656 ingemiscens,
640 566 775 637 fidelem
793 566 1034 636 retributorem
1050 587 1090 635 er
1106 564 1227 636 intimo
1244 565 1347 636 corde

89 645 283 722 benedicebat
306 654 509 739 Christum,
527 657 585 745 qui
610 678 789 745 nunquam
806 654 1016 742 derelinquit
1035 668 1212 745 sperantes
1238 654 1271 724 in
1298 677 1344 726 se.

89 739 146 806 lloc
164 758 239 830 ergo
257 739 324 812 suit
349 743 497 816 initium
519 751 682 816 virtutum
703 745 790 836 ejus,
815 745 922 815 immo
938 743 1183 834 omnipotentis
1199 743 1268 824 ltei,
1288 765 1348 833 per

93 846 175 912 quem
192 851 307 900 omnes
332 834 462 904 omnia
485 848 639 925 possunt.
666 835 763 918 Quod
792 857 871 904 cum
907 833 957 902 vir
986 845 1127 905 sanctus
1146 832 1257 904 sodali
1282 855 1346 902 sno

94 915 240 1001 ludoico,
258 935 495 1012 cognomento
515 925 662 1004 badoni,
690 945 792 1012 quem
816 923 905 993 sicut
928 922 1080 992 animam
1102 945 1200 993 suam
1222 921 1345 1012 dilige·

97 1001 152 1104 hat,
168 1011 325 1081 secretius
343 1026 555 1094 enarrasset,
576 1013 727 1084 vicissim
746 1012 789 1082 ab
808 1033 848 1083 eo
861 1011 983 1102 exegit,
1004 1033 1057 1092 ne,
1076 1033 1257 1099 usquequo
1274 1012 1348 1100 ipsc

100 1115 128 1193 tn
144 1118 272 1187 corpore
290 1114 473 1184 maneret,
496 1101 616 1174 eadem
641 1102 804 1189 cuiquam
830 1100 1009 1170 indicaret.
1035 1104 1074 1170 dt
1102 1100 1159 1170 ille
1179 1102 1263 1171 haec
1287 1122 1347 1170 an-

101 1181 190 1266 dreas,
212 1190 320 1280 coepit
343 1193 513 1264 continuo
536 1192 653 1262 animo
674 1191 874 1281 compungi,
901 1190 1080 1280 coepitque
1100 1205 1228 1260 secreta
1252 1211 1347 1260 arca-

104 1293 204 1344 norum
226 1279 297 1368 eJus
323 1284 377 1350 vis
407 1281 578 1369 quaedam
604 1280 730 1350 interni
756 1281 884 1350 amoris
908 1279 1106 1349 accendere.
1132 1283 1278 1367 Jamque
1308 1300 1347 1348 ex

106 1360 164 1443 ¹1⁰⁰,
177 1369 290 1454 spretis
304 1369 416 1440 seculi
434 1369 691 1451 blandimentis,
708 1369 869 1460 cupiebat
881 1389 921 1438 cx
940 1368 1053 1439 studio
1068 1367 1216 1460 litigium
1230 1389 1347 1438 aemu-

109 1449 160 1521 lari
178 1453 214 1523 ad
238 1455 381 1528 bonurn.
413 1464 453 1529 Et
476 1460 584 1530 accito
603 1459 705 1530 etiarn
726 1479 890 1549 germano
917 1479 981 1529 suo
1002 1456 1117 1528 Adone
1144 1459 1177 1526 in
1203 1457 1347 1528 consilio

107 1547 255 1614 conmuni
269 1548 384 1638 (erant
407 1548 500 1618 enim
520 1548 583 1617 viri
611 1547 755 1637 inclyti,
781 1547 963 1637 optimates
986 1545 1108 1628 aulae,
1134 1546 1196 1616 filii
1218 1545 1349 1617 scilicet

110 1629 266 1724 lotharii);
290 1638 327 1706 hi
351 1659 447 1728 ergo,
470 1638 647 1706 communi
671 1637 787 1708 habito
811 1635 967 1717 consilio,
995 1649 1181 1726 coeperunt
1205 1635 1345 1716 imitari,

110 1737 180 1803 quae
199 1724 237 1794 ab
254 1725 364 1818 Eligio
383 1726 610 1818 gerebantur:
635 1737 774 1814 eratque
793 1724 842 1796 eis
867 1723 1035 1795 familiare
1053 1725 1288 1806 consortium,
1315 1740 1348 1795 et

111 1827 156 1878 cor
169 1831 262 1883 onum
280 1816 314 1886 in
337 1817 494 1896 Domino,
513 1827 615 1917 atque
630 1815 747 1884 anima
764 1836 845 1884 una.

29 1907 30 1912 ’
145 1899 160 1984 ᾗ
178 1904 217 1969 9.
240 1906 373 1975 Invenit
385 1927 466 1996 ergo
481 1904 612 1994 Eligrus
628 1905 772 1996 gratiam
787 1925 901 1972 coram
919 1906 996 1983 Deo,
1015 1911 1049 1972 ct
1062 1923 1177 1973 coram
1195 1903 1347 1994 Regibus

116 1989 301 2076 Francorum,
324 1993 546 2064 atterebatur
567 1994 599 2064 ei
617 1996 662 2064 ab
677 1993 840 2064 omnibus
858 1991 1103 2072 testimoninm,
1122 1993 1292 2062 intantum
1309 2007 1347 2061 ut

115 2077 252 2164 copiosam
273 2083 400 2154 molem
418 2083 550 2174 argenti
570 2095 602 2152 et
616 2083 693 2152 auri
716 2095 748 2152 et
771 2101 987 2240 gemmarum
1008 2079 1137 2168 absque
1153 2080 1226 2151 ulla
1242 2103 1347 2171 pensa

115 2171 219 2263 allega
239 2173 429 2263 acciperet:
456 2171 697 2259 crescebatque
722 2171 753 2239 ei
801 2191 887 2240 onor
909 2191 988 2239 cum
1015 2192 1140 2259 magno
1168 2169 1280 2240 lavore
1304 2171 1347 2240 de

116 2251 196 2326 drein
209 2261 306 2342 diem,
323 2276 358 2333 et
376 2261 472 2331 omni
491 2284 529 2331 ex
548 2274 642 2352 parte
661 2259 837 2351 probatus,
865 2258 1028 2328 vernabat
1043 2259 1075 2326 irr
1095 2257 1174 2330 aula
1191 2258 1344 2331 devotus.

118 2347 217 2418 hortm
233 2351 360 2421 interea
388 2350 533 2421 clotario
559 2354 648 2440 Rege
673 2354 893 2428 Francorum,
923 2347 1130 2438 Dagohertns
1158 2347 1252 2420 filius
1274 2350 1349 2440 ejus

119 2439 318 2510 monarchiam
336 2440 435 2530 regni
454 2439 549 2510 solus
565 2439 723 2510 obtinuit.
742 2441 848 2526 dquo
863 2435 993 2526 Eligius
1011 2449 1103 2506 tanta
1119 2437 1349 2509 familiaritate

117 2519 297 2623 hahitusest,
314 2543 352 2600 ut
377 2528 606 2619 plurimorum
631 2529 707 2618 ejus
730 2525 874 2596 felicitas
894 2526 1016 2616 ingens
1036 2527 1190 2617 gigneret
1213 2528 1344 2597 odium.

116 2613 259 2700 srquidem
274 2617 419 2688 oderant
433 2641 512 2688 enm
532 2617 638 2708 pravi,
657 2615 787 2707 quippe
810 2616 973 2703 quoniam
1000 2637 1207 2707 magnopere
1231 2616 1349 2687 oderat

117 2701 173 2801 ipse
192 2708 392 2796 snperbiam,
413 2706 578 2797 diligebat
593 2707 765 2776 veritatem
782 2728 790 2786 ;
816 2716 941 2774 etcum
962 2716 1050 2775 esset
1066 2717 1238 2788 strenuus,
1253 2706 1349 2796 jugis

116 2811 139 2858 er
158 2809 218 2866 erat
238 2811 352 2868 contra
378 2817 496 2866 eorum
522 2796 693 2866 vesaniam
717 2816 762 2884 pu
791 2815 844 2876 na,
865 2797 1139 2885 perpetuumque
1162 2809 1347 2866 certamen.

117 2881 166 2951 Sed
184 2884 270 2974 plane
284 2907 407 2956 omnes
423 2884 505 2955 honi
521 2884 619 2954 illum
638 2818 899 2954 admirabantur
921 2881 1170 2984 etndiligehant,
1189 2885 1270 2972 qnia
1288 2905 1349 2954 no-

118 2985 212 3042 verant
229 2974 429 3046 catholicam
447 2973 598 3044 hominis
614 2973 805 3054 scientiam,
827 2995 867 3042 ac
885 2984 1013 3061 patriae
1037 2971 1174 3044 coelesti
1200 2985 1348 3044 mentem

114 3057 216 3151 jugiter
238 3065 426 3142 intentam,
454 3083 657 3152 semperque
679 3062 813 3134 actibus
841 3061 940 3132 bonis
964 3075 1214 3152 praeparatam.
1238 3067 1350 3133 Secta-

118 3149 197 3220 hatur
209 3151 304 3253 igitur
320 3155 454 3244 jugiter
475 3151 697 3232 charitatem,
726 3151 1026 3222 mansuetudinem
1054 3161 1086 3220 et
1106 3149 1350 3242 longanimita-

35 3257 36 3260 ’
120 3249 181 3308 tem.
197 3241 352 3330 ltrligehat
375 3247 479 3312 neum
504 3263 543 3312 ex
561 3254 629 3311 toto
647 3239 760 3321 corde,
787 3261 828 3309 ex
847 3253 914 3310 tota
931 3239 1067 3320 anima,
1093 3252 1195 3327 atque
1218 3263 1258 3310 er
1282 3253 1351 3312 tota

35 3386 37 3395 .
120 3327 222 3400 virtute.
241 3335 465 3419 Eratquoque
481 3330 687 3418 tranquillus
704 3330 870 3410 moribus,
889 3341 921 3398 et
937 3350 1080 3399 serenus
1093 3328 1269 3418 adspectu.
1289 3333 1350 3400 Ge-

35 3478 39 3496 ,
121 3417 193 3518 rebat
208 3419 330 3492 vultum
350 3420 506 3511 planum,
527 3420 736 3492 moderatam
761 3419 922 3577 speciem,
948 3430 1115 3520 ornatum⁸
1134 3417 1347 3509 adspectum,

35 3508 38 3523 ¹
121 3519 241 3590 quletum
263 3531 416 3592 sensum,
443 3509 599 3580 animum
619 3511 758 3588 lactum,
803 3507 945 3578 umrlem
971 3530 1005 3576 sa
1035 3519 1187 3577 renuam.
1212 3512 1352 3598 Semper

36 3610 37 3617 ’
121 3615 199 3682 opera
213 3599 292 3668 bona
311 3598 412 3668 sactis
431 3596 594 3689 amplius,
613 3619 716 3684 quam
743 3597 854 3668 verbis
870 3530 1092 3667 ostendebat:
1118 3617 1246 3685 corpus
1261 3595 1352 3666 same

36 3701 37 3734 ³
122 3688 268 3778 castigans,
286 3688 461 3777 jejunium
484 3687 597 3777 potius
620 3709 724 3774 quam
742 3686 863 3778 epulas
882 3707 1015 3766 amane,
1033 3684 1202 3755 dolentem
1228 3706 1351 3756 conso-

36 3857 37 3871 *
122 3771 187 3854 lans,
200 3799 285 3867 spem
309 3799 409 3848 suam
431 3781 494 3846 Deo
511 3777 739 3857 committens
757 3775 901 3845 orationi
918 3774 1112 3861 lreqnenter
1130 3775 1349 3853 incumbens,

37 3883 40 3904 ³
123 3863 242 3952 nihilque
255 3868 366 3937 amori
391 3866 513 3936 Christi
532 3886 766 3955 praeponens:
792 3865 883 3952 quod
901 3863 1071 3943 credebat,
1093 3863 1240 3935 docens:
1257 3864 1349 3951 quod

122 3950 240 4036 docebat,
265 3957 418 4026 imitans.
438 3960 578 4045 Semper
594 3954 686 4023 enim
704 3966 782 4024 ante
797 3953 915 4024 oculos
934 3953 1009 4043 ejus
1033 3953 1106 4023 dies
1123 3953 1268 4024 ultimus
1281 3975 1351 4022 ver·

123 4040 248 4126 sabatur,
274 4065 478 4134 semperque
504 4065 602 4113 mens
626 4043 701 4132 ejus
728 4057 905 4133 praecepta
917 4041 1087 4120 ,coelestia
1109 4042 1349 4113 meditabatur.

123 4129 216 4200 thahat
232 4147 341 4202 autem
360 4132 565 4219 frequenter,
582 4133 665 4219 quia
689 4130 867 4212 didicerat,
893 4131 985 4220 quod
1003 4142 1133 4223 oportet
1151 4131 1225 4200 sine
1241 4153 1352 4200 cessa-

125 4215 190 4288 tione
209 4221 381 4292 Dominum
406 4243 536 4378 rogare.
563 4221 744 4321 Satagebat
766 4241 983 4311 magnopere,
1012 4243 1054 4290 ne
1079 4221 1254 4292 secundus
1278 4221 1354 4290 oui-

38 4387 39 4396 *
124 4325 199 4390 quarn
220 4310 248 4378 in
264 4309 428 4399 operibus
468 4311 544 4380 onis
569 4311 792 4380 inveniretur.
811 4314 889 4378 Erat
912 4309 1013 4378 etiam
1031 4330 1113 4397 erga
1132 4307 1281 4378 famulos
1297 4309 1352 4378 Dei

125 4393 194 4466 valde
206 4397 372 4470 humanus
396 4411 498 4488 atque
517 4398 703 4489 benignus.
732 4399 936 4495 charitatem
956 4419 1033 4467 vero
1053 4419 1157 4486 snper
1180 4397 1298 4465 omnia
1320 4409 1353 4466 et
