2960 4824
30 335 91 398 llll).
117 335 151 398 ld
374 353 412 398 na
436 351 464 399 s.
491 351 698 400 nasamone.
726 349 871 398 vaauen..
1152 335 1216 396 3:57

58 439 146 506 llll.
165 441 200 506 ln
217 436 391 526 ergastulo
409 436 573 528 epistolas
594 437 731 528 egregie
746 433 898 518 dictavit,
916 434 1045 522 quibus
1069 433 1259 504 llercellen·

25 548 86 604 sem,
104 525 347 607 Notarieusem,
370 526 699 628 Hypporegieusem,
718 530 960 596 Dertouensem
990 522 1125 594 Clarum
1151 529 1260 614 Popu-

25 616 135 700 lamqne
157 615 196 684 ad
221 635 324 684 omne
349 615 403 705 pie
418 615 544 773 agendi
561 615 715 685 studium
737 614 905 686 excitavit.

55 705 160 772 lllllll.
182 708 242 773 Pro
267 703 392 773 Christi
412 703 522 796 goria
549 705 592 774 ab
620 725 759 774 summo
782 701 979 772 scholarum
1004 701 1124 772 Palatii
1149 701 1260 792 gradu

21 791 51 858 ad
73 792 167 861 imum
193 813 302 879 usque
326 793 530 863 Arianorum
555 795 687 882 impetu
706 791 763 861 fur
808 805 858 862 ter
875 801 1040 880 raptatus,
1062 790 1260 862 verberibus

20 881 191 968 gravissime
219 902 365 964 caesus,
392 903 515 952 rursus
550 882 686 970 supinis
719 903 758 970 pe
823 903 890 962 us,
916 892 948 950 et
967 879 1099 970 junctis
1122 901 1141 948 a
1167 891 1261 970 tergo

21 968 163 1048 manibus,
193 981 339 1040 contuso
372 971 495 1060 eapite,
527 969 779 1056 confractisque
808 969 974 1040 memhris
1006 968 1048 1037 ad
1080 989 1259 1039 summum

21 1069 190 1144 pertractus,
210 1070 376 1148 perpetuo
397 1079 432 1130 se
456 1059 490 1127 in
517 1058 584 1128 lide
606 1057 732 1128 tuenda
757 1058 1023 1130 constantiorem
1043 1057 1212 1148 praebuit.

53 1149 174 1217 llllll.
194 1151 336 1228 lterum,
356 1169 396 1216 ae
413 1147 511 1218 tertio
530 1147 572 1216 ad
598 1147 771 1235 graviores
790 1167 917 1231 poenas
934 1145 1141 1216 amandetur
1163 1146 1259 1216 exsul

21 1235 46 1300 in
61 1236 306 1324 Cappadociam,
324 1249 356 1307 et
373 1236 562 1328 superioris
578 1237 720 1326 Aegypti
739 1236 856 1306 lebas.

55 1329 143 1396 llll.
177 1325 294 1396 llultis
331 1346 392 1415 pro
424 1325 547 1396 Christi
582 1325 691 1416 gloria
722 1323 903 1394 exantlatis
931 1323 1131 1406 laboribus,
1165 1345 1261 1416 prae·

20 1413 91 1481 clara
105 1415 177 1485 fidei
201 1413 419 1485 consessione
448 1411 585 1496 nobilis,
608 1414 651 1483 ah
674 1413 794 1485 exsilio
813 1425 887 1504 post
913 1427 1052 1482 mortem
1072 1413 1259 1483 Constantii

21 1515 177 1574 revocatur.

51 1595 127 1660 llll.
147 1597 240 1662 Tunc
258 1591 546 1682 triumphatorem
565 1613 667 1663 suum
689 1591 912 1662 Athanasium
931 1595 1103 1680 Aegyptus
1122 1590 1259 1680 recepit;

20 1689 79 1748 tune
100 1679 262 1751 Hilarium
290 1682 332 1750 de
359 1679 487 1771 proelio
518 1693 739 1750 revertentem
766 1679 954 1750 Galliarum
987 1679 1137 1748 Ecclesia
1167 1699 1262 1748 com-

22 1767 93 1852 plere
114 1784 179 1850 est;
198 1783 282 1840 tuuc
309 1771 342 1839 in
369 1769 479 1840 reditu
496 1769 632 1839 Eusebii
660 1769 824 1860 lugubres
850 1779 957 1836 vestes
983 1766 1078 1836 ltalia
1105 1769 1259 1836 mutavit.

52 1860 144 1928 llll.
163 1859 345 1940 Eusebius,
365 1859 461 1948 prius
480 1873 583 1944 quam
609 1859 644 1926 in
663 1859 795 1928 ltaliam
814 1857 1012 1948 appelleret,
1031 1877 1100 1944 quo
1125 1877 1178 1925 res
1200 1861 1261 1924 Ee-

20 1942 115 2016 clesiae
135 1948 315 2017 communi
339 1969 510 2016 consensu
527 1947 793 2038 corrigerentur,
816 1945 1054 2030 Alexandriam
1083 1945 1188 2034 petiit,
1207 1945 1260 2012 di-

22 2029 198 2122 ligenterque
213 2059 294 2106 eum
311 2036 493 2104 Athanasio
510 2035 552 2104 ad
574 2041 712 2106 lleereta
728 2035 869 2104 Concilii
885 2035 1023 2104 Nieaeni
1040 2032 1258 2112 stabilienda,

20 2119 49 2188 le
67 2124 205 2210 cogendo
230 2125 385 2196 Concilio
408 2123 488 2282 egit,
509 2147 549 2194 ac
572 2125 714 2194 demum
740 2136 856 2194 coacto
882 2122 1047 2192 interluit.

52 2213 158 2281 llxll.
179 2219 201 2282 A
222 2212 375 2284 Concilio
400 2212 626 2283 Aerandrino
644 2213 870 2292 Antioehlam,
886 2225 919 2281 et
940 2233 998 2300 per
1020 2221 1125 2280 totum
1143 2211 1261 2280 Orien-

23 2309 69 2366 tem
91 2301 127 2370 ad
152 2302 383 2374 restituendas
410 2301 581 2392 collapsas
609 2325 628 2371 a
652 2301 720 2371 fide
745 2301 912 2372 Ecclesiae
934 2305 1078 2392 legatus
1104 2301 1260 2380 mittitur,

21 2387 87 2468 nno
108 2403 137 2459 et
160 2392 192 2460 in
219 2392 403 2462 Occidente
430 2391 607 2482 praestitit.

53 2479 174 2550 llllll.
206 2483 378 2552 Eusebius
436 2493 525 2550 artes
552 2480 699 2551 Orientis
725 2499 804 2568 pera
832 2499 923 2560 rans,
949 2477 1104 2548 infirmos
1134 2479 1167 2546 in
1194 2475 1261 2544 llde

22 2579 102 2664 :astar
125 2570 328 2658 praestantis
349 2503 468 2638 Medici
488 2570 614 2660 pariter
637 2579 669 2638 et
693 2501 884 2638 Sacerciotis
909 2567 951 2636 ad
978 2569 1145 2656 integram
1173 2565 1261 2634 vale·

22 2651 145 2725 tudinem
162 2660 356 2740 restituens
376 2658 587 2729 Orthodoros
602 2679 722 2727 omnes
742 2656 784 2725 ad
801 2679 883 2726 suas
902 2670 1014 2747 partes
1031 2655 1257 2746 pertrahebat.

52 2745 168 2814 llllll.
196 2749 332 2817 ltaliam
358 2769 476 2818 versus
499 2747 582 2816 dum
601 2747 644 2816 ab
661 2745 780 2816 exsilio
802 2747 899 2829 redit,
919 2746 1097 2834 navigans,
1119 2743 1260 2812 navicu-

23 2827 99 2930 larios
120 2833 291 2906 doctrinae
310 2836 521 2906 Orthodoxae
551 2835 739 2926 praeceptis
769 2833 905 2904 erudire
935 2855 1127 2921 nunquam,
1157 2853 1198 2900 ne
1228 2832 1260 2899 in

24 2923 204 3008 {inrigatione
226 2925 383 3014 quidem,
409 2926 658 3015 praetermittit.

54 3009 153 3078 llll.
179 3017 285 3084 homa
302 3013 344 3082 ad
362 3013 533 3083 Liberium
551 3013 748 3084 Pontificem
767 3035 803 3082 se
820 3012 961 3092 conlert,
977 3013 1076 3100 eique
1100 3031 1179 3080 eum
1200 3013 1259 3078 lle*

22 3108 87 3163 creta
103 3101 235 3171 Concilii
253 3101 484 3184 Alexandrini,
505 3116 576 3172 turn
599 3101 800 3192 Symbolum
820 3103 1036 3194 Quicumque,
1061 3113 1123 3169 ete.
1142 3097 1256 3168 tradit.

24 3263 28 3273 ,
55 3187 170 3284 lllll.
193 3191 369 3261 Pontificio
390 3213 578 3281 congressu
602 3191 840 3270 confirmatus,
860 3211 899 3258 ac
927 3188 1105 3280 legatione
1131 3191 1260 3278 Lango-

24 3273 132 3426 htrgrac
147 3277 357 3359 honestatus,
380 3279 618 3352 benedictione
632 3293 782 3369 accepta,
803 3277 971 3348 Vercellas
996 3277 1162 3346 l'estinans
1179 3297 1261 3345 eou-

35 3377 63 3424 m
89 3377 118 3431 rt.

56 3451 187 3524 ttxttt.
219 3457 366 3538 Pareae,
403 3457 599 3544 Pastorique
633 3455 876 3532 sanctissime,
903 3455 1058 3524 omnium
1097 3454 1258 3522 virtutum

27 3529 100 3605 laude
118 3543 327 3615 nobilissimo
347 3545 528 3702 Episcopo,
555 3544 748 3614 Catholicae
775 3544 964 3634 Religionis
992 3543 1162 3614 delensori
1188 3563 1261 3632 per·-

28 3634 111 3717 lttuo.
128 3631 168 3700 ab
185 3634 306 3702 exsilio
327 3655 361 3702 re
387 3647 481 3703 eunti
501 3644 566 3702 tota
583 3633 703 3703 civitas
730 3633 952 3703 vercellensis
978 3631 1163 3702 immortali
1181 3651 1263 3722 gau-

27 3705 67 3777 tlto
79 3717 249 3792 exhilarata
269 3744 343 3792 sese
360 3722 495 3792 obviam
513 3721 645 3791 alludit.

58 3801 205 3902 llllllllll.
224 3810 354 3892 Clerus,
373 3809 593 3901 Populusque
617 3809 883 3880 llediolanensis
906 3831 945 3878 er
971 3809 1180 3878 sanctissimi
1200 3813 1264 3878 Eu-

32 3887 90 3988 ³tbtt
112 3895 224 3979 reditu,
244 3899 409 3970 omnihus
435 3899 571 3969 laetitiis
598 3901 770 3990 perfusus,
795 3911 827 3968 et
853 3898 972 3967 litteris
996 3912 1028 3966 et
1052 3897 1173 3988 legatis
1202 3919 1264 3986 pu-

34 3967 103 4046 llus
117 3998 149 4080 'et
167 3988 260 4056 omni
278 3987 390 4058 ollioio
409 3989 592 4058 maximam
618 3987 650 4056 ei
668 3987 932 4077 gratulationem
951 3987 1123 4069 exhibent,
1139 4007 1264 4074 eosque

37 4059 164 4172 Eusebius
181 4075 243 4146 hoe
259 4078 303 4147 ab
319 4099 354 4148 se
370 4075 494 4146 obnixe
515 4089 666 4166 petentes
683 4076 810 4148 invisit.

64 4153 175 4261 llllll.
201 4169 239 4233 Et
261 4164 415 4235 docendo
431 4177 463 4234 et
481 4163 698 4235 lueuhrando
722 4177 755 4234 et
779 4163 914 4252 agendo
935 4164 1111 4234 resarcivit
1135 4163 1262 4233 damna

39 4241 250 4342 ttdatnnenta
273 4275 362 4341 quae
377 4253 411 4322 in
433 4252 731 4324 turbulentissima
756 4253 959 4322 Arianorum
982 4265 1181 4343 tempestate
1206 4257 1262 4322 ln-

40 4325 121 4428 tthna
146 4340 346 4431 Liguriaque
373 4355 569 4434 acceperat;
607 4355 708 4429 atque
739 4341 904 4412 Auxentio
934 4344 1117 4434 praecipue
1141 4341 1265 4412 Ariane

42 4409 177 4496 ledrelani
197 4429 351 4500 lerociter
374 4431 539 4501 exultanti
558 4441 694 4501 strenue
712 4430 912 4501 adversatus
936 4444 996 4500 est.
