2960 4824
38 291 103 356 ott.
127 293 163 357 t3
365 311 402 356 or
426 311 453 357 s.
480 293 642 358 aurianae
666 311 716 356 ur.
745 307 899 356 canonae.
1163 295 1226 359 337

36 396 169 464 accersito
185 417 302 465 secum
326 395 422 464 beato
436 417 476 464 ac
493 393 682 465 venerabili
696 395 754 463 bei
767 392 897 464 cultore
916 394 1081 478 limando,
1100 418 1178 466 cum
1198 421 1271 468 ma-

36 505 84 572 gua
105 483 328 554 circumfusae
351 483 460 573 plebis
475 483 694 564 exultatione,
724 481 970 579 monasterium
989 482 1120 554 dictum
1137 485 1178 554 ad
1198 485 1271 556 lau-

35 573 91 640 den
113 574 255 655 Domini,
270 586 302 642 et
318 574 479 643 honorem
496 571 734 662 Apostolorum
761 571 847 640 Petri
864 583 897 640 et
913 571 1022 654 Pauli,
1045 576 1269 645 consecravit.

65 662 156 746 §tu
182 662 245 733 Sed
262 672 295 732 et
310 662 393 732 illud
412 661 699 752 praetereundum
719 681 785 729 non
812 661 966 740 aestimo,
993 662 1084 748 quod
1110 685 1190 734 cum
1213 685 1272 734 su·

34 748 1271 843 pernispiritusinrebushumanasollicitudineadministrandis,paucis,

32 849 56 904 et
68 837 126 908 illis
144 841 292 930 purioris
309 841 394 910 vitae
410 839 582 910 munditia
598 837 772 929 praeditis,
800 837 939 908 nonnisi
959 860 1018 928 per
1036 840 1195 924 visiones,
1214 854 1275 912 aut

31 925 154 998 obscura
172 930 335 1020 mysticae
353 929 496 999 visionis
512 928 707 1018 aenigmata
724 949 761 996 se
773 927 880 996 videri
898 929 1114 1016 permittent:
1134 931 1271 1001 beatum

30 1016 204 1087 lutbertum
231 1018 372 1108 angelos
394 1016 633 1107 corporalibus
657 1015 766 1086 oculis
791 1037 892 1104 saepe
917 1015 1060 1098 vidisse,
1090 1019 1188 1089 multi
1212 1042 1274 1089 au-

30 1102 154 1175 dierunt.
175 1107 271 1190 Quod
290 1107 416 1176 mirum
437 1106 664 1196 prudentibus
681 1105 789 1174 videri
808 1126 874 1174 non
893 1101 1003 1189 debet,
1019 1129 1099 1177 cum
1117 1110 1274 1179 internus

31 1195 135 1262 mentis
148 1197 306 1278 intuitus,
324 1196 476 1284 corporei
494 1193 677 1283 adspectus
694 1193 810 1264 lumen
832 1193 872 1262 ad
893 1195 1087 1282 spiritualia
1102 1197 1274 1267 cernenda

30 1281 219 1366 accenderat,
246 1306 350 1372 quem
375 1284 418 1353 ab
432 1283 564 1353 infimis
589 1284 692 1353 rebus
712 1283 820 1354 virtus
844 1283 1075 1355 continentiae
1090 1287 1271 1358 clauserat.

29 1373 134 1440 Rerum
154 1373 296 1462 quidem
315 1373 500 1444 necessitas
523 1373 679 1463 exigebat
703 1383 741 1442 ut
759 1370 965 1442 venerabilis
982 1384 1077 1462 pater
1091 1377 1275 1445 canonicos

28 1479 103 1541 suos,
124 1465 182 1550 qui
206 1462 354 1534 Atrebati
372 1461 389 1497 *
407 1463 443 1530 in
468 1462 587 1531 beatae
616 1461 739 1531 llariae
768 1461 975 1530 monasterio
1004 1461 1273 1545 famulabantur,

28 1548 207 1621 visitaturus
226 1551 324 1621 adire
342 1550 502 1620 deberet:
523 1550 582 1638 qui
601 1549 698 1620 locus
721 1548 803 1618 olim
828 1561 860 1617 et
884 1550 1018 1620 ambitu
1035 1573 1226 1632 murorum,
1244 1563 1276 1622 et

28 1633 197 1724 frequentia
222 1640 350 1710 civium
368 1639 613 1711 celeberrimus
636 1637 767 1720 fuerat,
799 1637 856 1707 sed
883 1639 1036 1728 gentium
1063 1640 1277 1711 infestatione

27 1747 41 1790 a
59 1729 160 1813 prisco
176 1742 270 1800 statu
286 1728 507 1810 deformatus,
533 1727 664 1798 crebris
689 1727 800 1798 ruinis
824 1727 1004 1814 hucusque
1023 1729 1191 1800 consistit.
1213 1729 1276 1800 Ubi

27 1834 92 1882 rum
115 1817 154 1887 de
174 1820 281 1889 rebus
304 1817 467 1887 ecelesiae
483 1817 566 1886 satis
589 1816 631 1886 ad
650 1828 785 1906 tempus
805 1827 992 1896 tractasset,
1039 1817 1161 1886 uadam
1181 1830 1278 1888 nocte

27 1913 56 1970 ut
72 1903 117 1974 illi
133 1929 272 1999 semper
290 1920 363 1976 erat
381 1907 498 1988 moris,
516 1905 679 1976 fratribus
696 1905 809 1976 adhuc
830 1840 1099 1992 quiescentibus
1119 1927 1276 1997 surgens,

28 2005 196 2065 nocturnae
225 1995 390 2066 orationis
413 2007 567 2084 lempna,
589 2014 700 2081 usque
728 1995 761 2062 in
789 1992 878 2064 lucis
902 1994 1146 2083 crepusculum
1171 1994 1280 2064 conti·

29 2083 139 2154 nuavit.
158 2084 312 2156 Necdum
331 2105 410 2153 vero
433 2105 575 2153 cursum
604 2082 769 2152 orationis
784 2082 985 2172 expleverat,
1010 2105 1088 2153 oum
1116 2105 1150 2153 se
1174 2082 1277 2164 foras

27 2175 110 2251 quasi
133 2196 194 2265 pro
216 2171 450 2244 refocillandis
470 2172 585 2259 aliquo
605 2171 811 2241 relevamine
828 2173 983 2253 artubus,
1004 2194 1169 2263 suspensa
1195 2173 1281 2242 inte-

30 2257 261 2354 timoratione,
280 2261 436 2342 contulit,
454 2273 597 2332 etstans
620 2261 655 2328 in
683 2261 874 2342 moenibus,
894 2263 1004 2351 coepit
1034 2263 1110 2352 piae
1139 2260 1281 2331 medita-

30 2351 115 2418 tionis
136 2351 292 2422 motibus
317 2349 459 2440 pulsari,
479 2350 703 2437 quamobrem
720 2349 885 2420 Vedastus
901 2350 946 2432 *ξ
973 2364 1145 2421 tantorum
1172 2349 1282 2442 spatio

30 2453 179 2510 annorum
208 2439 289 2508 vilis
314 2439 463 2528 sepulcri
494 2439 643 2529 caespite
671 2438 823 2518 clausus
847 2437 960 2508 debito
989 2441 1115 2510 honore
1139 2451 1279 2518 careret,

28 2543 112 2607 quem
125 2531 197 2618 Jam
224 2548 455 2618 supernorum
475 2528 602 2598 civium
621 2527 791 2596 consortio
807 2528 1028 2611 exultantem,
1047 2529 1202 2599 coelestis
1225 2533 1282 2598 Je-

30 2616 160 2686 rusalem
186 2640 254 2688 ceu
282 2637 453 2706 gemmam
490 2617 654 2686 virtutum
692 2615 825 2705 fulgore
863 2617 1045 2686 micantem
1069 2618 1281 2688 adscivisset.

29 2703 143 2775 Etenim
161 2729 182 2775 a
198 2706 258 2776 die
273 2705 497 2795 depositionis
510 2705 586 2795 ejus
606 2704 772 2792 usquead
792 2719 926 2795 tempus
942 2706 1031 2776 beati
1048 2708 1210 2788 lotberti,
1227 2727 1284 2776 ser

30 2787 107 2861 fuere
130 2794 305 2884 Episcopi,
331 2794 459 2880 quibus
487 2794 561 2883 ipse
581 2797 749 2884 septimus
778 2793 819 2863 ad
846 2795 1013 2885 pontificii
1040 2795 1181 2865 culmen
1206 2817 1284 2864 suc-

29 2883 127 2962 cessit,
144 2905 230 2954 cum
248 2895 294 2952 tot
312 2881 507 2952 labentibus
523 2883 636 2964 annis,
655 2903 791 2974 gemma
819 2884 874 2953 Dei
918 2884 1037 2954 retiosa
1066 2885 1286 2954 subterraneo

30 2967 129 3040 adbuc
152 2994 263 3062 specu
283 2969 520 3051 claudebatur,
543 2973 643 3057 cuius
668 2970 865 3059 sepulcrum
891 2907 984 3042 lioud
1003 2971 1103 3064 longe
1127 2995 1146 3043 a
1170 2972 1287 3043 dextro

29 3079 123 3130 cornu
139 3061 263 3131 altaris
278 3059 394 3130 beatae
412 3061 536 3129 Mariae
553 3059 714 3129 distabat.
733 3063 815 3129 Cum
832 3081 908 3131 vero
926 3073 972 3132 tot
988 3062 1143 3152 egregios
1163 3062 1287 3132 Christi

30 3149 231 3221 confessores
256 3148 325 3219 illis
353 3147 459 3219 luisse
483 3149 697 3237 temporibus
720 3148 916 3229 audiamus,
948 3150 1078 3221 meritis
1106 3149 1284 3230 sublimes

31 3235 203 3311 virtutibus
229 3237 396 3320 illustres,
424 3238 578 3308 minimis
605 3238 638 3306 in
668 3235 771 3308 rebus
796 3236 1030 3308 sollicitiores:
1060 3238 1289 3328 proculdubio

33 3328 244 3399 manifestum
268 3340 330 3408 est,
358 3347 423 3396 non
449 3347 567 3396 corum
597 3326 734 3416 ignavia
763 3326 992 3416 negligentius
1013 3327 1128 3414 jacere
1156 3339 1287 3396 tantum

33 3413 238 3497 thesaurum,
256 3415 313 3486 sed
333 3414 448 3485 divino
467 3415 601 3504 judicio
617 3427 649 3484 et
669 3413 841 3484 voluntate
856 3412 943 3484 beati
965 3415 1111 3498 vedasti,
1132 3415 1195 3485 hoc
1214 3435 1289 3483 exe-

33 3505 147 3585 quendi
178 3504 336 3574 muneris
360 3504 588 3574 ministerium
622 3504 720 3573 beato
743 3503 903 3574 liutberto
927 3517 1149 3575 reservatum.
1177 3508 1239 3573 Coe
1266 3503 1292 3572 it

35 3589 127 3678 igitur
151 3593 271 3663 animo
295 3604 470 3674 aestuare,
497 3613 646 3680 quonam
672 3591 848 3662 transferri
873 3606 1014 3663 sanctus
1038 3592 1211 3663 confessor
1234 3525 1292 3662 de-

35 3677 164 3763 buisset,
184 3693 351 3771 reputans
375 3703 492 3751 seeum
513 3683 743 3771 incongruum
766 3680 837 3750 fore
853 3680 924 3751 duo
941 3681 1126 3752 luminaria
1151 3704 1207 3752 ma
1235 3703 1289 3760 na,

36 3785 171 3868 angusta
196 3771 304 3840 unius
328 3768 452 3840 domus
472 3769 552 3839 sede
568 3769 741 3840 cohiberi:
769 3769 936 3851 videlicet,
966 3791 1008 3840 ne
1032 3771 1093 3840 ubi
1119 3705 1294 3860 praeclara

37 3859 84 3924 lter
107 3859 291 3930 Genitricis
317 3859 493 3940 memoria,
518 3859 704 3949 primatum
730 3860 881 3930 nominis
906 3858 1051 3942 tenebat,
1079 3862 1163 3930 tanti
1189 3861 1295 3950 patris

38 3944 133 4029 gloria
149 3948 331 4018 obscurior
344 3947 531 4018 videretur:
551 3970 629 4017 curn
646 3959 793 4036 repente,
811 3969 935 4018 aurora
955 3948 1108 4029 rubente,
1124 3950 1294 4019 Orientem

38 4053 146 4104 versus
166 4035 360 4118 intendens,
376 4035 467 4108 videt
481 4036 619 4106 eminus
636 4049 730 4105 trans
748 4036 941 4118 fluviolum,
960 4040 1021 4127 qui
1041 4041 1183 4108 fricatio
1200 4061 1297 4108 voca-

42 4131 96 4202 tur,
121 4125 236 4197 virum
262 4124 495 4216 splendidum,
523 4125 653 4217 virgam
677 4147 781 4194 manu
800 4137 982 4208 tenentem,
1004 4127 1167 4198 basilicae
1183 4127 1297 4196 locum
1335 4147 1337 4154 ’

44 4212 159 4281 metiri:
188 4235 252 4284 ceu
283 4213 455 4302 quondam
484 4211 636 4284 Ezechiel
667 4235 766 4283 secus
793 4214 920 4282 ssuenta
947 4216 1132 4306 Babylonis
1158 4237 1300 4306 corpore

44 4301 176 4382 positus,
203 4303 235 4370 in
264 4305 386 4394 spiritu
405 4305 496 4374 venit
522 4303 564 4372 ad
592 4318 713 4372 terram
747 4301 865 4382 Israel,
884 4303 942 4373 ubi
968 4307 1002 4373 in
1029 4305 1220 4400 visionibus
1242 4305 1300 4373 bei

67 4419 169 4478 'vulga
184 4429 265 4470 Amr.
491 4430 518 4458 *⁴
533 4431 555 4471 S.
568 4429 665 4470 l'edastt
675 4427 812 4469 Histortrtn
823 4429 872 4470 Vol.
885 4437 908 4476 u,
917 4439 968 4481 pau.
982 4432 1019 4472 tlt
1029 4431 1135 4473 liabetur.

113 4509 258 4568 smiss-
277 4507 361 4572 vitae
375 4509 426 4574 SS.
444 4541 458 4556 ·
474 4506 541 4573 l'ol.
555 4507 618 4573 llll.
1184 4511 1222 4572 ἑὲ
