2932 4812
251 257 313 321 blf
523 275 562 321 nn
586 275 613 320 s.
641 273 747 320 rnoaa
770 269 918 321 Ancurae.
945 273 1156 321 mannaan.
1304 252 1418 316 tnta

204 357 262 428 sed
288 357 452 428 dominus
471 363 562 448 Papa
579 359 611 426 id
630 357 728 427 fecit:
752 379 813 428 nec
831 379 884 427 me
900 359 997 428 decet
1016 356 1202 436 absolvere,
1218 369 1255 426 ut
1271 377 1318 424 ros
1334 355 1414 421 vulis.

203 467 291 533 quos
315 447 372 516 ille
396 447 564 537 ligavit.»
586 452 670 515 Turn
690 445 761 515 illi:
784 447 931 528 «lubet,
952 448 1126 533 inquiunt,
1151 449 1230 525 Rex,
1252 459 1418 514 utcunon-

205 537 309 605 nibus
334 536 402 606 tuis
429 557 447 604 e
467 557 572 625 regno
600 535 755 604 excedas.
779 559 797 603 a
818 540 940 605 Contra
962 534 1260 624 archiepiscopus:
1285 532 1365 601 «Sed
1383 551 1416 596 ne

203 623 377 714 deinceps,
400 625 458 703 ait,
488 629 551 693 heo
577 625 735 712 propitio,
759 645 858 693 nemo
879 625 968 694 inter
987 623 1174 693 Ecclesiam
1190 644 1296 692 meam
1314 635 1339 691 et
1355 641 1415 687 nare

152 773 154 778 ,
203 713 401 802 conspiciet.
428 717 499 783 Non
525 714 602 780 veni
626 726 664 782 ut
687 712 862 802 fugerem;
890 713 946 782 hic
972 733 1025 782 me
1048 713 1204 801 reperiet,
1223 713 1250 782 si
1265 711 1335 799 quis
1350 728 1415 794 quae-

203 803 307 871 sierit.
333 825 350 868 a
376 800 449 871 Illis
468 801 725 889 objicientibus,
744 800 835 888 quod
856 802 965 870 animi
981 800 1095 870 furore
1111 802 1271 890 percitus,
1293 801 1417 892 ministra

203 892 304 981 Regis
328 912 367 960 ex
388 889 538 960 Ecclesia
564 891 707 978 turpiter
730 891 897 978 ejecisset,
925 892 976 959 rir
999 904 1140 959 sanctus
1164 911 1243 958 cum
1270 889 1361 958 multo
1378 908 1419 972 sp·

202 980 289 1049 ritus
308 977 449 1058 fervore,
471 979 539 1048 illis
554 979 752 1068 respondit:
777 1005 789 1042 ι
817 980 980 1065 Quisquis
996 1001 1104 1048 ausus
1128 979 1230 1047 fuerit
1248 993 1368 1048 sanctae
1382 979 1419 1042 llo

204 1089 325 1136 manae
349 1068 440 1137 sedis
465 1068 632 1150 instituta,
655 1067 704 1136 vel
720 1067 890 1137 Ecclesiae
910 1067 1031 1137 Christi
1043 1068 1125 1156 jura
1143 1067 1279 1146 violare,
1301 1087 1353 1135 uec
1366 1063 1419 1132 ula·

203 1155 415 1236 satisfecerit,
436 1177 503 1226 non
521 1178 671 1246 parcam,
692 1178 753 1225 nec
773 1156 929 1225 differam
949 1156 1182 1227 ecclesiastica
1204 1177 1341 1226 censura
1361 1159 1419 1221 ccr-

202 1264 279 1314 cere
307 1258 549 1334 peccantem.»
569 1249 640 1315 flac
669 1245 720 1313 illi
739 1246 814 1331 ,viri
840 1247 897 1314 Dei
923 1246 1116 1315 constantia
1141 1245 1300 1335 perculsi,
1327 1241 1421 1332 pmpic

201 1333 381 1412 accedunt,
399 1335 587 1421 dicuntque
602 1336 652 1403 ei:
672 1339 744 1402 «ln
761 1335 883 1424 capitis
902 1336 949 1403 tui
966 1333 1158 1423 periculum
1175 1334 1259 1403 haec
1272 1333 1420 1423 prolocutus

201 1443 248 1490 es.
272 1449 283 1485 r
304 1428 342 1492 lt
357 1423 407 1492 vir
424 1437 582 1494 sanctus:
602 1446 620 1488 c
640 1427 710 1493 Non
731 1445 796 1503 me,
817 1423 939 1509 inquit,
959 1435 1086 1492 terrent
1105 1424 1221 1492 minae
1239 1437 1368 1494 vestrae:
1387 1441 1422 1485 nn

201 1508 309 1598 gladii
325 1513 424 1581 vestri
444 1511 669 1601 promptiores
689 1511 828 1581 suntad
851 1511 1057 1590 feriendum,
1076 1531 1181 1597 quam
1198 1533 1261 1602 ego
1284 1511 1323 1580 ad
1339 1528 1422 1594 marq-

202 1600 291 1668 rium
317 1600 531 1670 obeundum.
556 1599 667 1669 hlium
684 1601 847 1686 quaerite,
866 1601 925 1688 qui
950 1622 1009 1670 vos
1028 1599 1158 1689 lugiet:
1179 1622 1233 1670 rue
1247 1600 1358 1670 collato
1371 1594 1422 1686 ped-²

203 1709 263 1776 pro
288 1689 432 1758 llominn
458 1710 532 1759 meo
557 1688 804 1778 pmeliaturum
829 1689 1093 1778 comperietis.»
1121 1688 1195 1759 lllis
1218 1711 1296 1758 cum
1319 1688 1423 1780 clanon

199 1787 232 1845 et
255 1777 473 1848 contumeliis
496 1778 713 1858 exeuntibus,
738 1778 788 1846 vir
809 1779 865 1847 Dei
885 1799 966 1849 suos
983 1776 1238 1858 consolabatur,
1258 1793 1292 1848 et
1308 1792 1342 1848 ut
1360 1773 1422 1842 nobs

202 1866 312 1935 visum
338 1881 400 1947 est,
426 1867 486 1954 qui
512 1879 706 1956 praesentes
734 1865 932 1948 adfuimus,
966 1867 1011 1936 ita
1036 1866 1176 1937 sedebat
1207 1866 1421 1957 imperterritus.

201 1953 270 2024 acsi
296 1955 338 2024 ad
359 1956 498 2042 nuptias
518 1955 680 2024 invitatus
696 1956 842 2025 essetab
862 1955 944 2025 illis.

245 2045 263 2130 ἓ
290 2049 366 2116 Μ.
393 2049 466 2112 Mox
497 2057 715 2114 revertuntur
735 2043 787 2112 illi
804 2042 946 2124 loricati,
975 2043 1189 2134 accinctique
1213 2045 1343 2135 gladiis,
1355 2055 1378 2110 et
1395 2061 1422 2106 a·

200 2132 345 2203 curibus
363 2132 497 2202 armati.
526 2137 626 2203 Eores
649 2145 762 2202 autem
789 2131 927 2202 clausae
943 2144 1052 2212 erant,
1070 2155 1132 2202 nec
1151 2133 1359 2222 pulsantibus
1374 2151 1422 2216 ape

201 2220 365 2290 riebatur.
387 2227 471 2289 Tum
490 2220 541 2290 illi
557 2221 744 2292 occultiore
760 2222 812 2290 via
834 2243 894 2311 per
912 2222 1105 2310 pomarium
1123 2221 1165 2290 ad
1184 2244 1299 2312 sepem
1317 2221 1422 2312 ligneae

200 2309 383 2390 divertunt,
411 2309 568 2396 ferroque
590 2323 622 2379 et
647 2331 772 2399 magna
797 2310 827 2378 vi
851 2310 918 2380 sibi
942 2309 1075 2380 aditum
1094 2323 1226 2400 parant.
1246 2317 1292 2380 Eo
1310 2307 1424 2380 borribl·

200 2399 344 2487 strepitu
363 2399 511 2470 ministri
521 2413 554 2468 et
568 2399 682 2468 clerici
697 2419 783 2488 pene
795 2419 914 2468 omnes
928 2399 1035 2470 territi
1051 2398 1226 2488 fugerunt.
1246 2395 1426 2469 Eortannbns

200 2485 281 2566 illis,
312 2489 371 2573 qui
397 2500 643 2568 remanserant,
670 2501 709 2556 ut
726 2487 775 2555 vir
794 2501 934 2558 sanctus
955 2489 989 2556 in
1018 2486 1197 2558 ecclesiam
1227 2511 1263 2558 se
1286 2485 1425 2558 conferret.

200 2575 300 2664 plane
318 2577 498 2646 recusavit.
517 2579 587 2646 Non
613 2576 705 2645 enim
731 2576 789 2645 tali
813 2597 898 2646 casu
914 2575 1116 2666 fugiendum
1134 2589 1217 2658 erat,
1238 2578 1296 2646 sed
1314 2572 1426 2646 dandun

200 2665 312 2753 potius
330 2664 478 2735 subditis
493 2664 701 2753 exemplum,
731 2677 768 2733 ut
788 2664 904 2734 mallet
923 2665 1071 2754 quisque
1095 2663 1188 2734 feriri
1213 2666 1337 2756 gladio,
1354 2679 1426 2758 quan

198 2753 311 2823 videre
329 2752 414 2840 legis
438 2753 573 2822 divinae
597 2765 846 2841 contemptum,
872 2767 905 2823 et
929 2775 1106 2824 sacrorum
1123 2776 1298 2824 canonum
1321 2769 1429 2823 eventu·

198 2863 288 2910 nem.
307 2842 485 2912 lnstabant
510 2863 586 2912 vero
603 2841 777 2922 monachi,
803 2841 941 2930 ajebant
958 2842 1158 2912 indecorum
1180 2865 1267 2926 esse,
1293 2867 1311 2912 a
1331 2859 1430 2928 resper-

198 2930 278 2999 tinis
297 2929 576 3032 laudibuquuae
599 2929 971 3031 tumcelebrabantur,
1002 2931 1118 3020 ipsum
1143 2931 1275 3003 abesse.
1305 2931 1359 3002 llle
1379 2945 1430 3022 vett

197 3032 395 3099 noncessit,
424 3034 551 3090 veritus
574 3043 610 3090 se
634 3033 804 3109 privatum
832 3041 873 3089 tn
897 3033 1012 3108 optata
1032 3021 1187 3108 martyrii
1217 3043 1350 3099 corona,
1370 3017 1392 3085 si
1410 3034 1430 3079 nt

197 3105 364 3196 templum
383 3122 471 3178 esset
490 3110 679 3200 ingressus,
698 3108 800 3196 cujus
821 3109 1009 3178 reverentia
1033 3109 1143 3178 arceri
1168 3125 1307 3198 possent
1329 3132 1347 3178 a
1368 3118 1431 3196 tanto

196 3196 322 3265 scelere
341 3197 531 3284 parricidae
551 3197 613 3266 illi.
641 3203 727 3266 Sane
747 3209 925 3285 postquam
942 3198 986 3266 ab
1000 3198 1121 3268 exsilio
1141 3219 1299 3269 reversus
1314 3197 1378 3273 fuit,
1399 3213 1431 3288 su

196 3283 324 3356 dixisse
348 3284 465 3366 fertur,
495 3299 669 3373 tamquam
695 3299 808 3355 certus
827 3287 900 3374 jam
927 3307 961 3355 se
980 3309 1039 3375 per
1055 3287 1260 3376 martyrium
1280 3288 1356 3356 hinr.
1372 3302 1431 3352 ent·

195 3387 395 3464 gratarum:
423 3376 598 3444 «Habetis
619 3375 674 3444 hic
691 3374 851 3444 dilectum
877 3378 943 3443 Deo
967 3397 1006 3444 ao
1032 3397 1107 3444 vere
1132 3389 1317 3465 martyrem
1341 3371 1431 3460 Elpbe

196 3485 277 3552 gum
291 3487 299 3544 ;
314 3464 421 3533 alium
438 3485 575 3551 quoquc
596 3464 690 3536 vobis
710 3465 783 3533 sine
801 3485 895 3531 mora
912 3462 1028 3532 divina
1047 3465 1221 3534 miseratio
1238 3460 1431 3622 providebit·

196 3553 353 3622 Monachi
373 3565 485 3623 autem
503 3574 582 3622 curn
607 3575 687 3622 eum
713 3572 909 3643 permovere
923 3574 1003 3632 ,non
1026 3568 1175 3642 possent,
1199 3576 1238 3622 va
1255 3553 1297 3623 de
1320 3551 1431 3622 inritum

195 3641 440 3731 absportarunt
464 3641 498 3710 in
523 3639 723 3710 ecclesiam:
751 3661 855 3728 quam
883 3661 962 3710 cum
993 3641 1140 3732 ingressi
1167 3655 1294 3723 essent,
1318 3653 1432 3730 quatuor

194 3729 244 3800 illi
264 3730 396 3801 nobiles
411 3752 517 3802 cursu
535 3729 755 3820 rapidissimo
770 3727 878 3800 secuti
897 3742 978 3800 sunt
994 3752 1074 3800 cum
1091 3733 1145 3799 llu
1170 3753 1236 3800 one
1252 3731 1431 3801 subdiacono

194 3819 389 3909 deploratae
405 3819 587 3908 nequitiae,
605 3839 706 3906 quem
726 3819 855 3887 malum
873 3817 1037 3888 clericum
1055 3753 1289 3908 appellabant.
1306 3817 1429 3889 volentes

193 3923 307 3979 autem
333 3909 494 3978 monachi
513 3907 673 3978 obserare
692 3906 781 3977 fores
804 3905 978 3988 ecclesiae,
1008 3907 1171 3996 prohibiti
1196 3921 1279 3980 sunt
1301 3931 1319 3978 a
1341 3912 1429 3976 sancto

193 3999 282 4080 viro,
313 3997 373 4084 qui
402 4011 474 4067 tum
504 3996 677 4086 praeclare
702 3995 889 4066 dicebatza
915 4001 980 4066 Nos
1007 3995 1166 4086 patiendo
1195 3998 1329 4087 potins,
1352 4007 1428 4080 quan

193 4084 393 4174 pugnando,
412 4107 452 4154 ex
471 4085 567 4154 boste
584 4085 897 4174 triumphabimus:
928 4105 1039 4173 neque
1067 4106 1107 4155 eo
1134 4086 1203 4155 huc
1230 4087 1382 4158 venimus
1402 4086 1428 4142 ¹1²

193 4193 439 4260 repugnemus,
458 4173 516 4242 sed
542 4186 580 4242 ut
603 4174 787 4263 patiamur.
811 4172 978 4244 »Adsunt
993 4195 1071 4244 mox
1088 4173 1248 4266 sacrilegi
1265 4170 1424 4258 carnifices3

192 4258 453 4356 exclamantque
471 4261 670 4332 furibundi:
690 4285 708 4329 «
728 4263 791 4332 Ubi
807 4277 858 4334 est
877 4263 1022 4335 Thomas
1039 4263 1178 4346 Beketh,
1199 4263 1300 4356 Regis
1314 4275 1342 4330 et
1354 4272 1425 4343 regat

194 4343 397 4428 proditorl»
413 4351 553 4421 Nomine
569 4351 807 4442 respondente,
828 4353 951 4440 majori
968 4353 1185 4424 contentione
1210 4351 1424 4423 vociferantur:
