2954 4816
254 273 316 337 ³84
580 291 617 338 ox
641 289 741 339 nucxx
765 291 882 339 carran
906 289 1104 338 corruamus
1310 271 1381 335 unt.
1400 271 1430 332 23

213 383 304 440 tanta
329 371 427 462 copia
452 391 567 440 rerum
592 391 807 462 asperarum,
833 383 931 441 erant
953 370 1116 440 omnibus
1142 369 1245 440 simul
1267 371 1431 459 superiores,

213 459 325 541 turba,
347 481 524 550 praecone,
544 461 734 540 tormentis,
761 459 836 550 ipso
856 458 1025 536 Praeside,
1058 471 1090 528 et
1119 471 1197 528 ante
1219 479 1285 540 cos,
1314 457 1432 527 omniun

213 548 368 638 principe
383 559 514 628 satana,
533 561 566 617 et
579 548 765 629 universis,
783 569 872 636 quae
889 549 938 618 eis
955 547 1200 637 subjiciuntur,
1217 546 1331 636 copiis.
1343 548 1435 615 Omnes

212 636 322 716 enim,
351 635 454 705 veluti
480 636 578 726 signo
602 636 703 720 dato,
730 659 836 706 unam
863 635 968 706 simul
993 657 1107 706 vocem
1134 635 1278 705 tollunt:
1305 637 1435 702 «Sumus

213 725 408 805 Christiani,
427 724 550 794 Christi
571 723 712 803 hostiae,
733 725 855 795 Christi
882 725 1056 795 victimae:
1083 725 1219 793 etiamsi
1244 722 1356 792 millies
1376 719 1436 788 mori

213 825 377 904 oporteat,
397 813 542 884 libenter
562 813 761 883 moriemur.
781 836 799 880 »

258 904 276 988 ᾗ
300 906 340 974 O.
360 906 443 972 Cum
469 914 582 972 autem
605 907 790 992 Martyrum
818 903 952 992 negotio
975 901 1090 971 omnia
1109 911 1387 991 postponerentur,
1398 895 1436 990 qui
1459 882 1465 1007 l

214 1001 288 1060 crat
310 990 409 1060 valde
434 1004 613 1080 promptus
648 1007 786 1060 satanae
822 991 979 1062 minister
1014 991 1158 1072 beciuS,
1191 989 1367 1079 desperans
1389 985 1464 1069 fienp

215 1099 326 1170 posse,
353 1091 392 1149 ut
416 1078 635 1169 persuaderet
658 1078 773 1150 adbuc
797 1091 830 1148 et
852 1091 997 1180 cogeret,
1023 1077 1086 1148 sert
1114 1081 1148 1147 in
1178 1099 1236 1147 eos
1264 1076 1369 1146 mortis
1388 1092 1465 1142 sen·-

217 1167 372 1238 tentiam.
398 1167 616 1239 Ducebantur
644 1167 758 1255 itaque
793 1172 923 1248 Sancti,
950 1177 988 1236 ut
1017 1188 1099 1237 ense
1126 1165 1395 1242 interficerentur,
1413 1157 1464 1240 adr

216 1255 343 1338 locum,
386 1256 422 1326 ui
448 1279 569 1346 parum
589 1255 730 1343 quidem
751 1256 847 1326 abest
870 1278 888 1326 a
912 1255 1058 1325 civitate:
1085 1256 1128 1326 ab
1152 1255 1275 1324 incolis
1290 1271 1438 1322 veroroco·

216 1345 317 1414 batur
339 1278 511 1415 alonium.
529 1343 577 1414 ld
596 1367 674 1416 eum
700 1343 900 1414 festinantes
916 1350 1090 1434 Martyres,
1113 1331 1333 1414 ostenderunt
1347 1357 1438 1434 nomp

216 1432 313 1523 quid,
336 1445 368 1502 et
391 1433 482 1521 quod
500 1433 678 1504 videbatur
702 1432 892 1504 insolitum.
919 1438 957 1503 ln
979 1445 1047 1503 toto
1072 1433 1164 1503 enim
1182 1454 1288 1503 cursu
1311 1439 1439 1517 martyro.

215 1521 304 1591 inter
324 1543 360 1592 se
383 1523 566 1592 unanimes
586 1535 619 1591 et
641 1520 747 1591 simul
764 1523 1012 1612 conspirantes,
1033 1522 1067 1590 in
1085 1522 1150 1591 boc
1173 1521 1287 1590 solum
1303 1513 1464 1617 contende,

216 1609 311 1692 bant,
330 1611 492 1698 quisnam
508 1631 627 1680 eorum
655 1610 789 1699 primus
812 1631 927 1680 ensem
953 1609 1143 1689 subnatat
1166 1610 1303 1699 primus
1321 1621 1464 1699 comnan;

216 1700 397 1790 acciperet.
424 1703 520 1768 Hanc
544 1709 656 1768 autem
682 1697 775 1767 litem
801 1699 977 1788 componit
992 1697 1201 1780 Tbeodulns‚
1224 1700 1285 1786 qui
1305 1707 1442 1786 eratnnus

216 1809 256 1857 ex
274 1787 339 1857 hoc
362 1787 478 1858 divino
501 1786 617 1867 choro,
635 1786 797 1858 dictitans
815 1787 907 1874 qnod
933 1788 962 1858 is
985 1785 1124 1859 iuturus
1146 1799 1240 1857 esset
1264 1787 1442 1876 primusqtt

216 1876 373 1946 omnium
394 1877 539 1947 ultimus
563 1874 748 1956 excederet,
767 1897 846 1944 cum
869 1875 955 1946 nibil
972 1887 1070 1966 turpe
1086 1889 1119 1946 et
1137 1874 1339 1946 indecorum
1352 1887 1442 1966 exspt·

216 1965 351 2036 ctaculo
366 1964 511 2036 aliorum
533 1964 747 2044 sustinuerit,
768 1962 826 2034 sed
842 1964 891 2033 sic
906 1985 1020 2033 revera
1042 1963 1149 2034 multa
1165 1965 1352 2034 certamina
1366 1961 1442 2032 subn·

218 2054 272 2122 rit.
290 2053 421 2124 Placuit
437 2052 612 2133 omnibus,
639 2052 729 2140 quod
748 2052 895 2122 dixerat:
921 2065 954 2122 et
973 2053 1124 2142 primum
1148 2053 1292 2139 quidem
1312 2050 1352 2122 ad
1371 2053 1465 2131 leun,

217 2163 436 2212 communem
462 2140 631 2231 hymnum
660 2150 807 2221 canunt,
829 2142 1025 2211 Benedictus
1048 2165 1104 2222 eo,
1134 2143 1294 2222 Domine,
1319 2139 1464 2233 dicentes!

217 2233 278 2322 qni
294 2230 499 2300 condedisti
518 2252 577 2300 noo
601 2231 636 2298 in
652 2253 692 2298 co
717 2231 837 2298 tionem
855 2231 1005 2299 dentibus
1029 2231 1097 2316 (Po.
1118 2228 1209 2318 t23),
1227 2242 1261 2300 et
1276 2249 1360 2317 quae
1380 2225 1463 2321 deu-3

218 2341 298 2409 ceps
318 2318 437 2388 scribit
460 2253 763 2408 Psalmograpdus.
785 2317 911 2386 Deinde
933 2319 1036 2388 etiam
1064 2318 1105 2387 ad
1132 2317 1249 2387 locum
1271 2316 1463 2408 accedentes.

218 2407 371 2476 lecerunt
393 2405 633 2493 unusquisque
662 2406 873 2500 orationem:
897 2429 915 2474 a
940 2411 1055 2487 Parce,
1086 2406 1241 2488 Domine,
1271 2405 1372 2476 ser'vis
1391 2392 1463 2496 toul

219 2495 382 2576 dicentes,
405 2507 437 2564 et
460 2495 598 2584 suscipe
622 2495 826 2585 sanguinem
853 2508 1007 2564 nostrum
1034 2517 1095 2584 pro
1119 2494 1231 2577 nobis,
1261 2517 1322 2585 pro
1345 2499 1463 2582 nostns'

221 2606 283 2673 pro
307 2584 428 2673 patria:
447 2597 484 2653 ut
507 2605 546 2652 ea
567 2582 764 2652 liberetura
784 2582 932 2652 tenebris
952 2583 1187 2672 ignorationis,
1210 2595 1244 2653 et
1259 2583 1354 2674 puris
1370 2574 1462 2649 oculo*

219 2672 469 2763 contempletur
493 2672 662 2761 pietatem,
682 2685 715 2741 et
739 2685 769 2741 te
789 2693 901 2741 veram
927 2671 1050 2752 lucem,
1070 2693 1089 2741 o
1113 2676 1182 2741 Rex
1209 2687 1388 2743 aeterne.»
1429 2751 1433 2760 .
1460 2703 1470 2752 3

262 2764 280 2848 5
303 2764 349 2830 l).
371 2766 552 2848 Postquam
578 2759 626 2830 sic
644 2761 770 2849 precati
785 2773 899 2830 essent
914 2759 1166 2848 unusquisque,
1182 2782 1282 2831 sacra
1298 2773 1330 2830 et
1344 2759 1448 2828 victoni

221 2849 369 2938 insignia
393 2850 442 2918 eis
466 2861 548 2918 sunt
570 2861 746 2938 amputata
769 2849 893 2938 capita,
912 2871 992 2918 cum
1013 2871 1048 2918 se
1064 2849 1193 2938 patriae
1212 2848 1448 2938 distribuissent:

218 2951 251 3006 et
268 2937 472 3026 sanguinem
488 2936 626 3025 quidem
651 2935 814 3017 infernae,
832 2958 954 3026 nempe
968 2959 1047 3006 eum
1062 2938 1122 3026 qui
1138 2938 1268 3020 interit,
1287 2939 1448 3007 intereunti:

220 3025 378 3115 spiritum
404 3039 517 3096 autem
543 3024 717 3096 dedissent
733 3047 914 3115 supernae,
936 3026 967 3094 ei
985 3047 1074 3113 quac
1097 3047 1234 3114 semper
1258 3038 1378 3104 manet,
1394 3037 1450 3089 eun

219 3114 278 3200 qui
302 3127 353 3182 est
378 3135 595 3204 permanens.
616 3118 700 3183 Cum
726 3135 803 3184 vero
824 3127 899 3205 post
914 3113 1248 3184 consummationem
1266 3113 1470 3184 recessissent

219 3202 365 3284 lictores,
392 3203 533 3292 quidam
558 3225 598 3271 ex
620 3223 739 3272 eorum
764 3202 930 3294 cognatis,
951 3203 1012 3291 qui
1035 3202 1071 3272 in
1091 3223 1129 3272 eo
1146 3201 1221 3273 loco
1237 3203 1470 3278 remanserant

219 3291 342 3360 borum
370 3314 484 3362 sacras
508 3290 746 3361 venerabiliter
769 3304 980 3380 componunt
1003 3303 1035 3360 et
1058 3291 1236 3380 deponunt
1256 3285 1463 3379 reliquiaslt

222 3394 302 3450 tunc
326 3379 465 3466 quidem
492 3391 643 3451 mortuos
668 3379 804 3460 habuit,
830 3401 919 3467 quae
943 3379 1020 3449 illos
1050 3380 1184 3449 tulerat.
1211 3385 1329 3451 Postea
1353 3389 1470 3466 autem

220 3469 360 3556 quando
386 3468 435 3538 vis
459 3469 620 3549 veritatis,
650 3467 753 3538 veluti
781 3467 949 3556 quaedam
975 3489 1059 3538 zona
1082 3490 1197 3548 aurea,
1226 3459 1454 3559 comprehendo

222 3559 405 3628 maximam
434 3570 561 3646 partem
583 3559 676 3628 orbis
694 3569 874 3636 terrarum,
894 3556 1021 3626 Paulus
1046 3557 1193 3628 mittitur
1217 3557 1252 3626 in
1271 3555 1470 3633 insulamul

219 3668 278 3717 eas
295 3646 337 3715 ad
363 3667 484 3715 novam
503 3650 646 3715 Romam
671 3644 864 3726 deduceret,
887 3645 928 3714 ad
956 3645 1123 3736 reginam,
1145 3645 1302 3732 inquam,
1319 3639 1452 3714 orbino:

221 3735 349 3806 Paulus
371 3735 438 3814 ille,
466 3735 568 3824 cujus
591 3748 641 3804 est
666 3755 828 3836 magnum
857 3754 980 3803 nomen
1008 3735 1210 3816 sanctitatis,
1228 3734 1388 3828 gloriosae
1408 3731 1453 3822 llud

221 3845 299 3892 mae
324 3821 487 3907 Pontifex,
508 3835 540 3892 et
563 3823 622 3910 qui
648 3822 802 3893 moribus
826 3823 936 3912 magis
960 3844 1062 3910 quam
1090 3824 1212 3893 throno
1234 3835 1307 3892 erat
1325 3823 1452 3906 insigms.

221 3911 324 4003 cnjus
347 3910 398 3980 vel
424 3913 497 3982 sola
521 3911 705 4002 appellatio
728 3924 800 3981 erat
826 3909 1000 4002 flagellum
1021 3911 1064 3980 ad
1090 3911 1265 3999 pellendos
1288 3911 1470 3982 daemones

220 4006 255 4071 ls
275 4023 354 4070 cum
373 4001 562 4090 accepisset
585 4000 629 4070 ali
657 4021 718 4068 uos
734 3999 881 4070 delectos
900 3999 943 4068 ab
959 4004 1178 4088 Imperatore,
1196 4001 1253 4088 qui
1277 4000 1350 4087 ejus
1363 3999 1470 4077 coepit*

220 4109 321 4178 opem
349 4088 487 4170 ferrent,
506 4089 598 4158 venit
613 4022 654 4158 ad
672 4101 805 4178 gentem
823 4091 1033 4158 Cretensem:
1054 4100 1087 4157 et
1109 4111 1189 4158 cum
1215 4089 1385 4184 amovisset
1409 4091 1454 4172 tet·

223 4199 296 4246 ram
330 4177 486 4264 reliquiis
514 4177 724 4266 impositam,
744 4176 873 4245 invenit
895 4198 1004 4258 eas,o
1028 4180 1096 4248 Rex
1121 4177 1260 4248 Christel
1282 4172 1400 4267 similes¹
1420 4185 1453 4230 tt·

225 4265 394 4344 ventibus,
408 4278 440 4334 et
452 4265 592 4334 interitu
607 4266 812 4354 superiores,
826 4265 966 4358 perinde
981 4266 1052 4336 acsi
1068 4267 1192 4336 inesset
1205 4265 1316 4335 adbuc
1327 4261 1452 4350 spiritus,

223 4364 255 4421 et
274 4353 323 4422 eis
351 4354 477 4423 humor
506 4367 679 4442 tamquam
710 4376 765 4424 ros
790 4352 953 4424 insideret
977 4356 1179 4425 matutinus.
1206 4359 1285 4425 turn
1315 4371 1367 4419 aas
1392 4357 1452 4428 etgl
