2960 4824
51 275 112 338 did.
137 275 173 338 ta
302 293 341 339 oro
365 293 410 340 ss.
435 292 621 352 nusrnarm,
648 294 808 341 nuxcnrro
831 293 898 341 nro.
927 294 983 340 uu.
1173 278 1229 340 att

47 376 223 447 docebantur
244 399 263 447 a
285 393 403 448 sancto
422 379 603 460 Eustratio,
628 379 848 468 promptique
867 393 899 448 et
926 378 1058 448 alacres
1082 379 1124 449 ab
1144 401 1183 448 eo
1207 379 1282 449 red-

48 466 186 534 debantur
203 465 245 535 ad
262 467 468 557 propositam
486 468 536 536 cis
553 468 831 538 decertationem.

74 557 172 640 §12
189 556 246 624 Die
268 555 328 624 ilio
353 557 387 624 in
410 556 463 626 his
489 569 671 639 transacto,
698 555 853 644 sequenti
878 567 976 626 nocte
1000 561 1175 626 [turcum
1204 578 1281 626 snr-

44 643 165 725 rexisset,
209 642 358 716 roiessus
382 657 431 716 est
449 666 485 714 se
501 644 588 716 velle
612 647 661 714 ire
684 646 726 714 ad
745 645 914 714 civitatem
933 645 1221 735 Nicopolitanam:
1247 657 1281 714 et

43 731 150 800 interim
174 667 256 802 dum
274 733 366 802 soiiti
393 733 433 802 ad
460 735 524 803 iter
540 755 577 804 se
601 737 767 823 parabant
792 734 953 816 ministri,
981 734 1127 824 prosiliit
1146 735 1219 824 ipse
1244 734 1279 802 in

41 821 214 903 custodiam,
241 823 301 892 ubi
318 835 416 892 erant
436 823 573 904 Sancti,
599 836 631 892 et
651 823 762 893 solum
789 822 926 892 beatum
952 824 1161 892 Eustratium
1182 822 1283 910 jubet

43 909 108 976 trahi
133 909 230 980 doras.
262 915 344 980 Cum
370 923 483 981 autem
505 923 593 983 esset
622 912 817 992 adductus,
844 911 941 980 vultu
969 911 1090 981 ridenti
1120 911 1205 980 dixit
1224 911 1276 981 ei:

42 1003 202 1081 «Laetare,
224 1000 403 1070 carissime
433 1000 630 1069 Eustrati.»
656 1005 800 1070 Sanctus
826 1021 903 1069 varo
928 1000 1126 1090 respondit:
1155 1004 1280 1070 «Deus

41 1088 238 1244 omnipotens,
265 1088 322 1158 cui
346 1110 409 1178 ego
433 1090 553 1170 servio,
581 1102 611 1158 te
636 1089 785 1158 vicissim
806 1088 910 1179 digne
925 1089 1059 1170 salutet,
1081 1088 1278 1158 odudex.›

42 1177 95 1242 Dux
131 1177 206 1245 icit:
234 1181 313 1246 «De
334 1181 398 1246 Deo
422 1177 466 1246 sit
489 1178 552 1246 tibi
570 1199 695 1247 curae:
722 1177 757 1246 in
783 1179 973 1266 praesentia
997 1191 1112 1248 autem
1141 1190 1282 1267 capeat

43 1277 112 1416 gesta
130 1265 226 1346 hanc,
253 1287 342 1352 quae
366 1265 427 1334 tibi
451 1264 563 1346 datur,
589 1265 777 1355 crepidam,
804 1279 841 1334 ut
866 1264 988 1336 lubens
1013 1266 1194 1336 nobiscum
1216 1267 1279 1336 iter

53 1353 138 1422 acics:
162 1367 236 1422 erat
258 1375 336 1422 vero
360 1353 498 1442 crepida
522 1353 634 1444 longis
648 1367 680 1424 et
695 1355 805 1425 acutis
822 1354 927 1424 clavis
944 1356 1118 1436 transfixa,
1138 1368 1176 1424 ut
1190 1369 1277 1425 tam·

41 1461 117 1524 qoam
138 1442 256 1513 fibulis
281 1441 512 1532 perforaretur
526 1442 697 1530 quaelibet
723 1465 800 1532 pars
825 1443 951 1532 pedum
969 1445 1091 1534 ejus.»
1109 1445 1191 1512 Cum
1217 1445 1281 1514 hac

38 1549 98 1618 crgo
112 1531 244 1622 crepida
268 1553 348 1600 eum
374 1530 554 1612 induisset,
581 1544 613 1602 et
637 1531 718 1602 loris
738 1531 987 1614 adstrinxisset,
1005 1555 1068 1602 suo
1085 1533 1280 1622 obsignavit

37 1620 160 1689 annulo:
186 1633 218 1690 et
237 1620 344 1707 jussit
366 1642 470 1700 eum,
497 1619 579 1690 dum
606 1621 808 1702 duceretur,
835 1642 896 1710 per
918 1633 1021 1690 totam
1049 1621 1136 1690 viam
1165 1623 1278 1691 verbe·

39 1707 89 1774 rari
109 1721 137 1778 et
158 1708 246 1778 trahi
270 1731 351 1780 cum
377 1709 519 1797 reliquis
534 1709 674 1780 sanctis.
695 1715 772 1798 lpse
788 1722 900 1780 autem
927 1731 1005 1778 cum
1023 1722 1103 1790 toto,
1121 1710 1277 1795 quicum

38 1799 316 1878 eametexercitu
334 1798 397 1866 iter
415 1799 691 1887 persequebatur,
708 1811 740 1868 et
760 1812 837 1888 post
851 1798 938 1868 duos
954 1798 1027 1867 dies
1053 1811 1280 1898 pervenerunt

37 1881 65 1950 cd
80 1886 271 1968 castellum,
298 1886 389 1972 quod
415 1899 466 1956 cst
489 1908 595 1976 prope
611 1891 811 1956 Arauracos.
838 1890 919 1955 Cum
950 1890 1064 1956 Sancti
1088 1899 1200 1956 autem
1227 1909 1282 1958 ac·

36 1974 200 2058 cessissent,
222 1986 392 2062 quotquot
405 1989 501 2044 erant
521 1974 616 2045 iliius
640 1975 801 2065 regionis,
828 1975 956 2064 egressi
981 1987 1062 2045 sunt
1084 1975 1125 2043 ad
1147 1989 1279 2062 specta-

37 2060 148 2144 culum,
174 2063 410 2136 desiderantes
435 2062 547 2133 videre
571 2065 707 2134 beatum
733 2064 955 2134 Eustratium.
983 2062 1106 2134 Nullus
1127 2083 1204 2132 vero
1223 2084 1280 2132 co-

38 2163 136 2236 gnatus
158 2175 218 2222 nec
248 2156 386 2222 amicus
413 2153 561 2222 audebat
590 2155 621 2222 ei
645 2153 948 2243 appropinquare,
982 2174 1023 2221 ne
1053 2151 1119 2241 ipsi
1143 2173 1280 2238 quoque

38 2241 406 2328 comprehenderentur:
434 2241 497 2311 hoc
518 2241 610 2311 enim
632 2264 650 2310 a
675 2241 838 2314 scelerato
862 2245 953 2310 Duce
976 2240 1184 2328 quibusdam
1207 2239 1278 2327 jam

38 2325 211 2414 imperatum
233 2330 356 2398 fuerat.
1218 2407 1222 2416 ,

71 2417 164 2499 tta.
191 2419 341 2500 Quidam
367 2431 479 2488 autem
506 2417 708 2500 Mardarins,
735 2418 786 2486 vir
800 2416 939 2506 quidem
965 2431 1054 2488 sorte
1077 2419 1228 2507 privatus
1249 2428 1281 2484 et

39 2523 87 2571 sno
97 2519 279 2588 contentus,
298 2528 378 2576 cum
400 2506 469 2575 iliis
484 2507 607 2578 diebus
622 2507 763 2576 domum
785 2506 851 2576 sibi
867 2507 1124 2586 construxisset,
1144 2505 1279 2596 tegebat

40 2590 162 2664 donum.
189 2602 273 2666 Cum
292 2596 327 2664 in
346 2617 465 2666 omnes
482 2611 594 2665 autem
614 2599 754 2666 Sanctos
772 2593 944 2664 defixisset
960 2595 1089 2676 ocuioS,
1108 2594 1192 2663 vidit
1209 2615 1281 2664 me·

39 2677 109 2750 dium
124 2705 236 2755 eorum
260 2697 439 2770 tamquam
460 2683 592 2754 stellam
612 2684 782 2774 insignem
800 2685 1033 2753 Eustratium:
1059 2696 1092 2754 et
1115 2683 1281 2754 cumcito

40 2768 146 2842 edomo
160 2773 406 2854 descendisset,
425 2772 512 2842 dixit
523 2774 619 2844 uxori
629 2795 710 2842 suae
727 2795 884 2842 sermone
899 2773 1056 2842 armenio
1071 2797 1078 2839 ι
1095 2771 1239 2853 «Vides,
1260 2795 1280 2842 o

40 2876 110 2940 uxor,
125 2883 199 2932 eum
224 2863 286 2952 qni
312 2875 385 2930 erat
407 2861 570 2931 dominus
593 2863 681 2950 ejus,
697 2875 850 2948 quaeest
865 2862 1089 2931 circumcirca
1111 2861 1276 2952 regionis,

40 2947 80 3029 totti
93 2963 120 3018 et
137 2973 258 3038 genere
272 2962 308 3021 et
331 2951 455 3040 opibus
470 2963 541 3021 erat
556 2964 622 3020 tam
645 2951 792 3040 insignis
806 2963 838 3020 et
855 2949 988 3020 tamdiu
1003 2949 1114 3020 tuerat
1136 2951 1279 3020 militiae

39 3033 136 3133 dacus,
154 3039 449 3130 quemadmodum
467 3039 583 3109 omnia
601 3038 802 3129 despexerit,
824 3051 856 3108 et
872 3038 953 3118 abit,
974 3050 1011 3107 ut
1029 3043 1093 3108 Deo
1111 3039 1169 3108 fiat
1182 3053 1279 3130 grata

42 3127 123 3194 trostia
145 3143 175 3198 et
199 3150 346 3218 regnum
372 3127 516 3198 coeleste
540 3149 642 3198 conse
668 3131 790 3197 uetur?
815 3133 936 3196 Beatus
968 3126 1044 3207 iile,
1071 3128 1162 3214 quod
1187 3130 1280 3198 etin

42 3209 85 3279 inc
100 3215 157 3284 vita
181 3215 285 3286 inerit
310 3215 492 3305 gloriosus,
520 3229 553 3286 et
569 3151 664 3307 apud
681 3216 861 3286 Dominum
882 3227 1035 3285 nostrum
1054 3217 1097 3285 sit
1117 3237 1278 3306 magnam

41 3297 188 3374 debiturus
209 3305 395 3384 fiduciam,
433 3319 466 3374 et
500 3327 578 3374 cum
604 3305 740 3394 Angelis
765 3303 931 3374 ineffabili
963 3302 1134 3394 voluptate
1160 3305 1283 3375 fruitu-

41 3407 90 3456 rus.
106 3415 122 3456 a
141 3395 282 3486 Egregia
304 3407 417 3463 autem
435 3393 530 3464 iliius
550 3415 636 3464 uxor
660 3394 855 3482 respondit:
883 3415 900 3459 a
922 3391 1127 3462 Dulcissime
1145 3392 1277 3474 marite,

40 3477 99 3572 tquid
117 3481 221 3554 obstat
238 3483 429 3572 quominus
445 3495 482 3553 tu
496 3503 633 3572 quoque
649 3504 688 3552 eo
702 3485 828 3562 venias,
845 3493 878 3550 et
896 3480 1051 3550 eamdem
1070 3504 1173 3572 quam
1193 3483 1279 3572 ipse,

42 3582 106 3636 tram
124 3571 215 3642 ineas
237 3586 272 3642 et
298 3582 451 3643 sanctam
476 3571 698 3662 consequaris
722 3593 800 3640 curn
831 3571 906 3660 ipso
932 3571 1279 3650 consummationem,

44 3665 66 3718 tt
84 3656 122 3725 sis
145 3661 208 3731 mei
228 3660 390 3730 defensor
405 3671 438 3730 et
456 3659 580 3730 horum
607 3681 791 3750 puerorum
818 3659 1015 3740 infantium,
1045 3672 1076 3728 et
1100 3659 1204 3729 totius
1229 3659 1282 3728 tui

42 3747 168 3820 teneris?
181 3771 198 3815 o
212 3750 301 3818 Dixit
319 3749 395 3836 ejas
411 3747 576 3818 maritus:
595 3753 673 3818 «Da
691 3749 775 3842 mihi
793 3748 936 3830 calceos,
956 3760 989 3816 et
1005 3747 1180 3836 ingrediar
1192 3748 1283 3817 viam

43 3853 53 3888 t
67 3851 108 3928 ne
121 3834 358 3906 desideratam.
387 3860 405 3903 >t
425 3835 488 3906 nra
508 3858 586 3906 vero
601 3837 665 3906 hoe
682 3835 760 3906 fecit
779 3837 947 3917 velociter,
974 3848 1007 3906 et
1031 3835 1116 3906 laeta
1129 3859 1207 3906 enm
1228 3835 1283 3906 di-

45 3922 121 3990 uisit.
144 3926 205 4006 Oui
230 3948 311 3994 cum
338 3925 524 4013 accepisset
548 3924 691 4006 calceos,
715 3938 747 3995 et
771 3947 805 3994 se
831 3937 920 3996 veste
940 3925 1120 4008 induisset,
1139 3937 1172 3996 et
1191 3925 1280 3996 duos

44 4023 104 4087 ¹{tros
125 4010 268 4084 habehat
292 4013 383 4084 iilius
406 3995 504 4084 ulnis·
524 4027 612 4083 esset
635 4013 827 4103 ampiexus,
856 4015 946 4084 stetit
970 4013 1011 4083 ad
1038 4015 1222 4093 Orientem,
1251 4029 1283 4082 et

47 4093 192 4170 dominum
220 4101 402 4184 invocavit,
431 4116 463 4172 et
482 4102 588 4172 dixit:
615 4125 632 4169 a
666 4105 807 4174 Domine
825 4109 911 4173 Deus
937 4115 1031 4192 pater
1050 4104 1279 4192 omnipotens,

47 4187 291 4280 '‘ttdominetesu
306 4191 448 4272 Christe,
459 4206 491 4261 et
506 4195 627 4262 Sancte
639 4193 798 4282 Spiritus,
810 4215 878 4262 utra
890 4191 1063 4273 divinitas,
1075 4213 1144 4261 una
1161 4192 1280 4273 virtus,

49 4287 173 4348 miserere
188 4281 254 4350 mei
272 4281 483 4369 peccatoris;
508 4282 667 4352 miserere
683 4280 829 4350 anciliae
849 4293 938 4361 tuce,
957 4292 989 4351 et
1005 4301 1079 4350 eam
1098 4282 1236 4370 suscipe
1250 4295 1283 4350 et

50 4349 356 4452 incommodantes,
375 4370 433 4460 qui
451 4391 488 4440 es
500 4369 659 4442 defensor
676 4369 857 4439 viduarum
874 4379 906 4438 et
923 4381 1016 4459 pater
1032 4368 1281 4458 orphanorum.
