3046 4838
73 277 135 341 [tet.
160 279 171 340 l
436 299 478 344 na
503 299 528 343 s.
552 296 653 344 aurato
677 298 726 342 nr.
754 295 885 342 aovrou.
1210 277 1251 338 55

71 379 164 446 similis
184 379 355 460 videretur;
377 393 410 448 et
428 381 650 468 simulatque
675 381 807 470 Eligius
827 403 883 450 ore
902 378 1042 468 pretulit
1066 376 1178 457 verba,
1198 376 1297 446 humi

68 467 261 548 collaberetur,
282 470 472 556 cunctique
507 493 584 540 eum
609 471 760 538 animam
793 469 984 557 exspirasse
1005 478 1175 557 putarent.
1196 466 1296 534 blica-

67 556 159 624 bantur
179 579 286 627 omnes
309 558 413 648 Eligii
435 560 598 648 injuriam
614 571 681 628 tam
699 560 767 628 cito
783 558 975 626 vindicasse
1000 561 1118 634 Deum,
1138 553 1297 623 orabant-

64 667 110 730 que
129 657 266 714 sanctum
293 647 419 728 virum,
436 661 473 716 ut
496 670 555 736 pro
580 648 704 716 misero
723 648 904 716 [lominum
931 646 1184 734 deprecaretur.
1201 641 1297 725 Quod

63 745 150 800 utrum
162 733 276 814 lecerit,
294 736 551 826 incompertum
571 736 749 805 habemus.
773 737 808 804 ld
827 757 908 804 sane
925 734 1152 811 admiramur,
1169 745 1296 800 tantam

62 823 110 888 rim
131 823 273 892 babuisse
287 845 486 893 sermonem
511 827 595 914 ejus,
612 838 649 893 ut
668 826 743 894 sine
760 824 832 892 ullo
854 825 921 893 ictu
943 835 1080 910 repente
1106 820 1296 910 superbum

62 909 194 996 dejiceret.
221 911 324 981 Simul
351 913 580 993 advertimus,
606 935 708 999 quam
736 935 837 982 carus
858 911 960 980 luerit
985 917 1062 990 beo,
1083 922 1119 977 ut
1143 910 1201 995 qui
1219 929 1296 976 sen-

60 999 168 1066 tentiam
183 1000 253 1086 ejus
277 1014 344 1070 tam
372 1004 558 1091 perspicue
578 1025 638 1070 sua
658 1002 786 1070 ultione
802 1001 1017 1070 confirmarit
1022 1050 1088 1067 .....

71 1090 104 1184 ,ξ
124 1093 192 1158 ²0.
212 1092 350 1179 Rogavit
371 1113 454 1160 eum
477 1090 663 1176 aliquando
687 1090 956 1169 Erchonoaldus,
985 1086 1176 1177 praefectus
1202 1084 1298 1175 pala-

59 1187 102 1250 tto,
117 1189 228 1246 utcum
253 1181 327 1266 ipso
346 1180 490 1268 longius
515 1179 796 1268 proficisceretur.
824 1183 862 1249 ht
879 1178 935 1247 ille
963 1177 1070 1248 mulla
1100 1197 1215 1246 secum
1243 1195 1297 1243 re-

59 1277 166 1350 putans,
189 1267 317 1337 nolebat
345 1270 399 1338 ire
419 1291 500 1336 cum
521 1290 580 1336 eo:
606 1268 664 1338 sed
691 1281 802 1338 tamen
828 1281 966 1338 coactus
1000 1289 1019 1334 a
1043 1265 1238 1336 senioribus
1264 1273 1297 1331 et

57 1353 208 1424 abbatibus
228 1357 377 1448 civitatis
394 1379 491 1434 suae,
513 1359 706 1427 verentibus
725 1379 766 1426 ne
785 1357 870 1426 tanti
891 1356 954 1424 viri
970 1355 1126 1425 animum
1143 1351 1295 1423 offerrdc·

59 1455 103 1520 ret,
120 1443 157 1512 ita
171 1444 273 1533 palam
298 1446 410 1516 dixit:
440 1445 560 1528 «Quid
587 1468 723 1516 necesse
740 1457 801 1526 est,
822 1445 953 1524 iratres,
981 1457 1018 1512 ut
1039 1447 1131 1513 tanta
1158 1464 1220 1510 nos
1245 1439 1297 1508 al-

58 1529 155 1628 liciatis
175 1535 351 1606 molestia?
378 1534 545 1621 Equidem
566 1534 662 1615 novi,
689 1535 778 1621 quod
798 1556 855 1603 vos
881 1534 1065 1622 ignoratis,
1089 1531 1115 1602 si
1134 1553 1212 1600 cum
1238 1528 1298 1629 illo

59 1620 183 1698 ierimus,
199 1623 281 1692 male
306 1624 341 1692 id
379 1645 572 1693 cessurum.
601 1622 662 1692 Ille
686 1624 778 1692 enim
801 1623 882 1691 hinc
903 1622 1040 1709 quidem
1059 1621 1138 1699 exit,
1166 1618 1224 1688 sed
1251 1618 1298 1685 rbi

62 1709 199 1779 morietur.
214 1735 230 1778 a
246 1713 309 1783 Ivit
325 1726 447 1782 tamen
463 1735 541 1781 cum
558 1712 638 1780 illo:
662 1725 798 1780 ventum
814 1724 864 1780 est
884 1711 1055 1796 adlocum
1073 1709 1297 1778 destinatum.

62 1799 181 1884 tumque
197 1801 259 1870 illic
276 1813 384 1872 nocte
407 1800 569 1887 quadam,
588 1799 665 1870 aliis
680 1801 945 1880 dormientibus,
973 1821 1055 1868 casu
1080 1798 1200 1866 beatus
1234 1794 1301 1862 Eli-

64 1885 122 1970 gius
135 1885 207 1958 loras
220 1913 386 1980 egressus
403 1889 652 1970 obambularet,
671 1889 760 1958 etde
777 1889 920 1978 psalmis
938 1891 1052 1958 nescio
1076 1886 1160 1974 quid
1180 1906 1299 1954 seeum

66 1972 184 2056 ruberet,
205 1981 316 2049 subito
342 1978 428 2047 vidit
447 1979 643 2048 columnam
663 1979 753 2068 ignis
776 1979 902 2048 ecoelo
926 1975 1144 2056 descendere,
1164 1988 1197 2044 et
1227 1995 1299 2072 mua·

70 2081 121 2146 gna
134 2063 156 2130 ti
165 2066 356 2138 cubiculum
374 2067 599 2136 Erchonoaldi
620 2080 806 2224 penetrare.
821 2068 878 2136 Rei
898 2069 1010 2153 itaque
1027 2078 1184 2134 eventum
1201 2073 1300 2130 tacite

71 2168 157 2217 acum
172 2158 401 2236 considerans,
429 2157 602 2226 interitum
644 2155 748 2226 estiae
764 2156 858 2224 illius
882 2157 1028 2224 diacono
1044 2175 1118 2234 suc,
1141 2152 1201 2237 qui
1217 2151 1301 2219 sorte

69 2234 141 2306 solus
162 2253 214 2312 tum
236 2247 267 2315 ei
308 2245 440 2324 aderat,
479 2245 651 2314 indicavit.
680 2249 752 2312 Mox
777 2259 889 2313 autem
917 2243 1083 2312 divinitus
1115 2259 1302 2331 percussus

68 2326 297 2416 tancradus,
316 2333 468 2404 sentiens
487 2355 610 2434 magno
637 2332 757 2402 ardore
782 2334 928 2402 cruciari
951 2333 1081 2400 viscera
1104 2353 1179 2409 sua,
1203 2326 1302 2416 jubet

67 2433 149 2502 ocyus
160 2421 192 2488 ad
207 2446 239 2494 se
263 2423 448 2493 introduci
469 2422 628 2512 Eligrum.
652 2423 744 2491 Venit
760 2421 902 2512 Eligius.
926 2421 1015 2489 videt
1036 2420 1208 2489 hominem
1230 2437 1302 2484 ma-

65 2507 125 2590 gnis
142 2525 324 2603 correptum
344 2511 544 2600 angoribus
558 2511 713 2580 hortatur
726 2533 817 2591 cum,
846 2510 1033 2597 utquando
1052 2510 1123 2597 jam
1145 2506 1303 2593 desperat

62 2596 267 2690 stricturum,
299 2599 351 2668 vel
378 2601 566 2669 moriturus
589 2598 690 2669 iaciat
713 2599 802 2686 quod
826 2601 941 2668 vivens
962 2611 1080 2686 sponte
1112 2595 1299 2664 noluisset:

62 2681 184 2756 ucetica
203 2704 238 2760 ut
271 2688 409 2758 loculos
440 2688 564 2758 multos
594 2711 679 2757 auro
704 2701 885 2768 tumentes
907 2709 994 2774 quos
1017 2685 1096 2774 equi
1121 2683 1300 2764 vehebant,

61 2777 236 2860 pauperibus
255 2777 520 2866 quamprimum
545 2790 663 2866 eroget
689 2799 748 2864 pro
775 2776 950 2867 refrigerio
981 2777 1115 2844 animae
1136 2795 1237 2844 suae:
1265 2771 1302 2873 ld

59 2859 146 2932 solum
163 2867 383 2954 prolaturum
401 2866 430 2934 ei
457 2887 633 2936 asserens:
661 2867 814 2936 nocitura
843 2889 931 2944 vero,
960 2865 1105 2951 quaein
1134 2865 1304 2933 thesauris

58 2964 126 3018 esset
139 2954 329 3026 relicturus
363 2953 425 3023 Sed
454 2953 512 3022 ille
530 2965 568 3022 ut
591 2977 705 3043 rapax,
734 2955 779 3024 ita
808 2955 909 3024 etiam
940 2965 1050 3034 tenax,
1080 2951 1163 3022 dum
1190 2973 1304 3020 moras

59 3040 149 3120 nectit,
167 3055 306 3133 repente
330 3055 519 3112 extremum
543 3041 633 3113 efflat
663 3043 864 3113 anhelitum.
900 3049 1028 3132 Corpus
1052 3041 1139 3130 ejus,
1170 3040 1304 3110 miseri·

57 3128 151 3198 eorda
170 3144 295 3212 motus,
326 3130 457 3230 Eligius
471 3153 586 3200 seeum
605 3132 824 3220 absportavit,
844 3145 876 3201 et
892 3131 1031 3201 tradidit
1047 3131 1301 3220 sepulturae...

91 3217 201 3302 §8⁰-
232 3225 326 3289 Inter
350 3219 415 3288 aha
432 3219 548 3288 divina
570 3220 789 3300 charismata,
821 3243 932 3290 sermo
957 3240 1093 3307 quoque
1117 3217 1305 3315 sapientiae

58 3314 81 3368 et
97 3307 245 3378 scientiae
266 3319 368 3395 atque
385 3308 628 3378 consolationis
649 3309 779 3378 multus
795 3309 824 3378 ei
841 3309 986 3380 collatus
1010 3320 1091 3377 arat.
1119 3302 1305 3374 Humrhtas

59 3405 150 3462 antem
173 3411 204 3468 et
227 3398 380 3468 charitas
395 3396 609 3466 admirabilis
626 3410 658 3469 et
674 3397 775 3488 plane
790 3398 915 3468 eximia
932 3398 962 3466 ei
978 3399 1098 3470 inerat.
1118 3400 1156 3463 ln
1177 3393 1305 3490 honore

60 3499 111 3548 non
128 3485 335 3638 praelerebat
363 3485 500 3555 divitem
522 3487 678 3576 pauperi,
704 3499 763 3556 aut
781 3486 912 3556 nobiles
929 3500 960 3554 et
986 3495 1139 3575 potentes
1163 3480 1306 3581 abjectis

60 3579 83 3632 rt
100 3571 236 3644 riibus:
260 3574 318 3645 sed
355 3574 423 3644 illis
451 3576 666 3656 severiorem,
693 3575 767 3644 istis
797 3575 1011 3645 blandiorem
1046 3595 1081 3642 se
1111 3569 1304 3640 exhibebat.

79 3662 294 3734 amulossuos
317 3683 384 3731 non
410 3661 592 3752 affligebat,
619 3675 657 3733 ut
681 3664 790 3732 solent
815 3663 946 3732 domini
976 3684 1101 3738 servos,
1130 3658 1187 3729 sed
1223 3673 1306 3727 tam·

62 3763 144 3826 qoam
160 3749 675 3843 iratreshumaniterdiligebat.
699 3753 779 3822 Jam
801 3774 879 3822 vero
897 3751 930 3820 in
953 3749 1137 3820 tolerandis
1151 3747 1308 3818 barbaris

61 3849 164 3916 quanta
183 3839 340 3920 comitas,
358 3839 519 3929 patientia
536 3857 663 3928 quanta
679 3843 685 3908 l
701 3847 771 3911 Non
789 3838 1111 3911 cessabatinfideles
1130 3835 1308 3907 suadendo

64 3921 209 3997 adsidam
236 3926 428 4010 traducere·
446 3929 479 3996 in
509 3940 597 3999 ratos
621 3929 744 4016 officiis
771 3929 894 4010 lenire,
921 3927 1236 3998 contradicentibus
1259 3925 1308 3994 le-

65 4009 132 4080 niter
146 4015 362 4106 respondere,
382 3951 548 4105 superbos
565 4017 743 4088 humiliter
767 4017 922 4088 tolerare.
948 4017 994 4087 hd
1011 4017 1150 4103 quaevis
1174 4015 1262 4084 dura
1277 4025 1308 4084 et

26 4105 28 4204 p
66 4097 180 4201 adversa
194 4103 393 4194 perferenda
407 4104 514 4187 sortis,
537 4105 578 4175 ad
597 4107 759 4193 injuriam
776 4128 914 4176 omnem
931 4105 1099 4196 placidus
1117 4104 1160 4174 ad
1174 4105 1309 4174 miseri·

26 4209 28 4274 ς
68 4189 193 4261 cordiam
218 4193 327 4264 facilis
344 4206 428 4263 erat.
447 4194 562 4264 Dicere
577 4195 719 4275 solebat,
747 4217 801 4264 res
828 4217 909 4266 suas
935 4217 1001 4265 non
1028 4217 1109 4265 suas
1132 4215 1216 4274 esse,
1249 4190 1307 4262 sed

70 4293 256 4371 pauperum:
290 4304 440 4370 quorum
474 4305 555 4354 sane
583 4297 783 4374 procurator
805 4283 965 4374 egregius
989 4283 1074 4363 suit,
1106 4285 1221 4352 omnia
1245 4302 1309 4352 sua

75 4359 231 4440 lberaliter
255 4370 325 4440 illis
354 4371 563 4462 impertiens,
596 4372 631 4442 in
656 4371 761 4444 coelis
791 4371 943 4442 condens
973 4371 1163 4452 thesauros,
1189 4371 1249 4440 ubi
1275 4391 1307 4438 ss
