2954 4816
40 229 104 296 llic.
127 233 165 296 25
336 252 373 297 ur
395 251 582 300 narrrrrarrr
607 251 799 300 sauvaroars
822 252 934 301 rosrnr
1163 240 1228 304 aab

37 345 124 402 autern
149 333 219 417 ista,
236 357 315 404 cum
335 335 377 404 de
396 335 553 426 virginali
572 335 723 406 thalamo
739 337 915 427 virgineus
932 337 996 408 llos
1017 339 1141 409 Mariae
1157 362 1269 431 egres·

37 444 81 490 sus
99 436 153 504 est,
174 423 217 493 ita
239 423 361 494 cecidit
383 436 415 493 et
438 436 654 495 contractum
678 436 729 494 est
756 424 843 494 illud
870 426 1014 508 murale,
1033 440 1066 498 et
1089 428 1269 498 columna-

36 532 91 578 rum
114 532 204 602 opus,
225 525 261 582 ut
284 513 338 581 vix
360 525 550 604 appareant
574 513 715 604 vestigia
742 514 934 584 ruinarum.

65 601 137 684 §2
162 603 186 670 0
208 601 389 683 Bethleem,
408 602 528 673 civitas
554 603 610 672 Dei
635 602 777 684 summi,
794 615 826 672 et
851 603 884 671 in
910 616 953 684 te,
973 615 1005 672 et
1030 603 1065 672 in
1090 604 1269 676 suburbiis

34 687 84 758 tuis
102 688 165 758 risa
187 701 266 759 suut
289 689 462 760 mirabilia
486 690 599 760 hodie.
618 695 707 762 Deus
727 690 851 780 pendet
870 691 913 760 ab
934 692 1111 774 uberibus,
1129 695 1269 784 ponitur

32 777 58 842 in
78 797 234 867 praesepe,
254 778 381 868 ligatur
400 779 434 848 in
452 781 565 861 cunis,
585 779 712 869 pannis
732 779 928 862 involvitur,
947 787 981 850 et
1003 780 1124 854 laxatis
1147 781 1268 854 fascio-

31 862 72 944 lis,
90 863 193 936 lelices
216 889 340 939 manus
367 880 400 937 et
423 882 543 938 sancta
567 867 744 938 brachiola
780 891 840 959 per
863 889 1034 939 cunarum
1063 872 1265 962 parvitatem

29 954 173 1040 expandit.
191 954 317 1026 attudtc
340 956 485 1046 Virgini,
504 959 606 1026 matri
630 956 769 1038 arridet,
794 971 828 1028 et
846 957 1064 1029 blandientes
1088 959 1208 1030 oculos
1224 960 1267 1030 ad

30 1042 141 1110 tlariam
168 1043 350 1132 intorquet.
373 1050 444 1115 Stat
471 1047 650 1136 perterrita
674 1047 778 1114 tantis
797 1046 976 1117 miraculis
1000 1048 1132 1138 Regina
1156 1049 1267 1120 coelo-

30 1151 101 1210 rum,
116 1131 236 1203 confert
255 1133 289 1203 in
311 1134 414 1204 corde
429 1156 493 1204 suo
512 1134 753 1204 salutationem
774 1135 989 1224 Archangeli,
1007 1137 1266 1227 conceptionem

30 1219 85 1298 bei,
102 1220 295 1291 nativitatem
321 1223 432 1314 pueri,
454 1235 487 1291 et
504 1225 649 1294 miratur
672 1223 763 1310 quod
783 1223 851 1306 ille,
870 1228 931 1312 qui
952 1224 1001 1293 sic
1018 1227 1128 1314 potuit
1143 1226 1187 1296 ad
1204 1249 1267 1297 nos

30 1307 129 1390 tenire,
148 1311 195 1380 sic
216 1310 322 1381 voluit
341 1311 534 1382 subvenire.
553 1311 652 1382 Adest
675 1324 708 1382 et
729 1312 867 1403 loseph,
890 1312 949 1382 sed
970 1314 1014 1383 ab
1038 1327 1185 1403 utroque
1213 1338 1266 1385 re-

28 1409 127 1478 motus,
144 1412 173 1470 et
189 1400 224 1468 in
246 1421 387 1470 excessu
413 1400 537 1470 mentis
562 1402 718 1482 miratur,
736 1413 770 1470 et
796 1401 913 1470 mirari
945 1403 1028 1471 satis
1048 1425 1115 1472 non
1142 1417 1264 1493 potest,

27 1485 145 1567 qualiter
166 1489 209 1560 sit
224 1487 266 1558 ad
294 1502 406 1558 tantae
429 1489 640 1580 dignationis
664 1489 838 1560 admissus
861 1503 1041 1560 arcanum.
1061 1492 1161 1562 tdest
1179 1493 1267 1563 mul-

28 1573 112 1644 titudo
132 1577 284 1647 coelestis
307 1578 488 1660 exercituS,
510 1591 542 1648 et
566 1579 708 1649 vocibus
732 1578 903 1668 gloriosis
927 1581 1044 1649 Gloria
1063 1582 1099 1650 in
1122 1585 1267 1652 caccabis

28 1663 83 1742 lleo,
98 1664 241 1736 auditur.
269 1671 424 1737 Pastores
450 1667 602 1748 veniunt,
624 1680 657 1737 et
677 1668 1022 1768 inveniuntpuerum
1047 1681 1079 1737 et
1098 1669 1262 1758 puellam.

28 1753 150 1824 Procedit
172 1755 295 1836 stella;
322 1761 430 1846 Reges
453 1756 632 1836 accedunt,
660 1757 804 1826 adorant
832 1755 957 1838 lilium,
990 1769 1132 1827 matrem
1167 1779 1267 1828 vene·

28 1853 128 1922 rantur,
148 1843 296 1914 ollerunt
320 1865 476 1926 munera,
502 1844 661 1915 deferunt
686 1845 866 1934 majestati.
887 1845 1067 1915 Cruciatur
1089 1847 1264 1930 Herodes;

27 1925 203 2021 ierosolyma
229 1934 403 2014 turbatur;
427 1933 651 2020 requiruntur
674 1935 824 2019 scribae;
844 1934 940 2004 locus
965 1933 1188 2025 praedicitur;
1216 1936 1266 2003 in-

27 2012 135 2090 ducitur
156 2021 354 2106 simulatio;
376 2023 557 2092 simulator
584 2022 625 2091 ad
653 2022 801 2092 nihilum
831 2023 1033 2104 deducitur;
1060 2024 1267 2116 deteguntur

26 2122 184 2202 conmenta
200 2109 380 2182 fraudum.
399 2111 487 2202 llagi
513 2133 573 2200 per
592 2111 696 2180 aliam
715 2111 803 2180 viam
822 2124 1056 2193 revertuntur;
1084 2134 1147 2202 par
1166 2113 1267 2182 inau-

26 2191 108 2290 ditae
129 2199 253 2283 seculo,
284 2212 426 2290 regnat;
456 2199 642 2270 universus
670 2199 764 2270 orbis
795 2200 837 2268 ad
863 2221 1005 2272 censum
1032 2200 1263 2282 describitur;

27 2301 96 2354 ntus
115 2285 175 2358 olei
198 2288 241 2359 de
258 2301 347 2358 terra
370 2288 543 2378 persudat,
562 2301 594 2358 et
619 2289 652 2357 in
669 2289 807 2358 divitem
826 2311 946 2358 venam
973 2289 1087 2376 liquor
1110 2289 1266 2360 sanctiti-

26 2384 99 2442 catus
116 2375 243 2447 ebullit.
264 2377 354 2460 Quid
380 2391 429 2446 est
445 2377 522 2458 hoc,
545 2378 612 2449 nisi
637 2379 718 2464 quia
743 2399 821 2448 vera
841 2401 905 2536 pax
921 2379 955 2447 in
974 2379 1072 2449 terris
1091 2379 1263 2479 apparuit,

26 2457 73 2557 uisi
87 2465 154 2548 quia
177 2466 220 2536 ad
242 2487 435 2554 supernum
455 2488 600 2556 regnum
617 2469 709 2538 cives
725 2465 837 2536 adscri
867 2480 985 2548 untur,
1004 2469 1071 2536 nisi
1087 2491 1169 2557 quta
1187 2465 1266 2537 lons

26 2553 246 2624 msericordias
270 2553 316 2624 de
339 2555 477 2645 Virgine
501 2567 651 2637 emanat,
670 2555 783 2625 oleum
814 2555 960 2626 effusum
992 2577 1116 2625 nomen
1140 2564 1266 2626 tuum‘t

25 2635 139 2722 Spiritus
155 2647 316 2724 Sanctus,
339 2645 531 2731 scripturae
547 2644 647 2713 istius
664 2666 757 2714 uuus
773 2655 806 2713 et
820 2645 946 2714 unicus
962 2642 1158 2724 fabricator,
1179 2665 1265 2714 nou-

25 2725 125 2796 nullam
148 2753 228 2802 suae
254 2732 480 2822 pinguedinis
495 2731 715 2802 dnlcedinem
734 2734 799 2803 sub
820 2733 885 2803 lroc
901 2733 1053 2824 capitulo
1068 2733 1261 2821 dereliquit.

25 2812 68 2881 Sed
89 2839 140 2887 ros
161 2821 345 2892 nocturnis
379 2820 505 2912 vigiliis
540 2821 587 2891 ita
621 2820 797 2912 defatigati
825 2822 931 2903 estis,
965 2835 1004 2891 ut
1037 2822 1091 2892 vix
1127 2822 1266 2913 possitis

24 2919 150 2977 uranum
167 2910 209 2981 ab
232 2909 347 2980 oculis
372 2931 555 2980 removere.
576 2909 741 3000 Evigilate
757 2924 867 2980 tamen
895 2909 1083 3068 paulisper,
1101 2925 1133 2980 et
1150 2911 1265 2981 somni

24 2998 159 3082 torporem
183 2998 346 3070 excutite.
374 2998 488 3069 Aderit
511 2998 591 3081 ille,
618 2999 660 3067 de
684 2999 785 3086 cujus
812 2998 986 3069 nativitate
1026 3000 1201 3087 oquirnur,
1227 3010 1267 3068 ut

24 3075 162 3156 illuminet
177 3087 301 3158 oculos
318 3101 462 3170 nostros,
478 3109 519 3156 ne
536 3087 810 3157 obdormiamus.
826 3093 930 3157 totus
946 3099 1058 3157 autem
1078 3089 1266 3158 sententiaa

25 3183 174 3244 sensuser
198 3176 298 3246 illius
336 3198 416 3246 arca
447 3177 684 3258 mutuabitur,
713 3176 814 3268 cujus
852 3176 1037 3246 consilium
1073 3190 1125 3246 est
1163 3177 1264 3264 quasi

23 3260 171 3333 consilium
198 3266 268 3335 [tei.
291 3270 369 3354 lpse
393 3263 450 3333 ille
473 3276 535 3346 est,
564 3266 728 3334 [lominus
755 3263 911 3335 videlicet
935 3265 1216 3335 claraevallensis
1232 3265 1260 3346 *,

24 3345 97 3431 cujus
120 3351 236 3444 religio
260 3365 298 3424 et
327 3352 499 3434 discretio,
531 3352 700 3443 sapientia
723 3367 756 3424 et
779 3352 986 3440 eloquentia,
1010 3353 1077 3454 pita
1100 3367 1133 3423 ει
1156 3352 1261 3452 sarna,

24 3447 66 3530 per
86 3449 178 3509 totam
204 3441 423 3514 Latinitatem
453 3463 520 3512 non
549 3443 721 3512 immerito
752 3442 971 3513 decucurrit:
1000 3441 1145 3513 libenter
1168 3461 1264 3510 ennn

25 3517 93 3594 llius
112 3531 261 3602 sarcinas
277 3529 397 3601 adoro.
418 3531 480 3601 Sed
507 3529 549 3600 ad
575 3531 789 3622 propositum
816 3545 1039 3602 revertamur.

53 3611 122 3695 ld.
146 3621 324 3712 Benignus
347 3618 407 3688 ille
431 3619 591 3707 Spiritus,
609 3621 652 3689 de
674 3621 776 3710 cujus
800 3621 973 3691 secretiori
994 3618 1085 3690 sonte
1108 3619 1264 3690 Cantico-

26 3711 78 3790 tttn
93 3704 211 3778 llumen
228 3707 357 3788 eradit,
385 3708 419 3778 in
444 3708 498 3780 his
519 3709 629 3779 tribus
654 3709 766 3785 verbis
782 3709 846 3778 tria
870 3709 970 3780 nobis
990 3708 1196 3796 requirenda
1212 3729 1264 3776 re·

27 3776 106 3873 hluit,
121 3796 273 3869 videlicet
295 3818 420 3867 nomen
434 3798 565 3888 sponsi,
582 3819 689 3884 quare
703 3796 778 3867 oleo
797 3809 1027 3888 comparetur,
1043 3810 1074 3867 et
1090 3795 1264 3897 quomodo

27 3871 204 3976 tlundatur:
229 3887 316 3975 quia
340 3898 372 3954 et
397 3908 519 3956 nomen
547 3900 643 3967 tacet,
666 3885 708 3955 de
734 3889 991 3976 comparatione
1012 3886 1060 3956 nil
1086 3885 1261 3973 loquitur,

30 3959 85 4034 ubil
103 3971 178 4045 dicit
195 3975 239 4046 de
254 3975 436 4046 effusione.
463 3975 615 4044 Primum
638 3974 680 4044 de
698 3975 836 4045 nomine
853 3975 1043 4046 videamus.
1070 3976 1199 4054 ltulta,
1225 3985 1264 4042 ut

31 4048 147 4143 arbitror,
172 4063 340 4136 vocabula
359 4065 477 4152 sponsi
499 4063 726 4164 perdivinam
753 4065 965 4154 Scripturam
995 4085 1114 4154 sparsa
1143 4063 1263 4152 legun·

34 4143 139 4238 tuq—sed
164 4153 198 4222 in
227 4157 300 4224 duo
324 4152 421 4222 vobis
444 4175 606 4223 universa
626 4151 846 4240 complector.
873 4152 1013 4224 Nullum
1035 4149 1263 4250 prolectore·

34 4238 148 4321 latetis,
172 4241 265 4330 quod
296 4263 365 4312 non
392 4254 488 4312 sonet
512 4255 572 4311 aut
601 4241 790 4332 majestatis
814 4241 1015 4333 potentiam,
1037 4254 1095 4310 aut
1116 4252 1263 4330 gratiam

52 4347 107 4400 'W‘
115 4365 160 4416 ctu
167 4377 303 4414 termam
313 4371 339 4411 ιι
348 4369 375 4410 tn
384 4367 480 4412 cmo.
