2932 4812
1 293 75 356 tEC.
106 289 149 354 3t
363 309 402 354 nn
426 308 453 356 s.
480 307 678 355 esnssrtttvo
703 303 901 356 couvnssonc
1158 291 1222 353 tta

1 416 69 464 uae
97 391 308 463 miraculum
338 391 528 465 delumine
551 393 659 463 lecit?
683 397 812 485 Regina
836 393 928 464 enim
949 392 1044 462 Galla
1070 391 1263 474 Placidia*,

1 497 24 552 rt
48 481 216 563 audistis,
243 481 444 572 suppliciter
466 485 543 574 ejus
566 482 743 573 flagitabat
767 482 934 554 auxilium
961 501 1022 570 pro
1037 481 1187 570 quadarn
1204 501 1268 550 sua

1 571 194 660 redisequa,
220 591 308 658 quae
332 570 609 643 intolerabilibus
632 572 852 642 cruciabatur
875 569 1053 640 doloribus
1066 569 1265 641 oculorum:

0 661 43 734 ui
72 681 159 728 mox
182 659 286 750 pallio
310 680 373 729 suo
396 661 473 750 ejus
488 658 606 730 oculos
630 661 725 751 tangi
751 660 934 752 praecepit,
957 671 990 728 et
1005 660 1054 730 sic
1069 661 1113 729 ab
1132 681 1172 728 ea
1187 679 1266 748 pro-

1 751 81 818 inus
98 769 241 818 omnem
263 747 442 838 pestiferae
458 771 498 820 ae
524 749 687 820 ritudinis
704 749 894 822 molestiam
913 748 1087 838 effugavit.

30 841 48 924 ξ
74 841 115 906 3.
147 841 359 937 Quapropter
382 860 461 908 curn
496 773 699 929 dignitatem
727 851 844 920 tuam,
873 837 1072 909 felicissima
1092 836 1176 907 urbs
1200 840 1266 906 Ra-

1 948 113 1006 venna,
135 925 256 996 subtili
276 926 496 997 meditatione
519 926 711 1006 considero,
731 926 938 1017 largissimis
955 939 986 996 te
1011 925 1267 997 misericordiae

1 1015 129 1084 livinae
158 1013 335 1086 beneficiis
358 1015 501 1087 ditatam
526 1037 600 1086 esse
631 1037 691 1105 per
716 1015 817 1086 endo.
844 1014 947 1084 Video
977 1015 1094 1096 enim,
1120 1014 1203 1102 quia
1226 1034 1267 1083 ex

4 1125 63 1192 pso
95 1103 261 1193 originali
293 1103 383 1173 sonte
416 1105 628 1175 Christianae
659 1037 861 1194 religionis,
894 1117 1077 1194 perpetuae
1111 1101 1268 1173 meruisti

1 1191 158 1262 poculum
173 1193 313 1263 haurire
337 1193 470 1264 salutis.
497 1199 535 1264 In
560 1193 738 1264 Antiochia
761 1214 922 1282 namque,
950 1193 1039 1264 sicut
1069 1193 1104 1261 in
1130 1190 1269 1262 letibus

1 1281 230 1377 tpostolornm
258 1281 393 1372 legitur,
422 1283 575 1372 primum
590 1282 772 1352 Christiani
793 1281 956 1371 discipuli
976 1293 1058 1352 sunt
1076 1281 1197 1350 vocati.
1221 1284 1269 1349 Ex

0 1393 67 1458 pso
91 1371 201 1462 igitur
224 1383 362 1441 sanctae
386 1371 557 1442 Ecclesiae
586 1370 810 1441 fundamento
834 1371 1019 1459 quadratos
1049 1368 1180 1460 lapides
1210 1391 1268 1438 su-

1 1460 143 1548 cepisti,
172 1481 277 1550 super
303 1481 391 1548 quos
417 1461 508 1530 velut
527 1460 746 1530 firmissimas
767 1460 866 1530 bases
892 1471 1014 1540 erecta,
1037 1458 1207 1529 immobili
1232 1479 1268 1528 es

0 1548 58 1616 lde
78 1561 111 1617 et
131 1549 325 1618 sanctitatis
341 1548 511 1619 soliditate
528 1547 683 1618 lundata.
702 1549 786 1618 Inde
802 1550 895 1618 enim
914 1548 1019 1619 habes
1035 1547 1267 1637 Apollinarem

1 1637 225 1724 tpostolicum
255 1649 453 1728 martyrem,
484 1637 564 1707 inde
587 1638 688 1707 etiarn
714 1638 957 1708 Barbatianum
979 1637 1156 1738 egregium
1182 1640 1269 1706 Con-

0 1739 177 1807 ·*ssorem,
198 1725 258 1813 qui
280 1726 371 1798 velut
395 1727 483 1798 duae
502 1725 809 1797 excellentissimae
837 1727 930 1796 cedri
962 1725 1136 1816 paradisi,
1164 1725 1213 1794 sic
1239 1737 1269 1794 te

1 1815 97 1883 ramis
114 1835 201 1886 suae
216 1817 436 1904 protectionis
450 1816 671 1895 obumbrant,
689 1827 727 1884 ut
743 1815 771 1884 si
789 1815 854 1885 sub
871 1815 920 1884 eis
937 1813 1114 1884 humiliter
1127 1833 1268 1882 manere

1 1902 152 1984 volueris,
174 1925 312 1974 omnem
332 1927 351 1972 a
372 1918 403 1973 te
419 1905 591 1974 turbinem
617 1903 831 1974 adversariae
848 1903 1058 1993 tempestatis
1081 1901 1266 1992 expellant.

5 1995 36 2057 Et
51 2005 83 2059 ut
98 1993 148 2062 eis
164 1992 283 2062 deesse
303 1993 389 2061 nihil
408 1993 527 2071 valcat,
549 1992 642 2080 quod
659 1993 701 2062 ad
718 1993 898 2063 cumulum
925 2004 1003 2062 tuae
1026 1990 1198 2061 felicitatis
1218 2003 1270 2059 at-

5 2079 108 2162 tineat,
128 2103 208 2151 mox
221 2095 260 2151 ut
275 2081 317 2150 de
336 2081 555 2152 Antiochenis
570 2080 701 2151 finibus
712 2095 847 2160 exeunt,
871 2087 1009 2162 Romae,
1032 2102 1119 2166 quae
1137 2079 1269 2166 absque

5 2167 99 2238 dubio
122 2181 229 2260 caput
243 2183 296 2264 est
311 2182 343 2239 et
360 2169 563 2272 principalis
578 2169 676 2240 sedes
693 2171 795 2240 totius
811 2184 948 2241 sanetae
973 2168 1154 2250 Ecclesiae,
1174 2190 1269 2238 eom·

10 2272 198 2339 morantur;
227 2259 393 2328 nimirum
419 2273 457 2328 ut
477 2281 510 2328 m
537 2258 654 2329 schola
670 2259 758 2328 Petri
776 2259 938 2348 primitus
955 2259 1101 2337 discant,
1128 2258 1219 2344 quod
1239 2270 1269 2327 te

12 2347 216 2428 postmodum
237 2347 279 2415 de
295 2347 451 2417 doctrina
468 2349 619 2418 veritatis
635 2347 818 2420 erudiant:
846 2360 877 2417 et
900 2347 942 2418 de
967 2347 1154 2438 purissimo
1179 2345 1269 2414 lente

12 2429 214 2506 abundanter
238 2435 370 2516 bibant,
388 2437 479 2522 quod
498 2439 531 2506 in
554 2450 584 2506 te
601 2436 761 2507 salutaris
776 2437 952 2506 doctrinae
968 2436 1163 2526 magisterio
1179 2433 1271 2503 velut

10 2525 182 2594 eructando
210 2523 465 2595 transfundant.
495 2531 682 2613 Tamquam
709 2526 800 2594 enim
830 2527 953 2596 iterum
976 2525 1115 2598 Paulus,
1145 2524 1268 2593 iterum

8 2610 123 2695 lpollo,
141 2635 230 2701 quos
247 2613 305 2683 ille
322 2614 357 2682 in
376 2613 443 2684 fide
467 2613 643 2703 plantavit,
663 2615 726 2682 iste
745 2614 939 2705 largissimo
966 2612 1213 2683 miraculorum
1238 2622 1271 2681 et

8 2699 261 2782 praedicationis
278 2702 388 2772 imbre
416 2703 549 2792 rigavit.
577 2702 639 2772 Sed
661 2703 743 2790 quia
765 2724 874 2790 neque
891 2703 952 2790 qui
970 2701 1111 2792 plantat,
1131 2723 1170 2770 ex
1196 2701 1272 2859 ipso

8 2799 49 2882 est
65 2788 204 2878 aliquid,
221 2797 332 2878 neque
347 2791 408 2877 qui
425 2793 523 2882 rigat,
548 2813 608 2860 nos
628 2792 729 2860 etiam
747 2791 938 2880 Apostolica
954 2802 1133 2878 sequentes
1154 2811 1211 2858 ver
1237 2810 1268 2870 a,

8 2871 173 2949 dicantus:
201 2885 287 2948 Deus
307 2891 419 2949 autem
444 2883 683 2950 incrementum
709 2881 810 2951 dedit.

46 2965 61 3048 ξ
83 2969 120 3036 S.
146 2973 215 3038 llos
236 2969 342 3069 igitur
361 2981 427 3038 tam
455 2968 659 3058 praeclaros,
688 2969 843 3040 coelestis
867 2969 985 3040 curiae
1003 2981 1188 3048 senatores,
1208 2966 1271 3036 fra·

10 3059 65 3118 tres
91 3057 288 3136 carissimi,
325 3057 470 3144 perlecto
501 3056 615 3130 cordis
650 3079 765 3128 amore
798 3057 958 3149 diligite,
993 3057 1116 3128 horum
1142 3055 1272 3126 imitari

11 3142 148 3232 exempla
181 3157 249 3216 tota
279 3146 386 3215 animi
419 3144 597 3217 devotione
625 3159 753 3216 curate.
780 3152 862 3217 Nam
890 3148 919 3216 si
943 3146 1047 3215 vultis
1079 3145 1270 3231 essequod

12 3243 90 3310 sunt,
113 3255 250 3304 necesse
265 3246 315 3304 est
339 3235 439 3304 ctiam
467 3257 524 3305 vos
549 3234 669 3314 lacere,
697 3235 787 3323 quod
814 3235 978 3306 fecerunt.
1006 3240 1068 3304 Per
1086 3256 1128 3303 an
1158 3247 1269 3304 ustam

13 3331 79 3402 trgo
99 3333 131 3419 et
154 3345 312 3413 asperam
340 3323 467 3393 laboris
495 3325 600 3406 viam,
630 3323 867 3406 dilectissimi,
896 3325 930 3393 in
958 3324 1022 3394 hoc
1040 3257 1165 3396 ,360υῆ
1189 3341 1268 3391 eum

14 3419 124 3498 sanetis
148 3411 308 3493 incedite,
335 3423 372 3481 ut
397 3412 616 3502 postmodum
635 3413 775 3483 valeatis
799 3412 841 3482 ad
867 3434 986 3484 eorum
1012 3411 1131 3503 gaudii
1156 3409 1271 3480 latitu-

15 3485 112 3582 dinem
153 3502 320 3588 ervenire.
346 3500 411 3582 Qui
435 3501 528 3571 enim
545 3499 628 3570 dicit
642 3523 676 3570 se
693 3501 727 3568 in
746 3500 878 3572 Christo
897 3523 1045 3582 manere,
1066 3501 1166 3570 debet
1182 3499 1272 3569 sicut

18 3522 275 3686 rllelambulavit,
301 3601 333 3658 et
355 3590 428 3679 ipse
450 3589 641 3660 ambulare.
668 3589 789 3658 Procul
814 3590 921 3661 dubio
938 3601 1050 3660 autern
1074 3612 1091 3659 a
1118 3588 1271 3678 vestigiis

18 3663 120 3740 Christi
136 3679 313 3759 exorbitat,
340 3677 400 3765 qui
420 3689 604 3767 angustam
631 3677 784 3768 lugiens,
812 3677 1006 3749 latitudinis
1033 3679 1122 3748 viam
1148 3677 1268 3748 calcat.

22 3751 72 3822 Iste
93 3781 237 3855 namque
262 3767 482 3836 beatissimus
503 3766 577 3848 vir,
604 3767 705 3856 cujus
729 3766 895 3838 hodierna
921 3766 1088 3838 solemnia
1111 3766 1271 3854 frequen·

21 3849 76 3910 tare
97 3855 297 3937 gaudemus
321 3877 387 3925 non
406 3868 559 3924 terrenos
583 3854 730 3926 hohores
748 3855 865 3938 voluit,
893 3877 960 3926 non
981 3854 1119 3926 fallaces
1135 3855 1272 3924 divitias

23 3944 228 4032 tpttqregavtt
254 3965 321 4013 non
349 3943 470 4012 mundi
492 3942 638 4034 gloriam
667 3944 774 4034 petiit,
805 3965 872 4014 non
899 3943 1114 4016 transitoriae
1139 3964 1272 4034 posses·

25 4033 111 4094 sionis
127 4032 264 4117 praedia
284 4031 461 4113 dilatavit,
492 4032 705 4124 propinquos
734 4035 878 4122 sprevit,
905 4035 1051 4128 patriam
1076 4030 1269 4118 dereliquit,

27 4115 218 4273 &metipsum
243 4142 469 4223 quoqueup'ro
493 4141 610 4191 amore
634 4121 757 4192 Christi
774 4121 933 4222 funditus
952 4121 1145 4222 abpegavit.
1168 4124 1273 4220 Nemo

57 4213 89 4280 3⁰
139 4224 223 4292 icat,
259 4209 352 4298 quod
387 4210 437 4281 rlh
475 4210 692 4281 solummodo
728 4210 933 4282 coelestibus
972 4211 1067 4302 drgnr
1110 4229 1272 4302 praemiis

44 4349 200 4458 :throtllflmmgln
215 4369 352 4430 Theodotit,
365 4377 438 4413 mater
451 4381 507 4412 vero
523 4373 680 4432 Imperatoris
693 4371 848 4414 vetenttntani
859 4375 900 4413 111.
912 4374 974 4440 Uxor
988 4373 1091 4422 primurn
1100 4373 1146 4414 tuit
1155 4373 1265 4424 arnurphi

142 4431 211 4474 regim
221 4427 306 4476 nupsit
316 4424 398 4466 deinde
408 4426 551 4476 Constantio,
560 4425 614 4466 duct
624 4426 764 4467 clorrsetmo.
776 4426 840 4467 Obttt
849 4435 911 4468 auno
921 4429 966 4466 tou.
