2994 4832
63 333 161 400 otoo
435 351 473 396 nn
497 351 524 396 s.
551 348 685 397 arcuato
709 349 784 396 nn.
811 349 861 395 nr.
1177 333 1239 397 tot

63 436 162 524 lyciam
185 456 222 504 ea
245 445 438 524 tempestate
461 433 668 524 depopulata
692 446 753 515 est,
784 433 874 502 intra
903 432 1056 504 triduum
1087 435 1284 516 morientes,

62 523 203 594 haeredem
237 523 335 591 illum
372 536 570 593 testamento
599 523 796 592 instituunt.
820 527 975 604 Quorum
1013 535 1154 594 mortem
1192 525 1287 594 omui

59 613 142 682 udicio
160 635 196 683 ac
218 613 340 700 pietate
357 611 400 681 ita
426 625 476 682 est
502 624 717 713 prosecutus,
748 623 788 680 ut
812 610 899 679 nihil
923 611 1104 693 omitteret,
1130 612 1221 697 quod
1244 613 1287 684 ab

56 701 256 770 amantissimo
284 700 356 770 lilio
380 701 579 791 parentibus
602 700 743 790 optimis
764 700 927 790 praestari
953 721 1015 790 par
1039 701 1094 769 sit.
1122 701 1287 770 Haeredi-

55 803 129 858 tatem
148 789 390 879 igituradiens,
408 803 442 858 et
463 811 529 858 non
564 803 631 858 tarn
659 810 889 877 possessorem
916 810 963 869 se,
989 810 1093 877 quam
1130 787 1286 859 baeredi-

55 877 376 967 tatisdispensatorem
403 878 560 948 relictum
581 877 789 967 intelligens,
805 878 927 967 coepit,
946 899 1013 946 non
1037 879 1211 965 quomodo
1226 900 1287 968 pa-

52 968 213 1036 trimonium
231 979 371 1056 augeret
392 966 443 1056 (id
467 966 558 1054 quod
590 967 745 1055 plerique
768 987 888 1035 omnes
914 965 1073 1036 mortales
1101 964 1283 1056 factitant),

49 1056 175 1144 cogitare,
194 1055 248 1124 sed
274 1076 342 1142 quo
368 1069 466 1144 pacto
485 1056 732 1145 patrimonium
759 1053 974 1138 seminando,
1002 1054 1194 1124 uberiorem
1220 1055 1287 1125 sibi

48 1139 151 1243 lrugem
168 1146 199 1212 in
223 1143 318 1213 coelo
335 1143 521 1234 colligeret.
549 1143 637 1226 Quid
664 1143 760 1212 enini
781 1142 878 1212 aliud
894 1155 973 1232 agat
991 1144 1041 1212 vir
1063 1156 1226 1214 constans
1254 1156 1288 1214 et

50 1251 166 1318 sapiens,
185 1234 244 1318 qui
260 1233 304 1302 ab
324 1233 581 1302 ineunteaetate
605 1232 763 1302 funditus
784 1253 822 1300 ex
840 1233 957 1301 animo
977 1244 1128 1302 terrenas
1140 1233 1287 1319 ejecerat

49 1319 227 1407 cupiditates,
261 1322 328 1390 nisi
348 1335 388 1391 ut
406 1320 544 1392 duriore
563 1322 636 1478 p'am
670 1333 779 1390 aetate
805 1333 1011 1402 contemnat,
1041 1321 1131 1407 quod
1158 1322 1284 1390 teneris

48 1410 124 1476 annis
144 1411 250 1478 animo
275 1431 402 1502 magno
425 1423 458 1479 ct
481 1432 560 1480 exce
577 1432 612 1492 so
636 1411 890 1500 contempserit,
919 1431 960 1478 ne
991 1410 1078 1479 vitae
1108 1409 1283 1498 praeclara

46 1496 183 1566 exordiae
205 1499 420 1568 succedentis
436 1499 555 1568 aetatis
580 1499 773 1568 actionibus
798 1497 1044 1568 dissentirent?
1074 1503 1193 1585 Itaque
1212 1521 1282 1569 non

47 1585 77 1650 ad
97 1587 336 1676 congregandas
350 1587 498 1669 divitias,
516 1586 576 1656 sed
589 1587 632 1656 ad
646 1599 825 1678 congestas
839 1585 1103 1676 dispertiendos,
1123 1587 1280 1658 animum

48 1675 163 1760 appulit,
186 1689 220 1744 ut
237 1677 283 1746 nil
311 1675 407 1745 aliud
432 1676 550 1767 patula
571 1697 706 1756 manus,
737 1697 841 1763 quam
866 1696 1012 1765 egenum
1039 1687 1072 1744 et
1095 1697 1281 1766 pauperem

48 1763 187 1858 cogitaret.
223 1766 400 1834 Caeterum
436 1764 728 1852 quemadmodum
757 1763 858 1833 tellus
885 1765 962 1855 ipsa
989 1764 1146 1833 omniurn
1182 1764 1283 1856 longe

51 1847 263 1935 liberalissima,
288 1853 430 1934 herbis,
455 1853 628 1943 frugibus
659 1853 882 1924 arboribusve
910 1853 960 1922 sic
989 1851 1153 1921 alimenta
1182 1865 1284 1940 atque

52 1939 117 2006 ritae
128 1943 281 2028 praesidia
311 1942 467 2032 porrigit,
490 1957 527 2013 ut
545 1963 645 2010 nemo
672 1941 811 2028 quidem
837 1943 979 2010 omnino
1004 1940 1037 2009 id
1063 1941 1205 2021 sentiat,
1237 1943 1283 2011 ita

57 2029 202 2128 nosternblc
223 2051 414 2122 egenorum
446 2029 634 2111 alumnus,
666 2031 754 2099 clam
780 2030 934 2186 (puidam,
965 2040 997 2098 et
1026 2028 1122 2098 nullo
1155 2029 1283 2099 sciente

58 2115 225 2201 mortalium,
262 2119 539 2189 misericordiam
569 2141 667 2187 suam
693 2119 787 2188 incre
815 2118 887 2188 ibili
908 2118 1023 2188 studio
1047 2118 1081 2186 in
1113 2139 1283 2207 pauperes

59 2205 198 2275 exercebat.
229 2209 341 2296 Cujus
366 2207 516 2294 reliquas
543 2207 779 2296 eleemosynas
809 2206 1042 2296 intelligemus
1065 2205 1221 2287 faciliuS,
1253 2206 1282 2275 si

57 2285 106 2358 hoc
125 2315 205 2363 uuum
222 2318 241 2365 e
259 2296 425 2388 pluribus
442 2296 575 2366 celebre
599 2295 693 2366 illius
716 2295 843 2365 lactum
870 2297 1109 2382 subjiciemus.

90 2379 154 2462 §o
174 2385 239 2456 luit
265 2389 408 2454 Paterae
432 2386 484 2455 vir
507 2407 630 2476 genero
655 2383 773 2466 nobili,
796 2383 856 2471 qui
878 2384 933 2474 (ut
957 2385 1020 2454 lert
1036 2384 1208 2454 humanae
1233 2381 1249 2452 s
1267 2422 1282 2432 -

56 2460 158 2540 licitatis
175 2471 372 2632 lrapilitas)
394 2473 437 2542 ab
462 2473 651 2542 bonoribus
680 2474 714 2541 in
752 2487 1012 2574 contemptum,
1049 2495 1069 2541 a
1092 2472 1222 2542 divitiis
1247 2473 1282 2540 in

51 2571 189 2641 egestatem
236 2562 402 2632 sciderat.
421 2562 458 2632 Ei
473 2575 571 2630 erant
587 2575 653 2630 tres
676 2561 778 2643 filiae,
796 2583 949 2652 corporis
966 2561 1162 2647 formaeque
1178 2582 1283 2630 reuu-

48 2655 119 2724 state,
133 2661 160 2718 et
181 2672 318 2721 morum
341 2649 509 2740 elegantia
539 2649 639 2739 longe
661 2663 872 2740 praestantes
903 2650 1052 2740 virgines
1076 2671 1217 2731 omnes,
1251 2660 1283 2718 et

46 2753 159 2818 quarum
177 2753 269 2809 aetas
287 2739 337 2828 (si
358 2739 464 2830 patris
480 2738 658 2808 calamitas
675 2761 741 2809 non
760 2738 918 2827 obsistat)
938 2739 1076 2829 nuptias
1100 2737 1281 2896 flagitaret.

45 2821 95 2890 llas
113 2825 201 2918 inops
217 2841 328 2919 pater,
355 2829 449 2896 omni
483 2849 597 2897 rerum
626 2840 773 2918 egestate
797 2826 960 2908 calcatus,
989 2849 1057 2896 non
1088 2847 1143 2896 mo
1169 2827 1282 2897 oviro

44 2913 157 2996 tradere,
181 2918 236 2986 sad
263 2938 309 2985 ne
333 2916 423 2985 alere
441 2915 581 3003 quidem
604 2937 743 3004 quoquo
771 2927 870 3005 pacto
891 2927 1038 3004 poterat:
1069 2937 1180 3002 neque
1204 2937 1283 3004 spes

43 2997 96 3096 ulla
117 3005 272 3075 miserum
288 3005 464 3074 hominem
482 3004 668 3084 solabatur,
686 3026 755 3092 qua
772 3003 925 3090 quotidie
945 3006 1129 3074 crescentis
1147 3005 1283 3094 inopiae

41 3107 90 3182 nn
113 3091 277 3178 perferret.
298 3097 371 3162 Heu
392 3113 462 3162 reru
483 3093 579 3162 dictu
603 3092 749 3172 foedam,
768 3091 836 3162 heu
850 3114 918 3180 quo
939 3093 1133 3163 mortalium
1153 3104 1282 3162 mentes

41 3181 254 3266 insuperabilis
268 3181 321 3249 vis
337 3182 497 3272 egestatis
512 3180 669 3270 impellitl
690 3187 838 3263 Tetrum,
859 3196 965 3280 atrpx,
981 3182 1132 3250 immane
1145 3179 1283 3250 lacinus

40 3277 144 3361 patrem
161 3269 339 3360 (paternae
366 3271 499 3359 pietatis
528 3291 714 3340 memorem
744 3291 807 3351 ne,
835 3277 880 3338 au'
907 3271 1142 3338 immemorem
1169 3269 1282 3357 potius

40 3349 206 3447 luerim't)
226 3359 376 3449 exagitat
399 3358 550 3428 filiarum
565 3359 683 3440 decus,
703 3381 743 3427 ao
761 3357 962 3448 pudicitiam
992 3356 1216 3436 deserentem,
1243 3368 1283 3424 ut

40 3445 109 3538 natis
123 3449 351 3516 esurientibus
376 3469 443 3517 uon
462 3447 603 3518 deesset.
631 3447 746 3536 Coepit
761 3447 852 3516 enim
871 3447 913 3515 de
933 3444 1070 3514 illarum
1088 3445 1284 3535 virginitate

40 3528 145 3601 alienae
161 3534 396 3626 prostituenda
412 3535 549 3604 lrbrdtnr
574 3536 743 3622 cogitare,
771 3547 809 3606 ut
832 3535 1034 3626 turpissimo
1057 3544 1089 3602 et
1113 3533 1283 3624 flagitioso

40 3634 157 3700 quaestu
189 3626 292 3694 vitam
326 3625 500 3714 pereuntis
529 3624 682 3694 familiae
714 3635 876 3694 tueretur.
909 3628 986 3693 lam
1018 3643 1144 3692 resana
1176 3623 1284 3692 tames

41 3707 234 3781 reluctantem
260 3713 370 3814 patris
407 3714 562 3784 animum
593 3735 693 3803 aegre
719 3712 935 3804 perfregerat.
964 3711 1039 3782 lam
1068 3709 1218 3791 crudele,
1251 3721 1284 3780 et

41 3789 178 3871 humanis
194 3801 378 3892 indignum
397 3801 603 3883 luminibus,
620 3801 857 3890 spectaculum
875 3801 1072 3891 parabatur.
1088 3799 1175 3882 Quid
1189 3799 1282 3868 enirn

42 3893 92 3950 tam
111 3889 256 3959 validum
273 3903 336 3972 est,
365 3901 503 3976 tamque
527 3891 714 3972 munitum,
737 3890 827 3977 quod
843 3889 1027 3960 necessitas
1050 3910 1119 3958 non
1138 3899 1285 3979 proster-

44 3977 105 4039 natt
121 3977 179 4046 Sed
204 3979 304 4047 alluit
322 3978 365 4046 de
388 3979 482 4048 coelo
507 3980 686 4048 miserator
707 3979 883 4059 Dominus,
910 3977 970 4065 qui
994 3999 1106 4048 escam
1132 3979 1228 4048 daret
1245 3979 1285 4046 ti·

44 4064 253 4150 nentibusse3
278 4065 338 4154 qui
357 4069 461 4157 patris
478 4067 511 4136 in
539 4067 628 4137 filias
653 4067 794 4137 invitam
826 4066 1064 4137 crudelitatem
1093 4087 1161 4136 oon
1193 4079 1285 4156 pate-

45 4159 125 4248 retun
141 4155 197 4240 qui
217 4155 392 4245 virginum
407 4156 619 4227 castissimas
635 4157 807 4246 lacrymas
822 4157 1016 4237 miseratus,
1036 4177 1055 4224 a
1074 4167 1143 4222 tarn
1160 4154 1285 4224 foetido

48 4229 148 4324 lagitio
164 4241 331 4314 liberaret.
352 4244 414 4314 Sed
440 4266 508 4334 quo
531 4259 631 4336 pacto
656 4244 690 4313 id
715 4244 830 4326 lacios,
857 4244 1058 4314 dulcissime
1079 4247 1179 4324 Deua,
1206 4245 1285 4312 uni-

49 4337 134 4397 ttrsae
156 4332 407 4402 misericordiae
446 4346 540 4434 pater
563 4346 596 4403 et
619 4333 716 4413 lons,
749 4346 809 4403 aut
832 4354 900 4420 quo
926 4331 1083 4402 ministro
1113 4330 1283 4402 auxilium

49 4419 118 4482 tuum
145 4439 324 4510 oppressae
350 4420 497 4493 lamiltae
532 4424 710 4514 porriges?
736 4421 902 4514 Angelum
933 4420 1082 4511 prolecto
1116 4433 1187 4492 tute
1223 4419 1282 4491 tibi
