2960 4824
286 304 348 366 Dbl
680 319 718 364 nn
742 319 769 365 s.
797 317 931 366 naerens
955 317 1081 365 srrntrn
1350 297 1419 361 bnt.
1438 298 1460 358 lt

283 407 302 494 ξ
325 409 406 477 46.
434 408 624 492 Imperator
647 413 762 472 autem
789 402 853 471 viri
874 403 1040 473 reveritus
1062 401 1237 484 virtutem,
1261 413 1292 470 et
1313 400 1451 469 veritusn

239 493 324 581 quid
348 494 380 562 ei
405 513 507 582 grave
526 492 697 560 accideret
722 503 861 580 propter
885 490 979 560 illius
1003 490 1312 578 contemptionem,
1337 489 1449 557 mittite

239 605 319 652 eum
344 581 619 670 quamprimum,
652 591 685 648 et
710 592 806 669 rogat
837 592 876 649 ut
899 591 1098 650 revertatur.
1125 579 1187 649 llle
1211 597 1370 648 veronen
1395 596 1436 644 mo

239 672 359 750 flexus,
387 669 447 739 sed
471 670 574 739 etiam
600 669 711 758 magis
734 669 908 749 irritatus
934 690 1014 739 cum
1040 667 1182 738 dixisset
1204 667 1295 755 quod
1316 666 1371 754 qui
1390 664 1455 733 coele

239 772 324 830 stem
342 764 467 850 Regem
482 769 627 827 conatur
640 757 856 838 exacerbare,
879 758 953 847 ipse
978 756 1086 827 multo
1111 757 1222 848 magis
1248 755 1401 824 malorum
1416 753 1462 848 the

240 869 384 920 saurum
410 847 477 917 sibi
501 845 666 926 recondit,
685 857 718 914 et
741 845 867 914 deinde
886 845 1053 916 ad‘ecisse
1076 845 1178 915 etiam
1203 844 1274 914 lore
1289 844 1387 915 uthic
1402 842 1463 910 bren

240 935 373 1007 excidat
400 937 444 1006 ab
469 936 635 1024 imperio,
662 946 694 1004 et
716 957 775 1004 eas
798 956 886 1022 quae
911 867 983 1004 illic
1012 947 1093 1006 sunt
1116 934 1229 1003 minas
1260 955 1325 1002 non
1346 931 1462 1021 effugiat:

240 1027 325 1096 haec
349 1047 430 1095 cum
454 1023 606 1105 dixisset,
631 1035 665 1093 et
689 1023 822 1110 siquis
846 1025 881 1092 in
907 1024 1023 1092 tunica
1047 1035 1258 1094 remanserat
1280 1021 1395 1124 pulvis,
1414 1041 1444 1087 eu

240 1114 456 1194 excussisset,
477 1111 642 1203 processit
665 1111 786 1182 fidenti
809 1113 937 1181 animo.
964 1117 1048 1182 Gom
1074 1111 1167 1196 haec„
1182 1111 1463 1182 nunciarenturln·

241 1203 407 1295 peratori,
441 1201 546 1271 simul
570 1201 671 1270 etiam
697 1221 760 1271 sua
781 1212 902 1291 sponte
925 1200 1049 1271 cecidit
1073 1201 1179 1270 turris
1204 1199 1339 1290 palatii,
1364 1197 1437 1287 perir

241 1293 326 1362 acsi
345 1312 475 1381 perres
499 1290 673 1360 inanimes
696 1303 912 1378 arrogantem
938 1301 970 1359 et
994 1288 1198 1359 insolentem
1223 1289 1390 1360 hominem
1412 1291 1463 1352 Den'

241 1379 340 1450 vellet
363 1378 513 1450 erudire.
545 1383 720 1461 Quaenam
744 1391 858 1448 autem
884 1378 927 1448 ab
952 1378 1135 1448 accedente
1170 1383 1293 1448 Sancto
1321 1376 1398 1446 lacta
1417 1391 1457 1442 sun

240 1469 411 1539 miracula
433 1467 622 1559 (quomodo
637 1468 730 1536 enim
747 1489 788 1536 ex
811 1467 897 1537 urbe
919 1469 1067 1537 cumeis
1089 1479 1139 1538 est
1154 1489 1325 1557 egressus,
1344 1467 1384 1534 ita
1399 1462 1447 1557 etia¹

240 1558 489 1644 ingredientem
510 1557 586 1646 ipsa
606 1577 727 1625 rursus
752 1556 995 1642 sequebantur,
1015 1556 1273 1644 quodammodo
1297 1555 1377 1645 ipsa,
1399 1565 1447 1620 nti

240 1647 366 1722 dicam.
389 1647 447 1715 Dei
463 1645 585 1714 virtute
609 1644 780 1714 lamulum
797 1643 1014 1733 deducente),
1037 1667 1116 1715 cnm
1134 1667 1174 1714 ex
1194 1645 1250 1714 his
1269 1665 1382 1734 pauca,
1395 1659 1455 1722 eaqt

239 1749 379 1826 propter
403 1734 605 1812 satietatem,
633 1732 736 1803 veluti
760 1733 891 1804 cursim
915 1732 1099 1816 adduxero,
1118 1734 1273 1804 transibo
1296 1733 1339 1802 ad
1360 1753 1394 1800 ea
1412 1745 1455 1814 qut

240 1833 437 1914 s'upersunt.

283 1915 301 2000 ξ
320 1917 390 1986 Μ.
420 1917 489 1981 Duo
513 1909 653 1998 quidem
674 1911 718 1980 ab
735 1910 808 2000 ipso
825 1909 1059 1980 adolescentes
1078 1911 1229 2001 primum
1250 1921 1413 1986 sanantur,
1429 1923 1458 1988 qt

239 2003 452 2071 vexabantur
475 2022 494 2069 a
517 1999 757 2068 daemonibus.
777 1998 904 2068 Deinde
926 2000 1050 2070 mulier
1069 1999 1239 2087 quaedam
1262 1999 1330 2070 alia
1344 1992 1458 2066 fidelia

240 2111 384 2172 nanaea,
403 2111 492 2177 quae
516 2087 662 2157 babebat
679 2087 851 2168 sillam,.et
870 2087 974 2157 veluti
999 2089 1187 2158 aestuantis
1211 2089 1322 2158 animi
1339 2097 1422 2155 testes
1439 2081 1457 2144 lt

239 2201 378 2268 crymas
404 2176 631 2267 profundebat
645 2198 685 2245 ex
701 2176 824 2257 oculis,
854 2189 887 2245 et
911 2199 974 2278 per
998 2199 1056 2247 eas
1075 2178 1263 2264 quaerebat
1286 2175 1456 2247 curationem

242 2289 362 2340 sanam
381 2266 521 2354 quidem
547 2265 672 2355 accipit
687 2264 813 2334 liliam:
841 2263 1003 2334 laetitiam
1029 2279 1144 2336 autem
1166 2265 1316 2335 reserens
1338 2285 1391 2354 pro
1411 2278 1446 2327 oro

241 2377 329 2435 rore,
350 2355 493 2425 domum
518 2353 630 2423 rediit.
649 2353 776 2423 Deinde
791 2375 871 2423 cum
892 2358 1038 2425 Sanctus
1062 2377 1122 2445 per
1143 2355 1293 2424 mediam
1319 2347 1437 2442 procede

239 2445 423 2524 civitatem,
445 2443 610 2533 patricius
626 2441 768 2528 quidam
786 2463 826 2512 ex
843 2455 976 2522 senatu,
991 2444 1051 2530 qui
1072 2444 1146 2533 ipse
1161 2465 1301 2532 quoque
1324 2441 1452 2511 Zachaeu

240 2544 292 2604 cst
315 2533 482 2613 imitatus,
498 2552 578 2601 cum
603 2551 681 2600 eum
707 2530 850 2601 ferventi
863 2531 930 2600 lide
947 2531 1051 2602 domo
1067 2554 1131 2601 sua
1147 2533 1346 2620 accepisset,
1364 2525 1445 2598 Zacba

237 2643 376 2780 Juoque
392 2619 542 2690 similem
567 2632 775 2690 consecutus
798 2619 864 2689 suit
883 2620 1171 2690 benedictionem.
1197 2626 1378 2707 Postquam
1393 2627 1447 2683 aute

253 2710 303 2780 uit
323 2711 451 2800 inipso
478 2708 627 2778 maximo
652 2710 710 2778 Dei
727 2708 866 2796 templo,
896 2721 928 2779 ct
954 2709 1059 2780 simul
1081 2721 1234 2780 versatus
1259 2709 1324 2779 luit
1346 2729 1414 2777 cum
1432 2705 1459 2767 la

238 2799 401 2879 triarcha,
419 2799 481 2885 qui
495 2799 612 2886 ipsum
629 2818 709 2866 cum
728 2819 854 2888 magna
878 2797 984 2868 simul
1007 2798 1133 2867 laetitia
1158 2799 1292 2887 accepit
1315 2810 1346 2866 et
1368 2797 1460 2864 hom

238 2887 295 2956 hic
319 2908 456 2976 quoque
470 2886 549 2956 aliis
564 2884 707 2972 quidem
726 2906 824 2967 nova,
843 2887 910 2956 sibi
928 2908 1005 2956 vero
1021 2887 1121 2957 solita
1137 2886 1218 2956 lacit
1238 2883 1407 2956 miracula.
1421 2883 1458 2946 Ser

239 2997 325 3065 pens
348 2977 409 3063 qui
433 2974 596 3045 alicunde
617 2987 842 3063 prorepserat,
861 2987 893 3044 et
911 2995 947 3046 se
965 2977 1081 3066 magni
1106 2975 1257 3045 Danielis
1283 2973 1415 3065 pedibus

238 3063 351 3153 spiras
371 3064 568 3144 involverat,
585 3075 658 3132 erat
675 3063 827 3133 terribile
843 3064 1100 3154 spectaculum:
1126 3077 1159 3134 et
1181 3085 1263 3134 cum
1289 3064 1331 3134 ad
1354 3081 1419 3132 eum
1433 3053 1459 3148 tlt

237 3152 487 3234 scandendum,
507 3152 568 3239 qui
584 3151 738 3233 aderant,
758 3154 1000 3234 accurrissent,
1018 3152 1096 3222 illos
1116 3151 1257 3239 quidem
1274 3147 1434 3222 insimulat
1446 3155 1460 3208 tt

236 3241 420 3312 miditatis:
447 3242 522 3332 ipse
538 3254 653 3311 autem
671 3242 820 3331 serpenti
840 3241 1003 3310 audacter
1017 3263 1057 3310 ac
1078 3241 1223 3312 fidenter
1241 3242 1396 3316 minatus,
1417 3251 1453 3326 ct*

236 3331 268 3400 ei
286 3343 462 3422 tamquam
481 3330 639 3400 ministro
656 3350 782 3420 magna
799 3330 1003 3420 imperasset
1018 3331 1255 3410 auctoritate«
1266 3329 1363 3408 Vade,
1382 3327 1453 3420 inqut

235 3432 269 3490 ct
293 3433 369 3490 tuas
394 3419 541 3489 latebras
565 3430 680 3509 repete
703 3432 735 3489 et
759 3439 884 3509 specus
901 3419 1179 3490 subterraneos.»
1197 3418 1259 3488 Ille
1277 3439 1351 3488 vero
1369 3429 1453 3504 parm¹

235 3509 358 3596 utqui
383 3529 452 3578 non
479 3521 591 3597 posset
613 3507 860 3590 contradicere,
890 3509 1004 3579 statim
1032 3509 1119 3598 repit
1145 3507 1188 3578 ad
1219 3507 1388 3598 parietem,
1407 3513 1455 3568 eti

236 3597 597 3687 conspectuomnium
614 3596 858 3686 disrumpitur.
1384 3679 1389 3690 Ι

282 3687 390 3772 ξιιδ.
417 3689 508 3755 Haec
532 3707 612 3755 eum
636 3684 679 3754 de
701 3707 826 3776 magno
847 3684 985 3756 Daniele
1000 3684 1178 3757 didicisset
1196 3684 1320 3754 mulier
1336 3687 1415 3757 Rara,
1428 3671 1448 3770 lt,

235 3773 376 3861 quidem
393 3773 645 3845 ferventissima
658 3786 691 3843 et
705 3775 853 3844 maxime
873 3775 941 3865 pia,
961 3773 1071 3866 gloria
1085 3787 1201 3844 autem
1226 3773 1323 3842 valde
1345 3769 1462 3859 insignit

235 3876 396 3953 prompto
412 3875 444 3932 et
460 3862 566 3933 alacri
581 3863 698 3932 animo
718 3864 761 3932 ad
785 3884 865 3933 cum
886 3885 1084 3944 accurrens,
1106 3875 1139 3932 et
1158 3862 1316 3932 similiter
1334 3845 1461 3944 atqueill

237 3953 410 4033 meretrix,
436 3951 533 4022 illius
556 3951 661 4042 pedes
685 3952 803 4042 rigans
828 3952 1004 4042 lacrymis,
1022 3952 1184 4042 precibus
1207 3950 1250 4021 ab
1273 3971 1312 4021 eo
1334 3935 1463 4036 contentlt

235 4051 274 4110 ut
289 4041 353 4110 sibi
373 4053 571 4111 nasceretur
596 4040 701 4110 [ilius.
728 4045 812 4110 Cum
838 4054 952 4112 autem
981 4041 1079 4112 humi
1104 4041 1245 4131 dejecta,
1274 4037 1441 4130 vidissetet

235 4129 334 4218 pedis
345 4128 486 4210 solea'm,
498 4129 738 4201 exercitatione
752 4151 773 4199 a
791 4131 927 4200 tendine
943 4129 1139 4211 discissam,
1151 4140 1265 4220 stupet
1275 4127 1458 4198 tolerantiam

236 4229 269 4288 et
285 4219 408 4289 emittit
424 4239 522 4288 voces
549 4217 751 4288 Chananeae
774 4218 924 4289 similes:
949 4219 1038 4296 dans
1061 4219 1154 4290 enim
1180 4215 1379 4290 funiculum,
1402 4219 1462 4290 wel

235 4318 276 4376 ut
291 4327 371 4376 cum
388 4306 482 4376 circa
498 4305 594 4377 illius
611 4305 732 4397 pedem
754 4306 949 4388 invaluerit,
978 4309 1009 4378 ei
1033 4329 1157 4378 rursus
1172 4307 1311 4385 reddat;
1336 4301 1408 4370 haec
1426 4297 1463 4360 etl

237 4395 411 4481 inquiens,
438 4417 578 4466 summa
596 4417 690 4466 meae
711 4396 897 4487 petitionis.
927 4395 988 4468 Ille
1008 4419 1086 4468 vero
1102 4398 1253 4488 primum
1278 4389 1403 4482 quidem
1421 4396 1465 4486 [10ἰ

1450 486 1463 553 Q.-

1440 1193 1452 1260 Ω-

1446 3667 1459 3736 0-
