2946 4798
221 292 284 358 tat
528 309 566 355 os
591 309 636 356 ss.
663 307 828 355 rnaooono
852 309 890 354 ar
914 307 1101 354 rnsorunns
1297 287 1374 352 ttae.
1389 289 1423 350 et

178 396 265 465 tdeo
292 408 329 463 ut
355 392 515 473 sufficiat,
536 393 672 462 etiarnsi
704 393 790 461 nihil
816 392 910 461 aliud
937 393 981 461 ab
1004 413 1044 462 eo
1071 404 1162 461 recte
1188 403 1318 481 gestum
1341 404 1421 468 esset,

177 484 218 554 ad
237 482 488 554 ostendendum
507 503 585 550 eunr
602 482 663 569 qui
687 481 862 562 laudatur,
883 481 972 550 nulli
995 503 1070 552 esse
1094 480 1287 550 secuudum
1310 501 1422 550 eorsum

176 574 236 661 qui
262 572 351 641 beati
376 570 553 639 dicuntur.

220 666 303 750 §lb
329 665 512 746 Postquam
540 672 654 728 autern
683 681 762 728 curn
793 658 871 728 aliis
899 659 1000 729 bonis
1031 659 1163 748 accepit
1189 659 1294 728 etiarn
1318 658 1421 726 donum

176 749 373 829 sacerdotii,
392 748 476 836 quid
500 770 588 838 opus
612 761 663 817 est
687 769 873 828 recensere,
892 769 1131 836 quaecumque
1155 746 1198 816 ad
1226 747 1323 816 illius
1342 747 1422 814 hono·

176 863 246 910 rem
272 854 360 908 recte
390 838 433 907 ab
457 859 497 905 eo
522 851 615 926 gesta
647 850 751 918 sunt,
782 837 917 906 etiarnsi
942 858 1049 923 aeque
1073 835 1226 907 studeret
1255 835 1371 916 latere,
1391 857 1419 902 ac

176 927 293 996 nullus
317 927 407 996 alins
434 948 473 994 er
501 927 542 995 iis
569 925 708 1013 quires
735 938 860 1016 gerunt
888 925 1090 1016 improbas?
1115 930 1197 994 Narn
1223 927 1283 994 cui
1308 924 1417 1012 quidem
1471 962 1472 965 =

174 1017 216 1086 ad
244 1015 358 1094 tidem,
378 1015 434 1084 cui
461 1036 538 1083 vero
562 1014 605 1082 ad
630 1035 740 1104 spem,
762 1017 819 1083 cui
845 1027 960 1083 autern
987 1015 1029 1083 ad
1061 1014 1266 1084 charitatem
1300 1014 1356 1083 luit
1377 1011 1418 1079 ille

174 1103 370 1175 secundus?
387 1102 450 1172 Sed
473 1102 621 1184 lenitate,
642 1103 700 1171 sed
721 1103 964 1184 moderatione,
986 1102 1043 1174 sed
1063 1104 1290 1193 benignitate,
1306 1099 1419 1173 sedzelo

175 1193 287 1282 qualis
311 1193 392 1262 luit?
416 1193 480 1275 Qui
505 1193 605 1261 etiarn
635 1192 812 1280 usquead
844 1191 993 1273 vincula,
1020 1204 1053 1261 et
1079 1191 1211 1284 plagas,
1231 1205 1265 1261 et
1292 1206 1420 1263 mortem.

177 1305 236 1370 pro
257 1281 380 1352 Christi
402 1281 553 1370 imagine
578 1280 662 1349 adiit
683 1281 861 1370 pericula?
885 1281 1184 1350 verumenimvero
1205 1282 1317 1350 satius
1334 1293 1378 1349 est
1395 1277 1425 1344 de

175 1371 327 1472 imagine
356 1393 396 1440 ex
426 1370 494 1438 alto
518 1371 708 1458 explicare,
723 1370 896 1457 quomodo
921 1391 956 1441 se
982 1370 1152 1440 habuerit.
1175 1371 1320 1440 Generis
1343 1367 1424 1438 nostri

152 1461 283 1529 hostis
307 1471 339 1529 et
365 1459 528 1528 inimicus
557 1461 600 1528 ab
628 1460 724 1528 ornni
748 1480 841 1541 aevo,
860 1481 940 1529 curn
968 1459 1075 1528 multa
1096 1461 1169 1548 jorn
1196 1457 1360 1530 aduersus
1382 1479 1424 1524 nos

175 1548 264 1618 bella
289 1562 320 1616 et
345 1569 445 1637 saepe
470 1548 691 1628 suscitasset,
719 1547 787 1617 alia
812 1570 933 1619 rursus
959 1549 1011 1617 ria
1035 1547 1242 1637 ingreditur,
1264 1561 1298 1617 et
1323 1546 1424 1615 sortiter

175 1648 329 1708 arrnatur
352 1637 517 1707 adversus
543 1637 714 1726 pietatem.
742 1639 911 1720 Quoniam
941 1638 1034 1706 enim
1068 1637 1150 1706 vidit
1189 1641 1294 1706 [teum
1322 1636 1423 1705 lactum

175 1726 364 1805 hominem,
382 1740 418 1796 ut
436 1725 609 1794 hominem
629 1730 735 1794 Deum
754 1725 889 1806 laceret,
910 1725 948 1795 fit
964 1748 1086 1796 rursus
1104 1747 1258 1814 serpens,
1279 1737 1313 1794 et
1330 1745 1423 1794 rursus

174 1814 345 1897 diabolus,
373 1827 405 1884 et
429 1815 564 1883 divinas
590 1814 681 1904 leges
705 1828 737 1884 et
761 1815 877 1884 divina
901 1815 983 1903 jura
1007 1814 1169 1884 convellit
1193 1814 1386 1892 sceleratus,
1403 1827 1423 1876 a
1460 1788 1466 1876 l

176 1925 353 1994 perperam
388 1925 509 1974 rursus
539 1903 782 1992 interpretatur
807 1903 1015 1973 voluntatem
1042 1903 1274 1993 legislatoris;
1303 1919 1339 1972 et
1366 1921 1422 1970 cun
1460 1886 1466 1955 Ι

175 1994 278 2062 sciret
302 2013 337 2062 se
362 2015 429 2061 non
457 2013 555 2081 posse
580 1991 738 2062 homines
762 2013 781 2062 a
807 1997 873 2061 beo
897 1992 1080 2074 abducere,
1100 2015 1179 2062 esca
1204 2003 1369 2081 temperat
1388 1991 1423 2056 in·

174 2083 299 2162 sidias;
322 2093 353 2150 et
368 2103 446 2150 cum
471 2081 676 2170 persuadere
702 2103 769 2150 non
798 2097 921 2170 posset,
941 2094 979 2150 ut
1004 2083 1175 2151 Christum
1204 2093 1375 2171 negarent,
1390 2077 1423 2145 di-

175 2173 288 2240 vinarn
314 2170 391 2258 ejus
416 2170 602 2259 imaginem
635 2171 777 2238 omnino
808 2171 951 2240 adorare
977 2171 1156 2260 prohibet,
1181 2182 1217 2238 ut
1242 2172 1291 2240 sic
1318 2170 1420 2238 latent.

173 2261 217 2330 ab
236 2259 294 2329 illo
312 2272 491 2348 susceptae
508 2260 623 2328 corruis
647 2259 789 2328 abolens
813 2259 1077 2340 consessionem,
1094 2273 1128 2329 et
1152 2256 1319 2348 paulatim
1340 2256 1422 2328 extin-

173 2371 295 2440 guens,
314 2347 404 2435 qnod
422 2361 474 2418 est
492 2361 629 2438 propter
645 2347 752 2430 illarn,
770 2360 923 2417 nostrurn
943 2349 977 2416 in
994 2353 1208 2418 servatorem
1222 2346 1421 2418 desiderium.

175 2439 236 2508 Ubi
253 2450 366 2507 autern
384 2438 413 2504 ei
436 2436 582 2506 insidiae
602 2459 641 2505 eu
661 2436 769 2528 animi
789 2437 957 2506 sententia
976 2439 1173 2527 processere
1191 2437 1339 2526 (invenit
1353 2433 1421 2503 eninr

173 2528 308 2596 animos
333 2538 430 2614 aptos
454 2525 496 2594 ad
522 2525 724 2615 excipienda
750 2525 910 2613 semina),
938 2548 957 2595 o
983 2549 1144 2614 magnam
1172 2538 1281 2606 tuam,
1307 2549 1327 2595 o
1350 2520 1421 2594 Chri-

174 2629 234 2697 ste,
257 2615 468 2705 patientiarnl
489 2615 641 2702 pervenit
659 2615 761 2683 etiarn
789 2613 958 2700 usquead
985 2614 1079 2704 ipsus
1101 2619 1340 2703 imperatores,
1357 2607 1422 2680 atlit

174 2705 349 2786 valentior,
370 2703 550 2772 inveniens
567 2705 655 2773 vires
671 2725 711 2773 es
729 2716 902 2792 potestate:
921 2718 952 2773 et
971 2707 1064 2773 tanta
1079 2704 1267 2790 adjuratur
1285 2700 1420 2794 potentii.

174 2806 211 2863 ut
236 2793 485 2882 propemodum
520 2814 582 2862 nos
609 2814 745 2879 quoqne
775 2814 942 2874 sesamae,
968 2793 1058 2862 sicut
1077 2793 1121 2862 ab
1150 2793 1262 2872 initio,
1291 2805 1325 2861 ut
1346 2809 1421 2860 sacru

172 2881 295 2950 docent
319 2881 467 2968 eloquia,
487 2880 626 2968 quando
648 2881 818 2951 Dominus
845 2880 943 2950 nobis
968 2899 1037 2950 non
1063 2881 1268 2970 imperabat.

216 2973 303 3056 §lb
332 2975 413 3040 Narn
439 2993 518 3040 enm
544 2991 583 3039 eo
610 2983 760 3060 tempore
785 2975 849 3039 Leo
871 2970 907 3050 *,
933 2971 994 3060 qui
1018 2991 1128 3062 genus
1153 2968 1303 3041 ducebat
1324 2989 1359 3036 ex
1379 2973 1422 3060 lr-

173 3059 297 3138 menia,
326 3060 504 3146 tyrannice
530 3081 634 3128 rnanu
651 3070 785 3146 sceptra
803 3059 996 3139 invasisset,
1024 3073 1057 3127 et
1081 3059 1136 3148 pio
1162 3057 1358 3148 imperatori
1376 3059 1421 3120 th·

172 3146 283 3216 chaeli
305 3147 489 3236 imperium
515 3147 655 3234 quidem
675 3147 875 3229 ademisset;
905 3161 940 3216 ut
960 3147 1116 3218 habiturn
1142 3161 1257 3217 autem
1283 3160 1315 3217 et
1339 3143 1419 3212 vitum

172 3237 360 3326 susciperet
389 3239 627 3318 monasticam,
649 3237 828 3316 effecisset,
853 3236 910 3306 ille
937 3236 1029 3324 quod
1066 3249 1138 3306 eret
1172 3234 1419 3307 involuntarium

171 3325 324 3406 admisit,
346 3325 488 3416 perinde
512 3348 551 3395 ac
577 3326 604 3396 si
625 3338 656 3394 et
680 3325 860 3395 cecidisset
879 3347 919 3394 er
939 3325 1047 3394 aninri
1066 3326 1247 3394 sententia.
1268 3331 1340 3414 lpse
1362 3339 1421 3414 vett

173 3415 354 3514 paululum
372 3414 486 3484 adhno
508 3415 601 3484 intus
626 3414 876 3484 inhabitantem
897 3414 1027 3484 habens
1043 3414 1269 3503 impietatem.
1288 3435 1352 3484 earn
1367 3407 1421 3476 edu

172 3525 206 3571 rn
233 3503 358 3584 luceru,
386 3515 560 3590 tamquam
587 3503 822 3572 adulterinum
848 3503 999 3590 aliquem
1024 3517 1057 3571 et
1082 3503 1212 3572 malurn
1236 3503 1375 3576 loetum;
1397 3505 1419 3560 0¹

172 3593 275 3692 paulo
306 3606 380 3682 post
405 3605 520 3682 aperte
539 3592 688 3662 ostendit
709 3604 821 3661 truces
846 3614 928 3662 suos
952 3593 1097 3680 spiritus
1121 3593 1288 3662 adversus
1311 3587 1419 3658 divinas

172 3683 353 3770 imagines,
376 3695 407 3750 et
432 3703 550 3751 earnm
577 3680 665 3750 tollit
688 3682 935 3751 adorationem.
957 3685 995 3750 Et
1012 3682 1162 3770 primum
1181 3680 1320 3767 quidem
1335 3669 1416 3774 simul

170 3791 248 3840 curu
275 3770 467 3840 Orthodoxo
498 3769 712 3840 Pontitice*l
738 3772 894 3859 pietatem
929 3769 1156 3850 exterminat;
1190 3768 1314 3838 deinde
1337 3775 1417 3833 ettam
1460 3830 1466 3849 Ι

172 3859 289 3948 dejicit
308 3858 576 3949 pulcritudinem
597 3881 771 3930 sacrarum
792 3859 1001 3948 imaginum,
1017 3859 1121 3928 veluti
1138 3858 1305 3944 quosdam
1325 3849 1417 3947 oculos
1461 3860 1466 3873 '

171 3947 334 4020 hebetans
359 3949 540 4018 Ecclesiae.
561 3953 599 4017 Et
622 3948 839 4018 Orthodorus
864 3948 1017 4035 quidem,
1037 3961 1077 4016 ut
1100 3948 1182 4028 dixi,
1202 3945 1343 4018 Pontifex
1356 3947 1416 4007 mrt·
1462 3952 1468 4027 t

170 4039 253 4109 titur
278 4039 312 4106 in
329 4036 502 4130 exsilium:
523 4038 758 4108 mercenarius
778 4050 892 4107 autern
913 4038 990 4124 ejus
1017 4036 1091 4106 loco
1116 4037 1300 4114 inducitur,
1319 4043 1346 4100 et
1364 4043 1414 4093 non
1463 4040 1470 4099 t

195 4268 208 4326 ξ
224 4269 278 4314 Leo,
292 4269 364 4318 hnjns
380 4270 482 4310 nominis
497 4269 522 4315 v,
537 4267 669 4320 Armenius,
680 4274 773 4319 seeptro
784 4273 820 4309 eat
830 4271 918 4318 potitus
930 4279 990 4309 annu
1002 4271 1051 4313 81¹1:
1062 4279 1122 4309 auno
1133 4279 1189 4310 vero
1200 4272 1243 4316 sto,
1253 4271 1312 4308 nocte
1320 4271 1371 4312 qaae
1379 4259 1413 4296 tt<-

169 4321 227 4378 nutat
241 4321 394 4362 Nativitatem
408 4324 533 4372 praecedit,
546 4323 602 4362 urum
617 4324 642 4362 ia
657 4325 760 4372 palatino
777 4324 864 4372 tempto
879 4323 953 4364 sacris
970 4325 1120 4374 operabatur,
1134 4319 1336 4364 antchaetessotbc
1345 4311 1413 4362 perta·

170 4373 249 4416 stdtas.
257 4375 326 4420 Juxta
336 4377 410 4416 attare
420 4377 560 4418 interfectus
570 4379 613 4417 eat.

196 4425 223 4451 Ψ*
239 4427 395 4473 Nicephorum
405 4430 511 4478 tutettige
522 4427 812 4479 constantinopolitanum
824 4430 965 4474 litteralem.
