<?xml version="1.0" encoding="UTF-8"?>
<!DOCTYPE html PUBLIC "-//W3C//DTD XHTML 1.0 Transitional//EN"
    "http://www.w3.org/TR/xhtml1/DTD/xhtml1-transitional.dtd">
<html xmlns="http://www.w3.org/1999/xhtml" xml:lang="en" lang="en">
 <head>
  <title>
</title>
<meta http-equiv="Content-Type" content="text/html;charset=utf-8" />
  <meta name='ocr-system' content='tesseract 3.04.00' />
  <meta name='ocr-capabilities' content='ocr_page ocr_carea ocr_par ocr_line ocrx_word'/>
</head>
<body>
  <div class='ocr_page' id='page_1' title='image "./historiaeseuvit00lippgoog_0472.png"; bbox 0 0 2954 4816; ppageno 0'>
   <div class='ocr_carea' id='block_1_1' title="bbox 18 272 1207 338">
    <p class='ocr_par' dir='ltr' id='par_1_1' title="bbox 18 272 1207 338">
     <span class='ocr_line' id='line_1_1' title="bbox 18 272 1207 338; baseline 0.002 -2"><span class='ocrx_word' id='word_1_1' title='bbox 18 272 82 336; x_wconf 79' lang='lat' dir='ltr'>ott.</span> <span class='ocrx_word' id='word_1_2' title='bbox 105 273 144 337; x_wconf 77' lang='lat'>25</span> <span class='ocrx_word' id='word_1_3' title='bbox 407 291 446 338; x_wconf 84' lang='lat' dir='ltr'>ns</span> <span class='ocrx_word' id='word_1_4' title='bbox 469 291 497 338; x_wconf 92' lang='lat' dir='ltr'>s.</span> <span class='ocrx_word' id='word_1_5' title='bbox 523 289 658 338; x_wconf 82' lang='lat' dir='ltr'>acosma</span> <span class='ocrx_word' id='word_1_6' title='bbox 684 287 829 338; x_wconf 72' lang='lat' dir='ltr'>alarixa</span> <span class='ocrx_word' id='word_1_7' title='bbox 1142 273 1207 338; x_wconf 71' lang='lat'>433</span> 
     </span>
    </p>
   </div>
   <div class='ocr_carea' id='block_1_2' title="bbox 18 373 1271 3661">
    <p class='ocr_par' dir='ltr' id='par_1_2' title="bbox 18 373 1261 2131">
     <span class='ocr_line' id='line_1_2' title="bbox 18 373 1254 465; baseline 0.002 -23"><span class='ocrx_word' id='word_1_8' title='bbox 18 380 168 461; x_wconf 83' lang='lat' dir='ltr'>Postquam</span> <span class='ocrx_word' id='word_1_9' title='bbox 183 387 296 444; x_wconf 87' lang='lat' dir='ltr'>autem</span> <span class='ocrx_word' id='word_1_10' title='bbox 316 374 367 444; x_wconf 83' lang='lat' dir='ltr'>vir</span> <span class='ocrx_word' id='word_1_11' title='bbox 383 373 439 446; x_wconf 91' lang='lat' dir='ltr'>ille</span> <span class='ocrx_word' id='word_1_12' title='bbox 460 373 601 444; x_wconf 89' lang='lat' dir='ltr'>divinus</span> <span class='ocrx_word' id='word_1_13' title='bbox 618 373 791 464; x_wconf 85' lang='lat' dir='ltr'>professus</span> <span class='ocrx_word' id='word_1_14' title='bbox 814 385 865 444; x_wconf 88' lang='lat' dir='ltr'>est</span> <span class='ocrx_word' id='word_1_15' title='bbox 889 397 924 445; x_wconf 88' lang='lat' dir='ltr'>sc</span> <span class='ocrx_word' id='word_1_16' title='bbox 944 375 1097 465; x_wconf 90' lang='lat' dir='ltr'>primum</span> <span class='ocrx_word' id='word_1_17' title='bbox 1118 375 1254 444; x_wconf 88' lang='lat' dir='ltr'>subitu-</span> 
     </span>
     <span class='ocr_line' id='line_1_3' title="bbox 18 463 1253 554; baseline 0.003 -24"><span class='ocrx_word' id='word_1_18' title='bbox 18 485 72 530; x_wconf 90' lang='lat' dir='ltr'>mm</span> <span class='ocrx_word' id='word_1_19' title='bbox 89 463 297 552; x_wconf 91' lang='lat' dir='ltr'>periculum;</span> <span class='ocrx_word' id='word_1_20' title='bbox 323 475 451 533; x_wconf 90' lang='lat' dir='ltr'>etcum</span> <span class='ocrx_word' id='word_1_21' title='bbox 469 477 627 553; x_wconf 78' lang='lat' dir='ltr'><strong>precatus</strong></span> <span class='ocrx_word' id='word_1_22' title='bbox 650 475 750 545; x_wconf 89' lang='lat' dir='ltr'>esset,</span> <span class='ocrx_word' id='word_1_23' title='bbox 778 485 900 554; x_wconf 84' lang='lat' dir='ltr'>rogum</span> <span class='ocrx_word' id='word_1_24' title='bbox 918 476 969 533; x_wconf 93' lang='lat' dir='ltr'>est</span> <span class='ocrx_word' id='word_1_25' title='bbox 985 463 1183 552; x_wconf 83' lang='lat' dir='ltr'>ingressus:</span> <span class='ocrx_word' id='word_1_26' title='bbox 1211 464 1253 534; x_wconf 93' lang='lat' dir='ltr'>il-</span> 
     </span>
     <span class='ocr_line' id='line_1_4' title="bbox 18 551 1251 642; baseline 0.003 -24"><span class='ocrx_word' id='word_1_27' title='bbox 18 551 67 619; x_wconf 86' lang='lat' dir='ltr'>lun</span> <span class='ocrx_word' id='word_1_28' title='bbox 91 574 162 622; x_wconf 91' lang='lat' dir='ltr'>vero</span> <span class='ocrx_word' id='word_1_29' title='bbox 179 573 246 622; x_wconf 90' lang='lat' dir='ltr'>non</span> <span class='ocrx_word' id='word_1_30' title='bbox 275 551 374 624; x_wconf 90' lang='lat' dir='ltr'>latuit</span> <span class='ocrx_word' id='word_1_31' title='bbox 396 554 557 639; x_wconf 87' lang='lat' dir='ltr'>quisnam</span> <span class='ocrx_word' id='word_1_32' title='bbox 584 565 684 634; x_wconf 86' lang='lat' dir='ltr'>esset,</span> <span class='ocrx_word' id='word_1_33' title='bbox 711 565 744 622; x_wconf 89' lang='lat' dir='ltr'>et</span> <span class='ocrx_word' id='word_1_34' title='bbox 772 574 833 622; x_wconf 90' lang='lat' dir='ltr'>nec</span> <span class='ocrx_word' id='word_1_35' title='bbox 858 551 951 622; x_wconf 90' lang='lat' dir='ltr'>illius</span> <span class='ocrx_word' id='word_1_36' title='bbox 974 552 1114 640; x_wconf 89' lang='lat' dir='ltr'>quidem</span> <span class='ocrx_word' id='word_1_37' title='bbox 1141 553 1251 642; x_wconf 93' lang='lat' dir='ltr'>pilum</span> 
     </span>
     <span class='ocr_line' id='line_1_5' title="bbox 18 640 1254 732; baseline 0.004 -25"><span class='ocrx_word' id='word_1_38' title='bbox 18 661 98 708; x_wconf 82' lang='lat' dir='ltr'>ausus</span> <span class='ocrx_word' id='word_1_39' title='bbox 112 654 159 710; x_wconf 89' lang='lat' dir='ltr'>est</span> <span class='ocrx_word' id='word_1_40' title='bbox 177 654 333 731; x_wconf 82' lang='lat' dir='ltr'>tangere:</span> <span class='ocrx_word' id='word_1_41' title='bbox 367 653 448 711; x_wconf 91' lang='lat' dir='ltr'>tunc</span> <span class='ocrx_word' id='word_1_42' title='bbox 468 642 566 730; x_wconf 87' lang='lat' dir='ltr'>ajunt</span> <span class='ocrx_word' id='word_1_43' title='bbox 590 663 730 732; x_wconf 83' lang='lat' dir='ltr'>magum</span> <span class='ocrx_word' id='word_1_44' title='bbox 756 640 975 712; x_wconf 91' lang='lat' dir='ltr'>illummetu</span> <span class='ocrx_word' id='word_1_45' title='bbox 997 653 1030 710; x_wconf 90' lang='lat' dir='ltr'>et</span> <span class='ocrx_word' id='word_1_46' title='bbox 1051 654 1176 711; x_wconf 89' lang='lat' dir='ltr'>terrore</span> <span class='ocrx_word' id='word_1_47' title='bbox 1202 663 1254 712; x_wconf 89' lang='lat' dir='ltr'>re-</span> 
     </span>
     <span class='ocr_line' id='line_1_6' title="bbox 18 727 1259 820; baseline 0.003 -24"><span class='ocrx_word' id='word_1_48' title='bbox 18 727 129 812; x_wconf 80' lang='lat' dir='ltr'>rletum,</span> <span class='ocrx_word' id='word_1_49' title='bbox 155 730 336 800; x_wconf 84' lang='lat' dir='ltr'>recessisse</span> <span class='ocrx_word' id='word_1_50' title='bbox 359 728 512 817; x_wconf 87' lang='lat' dir='ltr'>quidem,</span> <span class='ocrx_word' id='word_1_51' title='bbox 530 742 564 799; x_wconf 90' lang='lat' dir='ltr'>ct</span> <span class='ocrx_word' id='word_1_52' title='bbox 587 743 702 819; x_wconf 89' lang='lat' dir='ltr'>aperte</span> <span class='ocrx_word' id='word_1_53' title='bbox 718 729 909 800; x_wconf 77' lang='lat' dir='ltr'>ostendisse</span> <span class='ocrx_word' id='word_1_54' title='bbox 933 751 969 799; x_wconf 90' lang='lat' dir='ltr'>se</span> <span class='ocrx_word' id='word_1_55' title='bbox 993 731 1098 800; x_wconf 91' lang='lat' dir='ltr'>vitare</span> <span class='ocrx_word' id='word_1_56' title='bbox 1119 731 1259 820; x_wconf 73' lang='lat' dir='ltr'>pericu-</span> 
     </span>
     <span class='ocr_line' id='line_1_7' title="bbox 23 818 1255 908; baseline 0.004 -24"><span class='ocrx_word' id='word_1_57' title='bbox 23 839 79 897; x_wconf 87' lang='lat' dir='ltr'>um,</span> <span class='ocrx_word' id='word_1_58' title='bbox 95 832 149 888; x_wconf 89' lang='lat' dir='ltr'>aut</span> <span class='ocrx_word' id='word_1_59' title='bbox 167 818 322 888; x_wconf 88' lang='lat' dir='ltr'>Plutonis</span> <span class='ocrx_word' id='word_1_60' title='bbox 339 818 470 908; x_wconf 88' lang='lat' dir='ltr'>paleam</span> <span class='ocrx_word' id='word_1_61' title='bbox 492 819 696 888; x_wconf 76' lang='lat' dir='ltr'>subeuntem</span> <span class='ocrx_word' id='word_1_62' title='bbox 715 818 877 899; x_wconf 91' lang='lat' dir='ltr'>latuisse;</span> <span class='ocrx_word' id='word_1_63' title='bbox 904 841 922 888; x_wconf 91' lang='lat' dir='ltr'>a</span> <span class='ocrx_word' id='word_1_64' title='bbox 947 818 1170 889; x_wconf 86' lang='lat' dir='ltr'>multitudine</span> <span class='ocrx_word' id='word_1_65' title='bbox 1194 841 1255 889; x_wconf 90' lang='lat' dir='ltr'>au·</span> 
     </span>
     <span class='ocr_line' id='line_1_8' title="bbox 18 907 1255 996; baseline 0.002 -23"><span class='ocrx_word' id='word_1_66' title='bbox 18 926 64 974; x_wconf 88' lang='lat' dir='ltr'>cm</span> <span class='ocrx_word' id='word_1_67' title='bbox 85 919 290 996; x_wconf 89' lang='lat' dir='ltr'>protrusum,</span> <span class='ocrx_word' id='word_1_68' title='bbox 310 907 481 978; x_wconf 79' lang='lat' dir='ltr'>fornacem</span> <span class='ocrx_word' id='word_1_69' title='bbox 502 907 552 978; x_wconf 92' lang='lat' dir='ltr'>vel</span> <span class='ocrx_word' id='word_1_70' title='bbox 577 907 723 978; x_wconf 91' lang='lat' dir='ltr'>invitum</span> <span class='ocrx_word' id='word_1_71' title='bbox 742 908 906 990; x_wconf 82' lang='lat' dir='ltr'>intrasse,</span> <span class='ocrx_word' id='word_1_72' title='bbox 933 929 1022 995; x_wconf 90' lang='lat' dir='ltr'>quae</span> <span class='ocrx_word' id='word_1_73' title='bbox 1045 929 1125 978; x_wconf 91' lang='lat' dir='ltr'>eum</span> <span class='ocrx_word' id='word_1_74' title='bbox 1145 929 1255 995; x_wconf 88' lang='lat' dir='ltr'>aeque</span> 
     </span>
     <span class='ocr_line' id='line_1_9' title="bbox 18 993 1252 1086; baseline 0.003 -24"><span class='ocrx_word' id='word_1_75' title='bbox 18 993 92 1063; x_wconf 77' lang='lat' dir='ltr'>heile</span> <span class='ocrx_word' id='word_1_76' title='bbox 108 998 175 1086; x_wconf 91' lang='lat' dir='ltr'>jam</span> <span class='ocrx_word' id='word_1_77' title='bbox 198 996 514 1086; x_wconf 77' lang='lat' dir='ltr'>comprehendebat</span> <span class='ocrx_word' id='word_1_78' title='bbox 537 1009 570 1067; x_wconf 92' lang='lat' dir='ltr'>et</span> <span class='ocrx_word' id='word_1_79' title='bbox 591 995 808 1085; x_wconf 89' lang='lat' dir='ltr'>depascebat,</span> <span class='ocrx_word' id='word_1_80' title='bbox 835 1009 937 1084; x_wconf 90' lang='lat' dir='ltr'>atque</span> <span class='ocrx_word' id='word_1_81' title='bbox 964 997 1124 1084; x_wconf 89' lang='lat' dir='ltr'>quamvis</span> <span class='ocrx_word' id='word_1_82' title='bbox 1148 995 1252 1066; x_wconf 91' lang='lat' dir='ltr'>aliam</span> 
     </span>
     <span class='ocr_line' id='line_1_10' title="bbox 18 1083 1255 1176; baseline 0.003 -27"><span class='ocrx_word' id='word_1_83' title='bbox 18 1095 107 1172; x_wconf 80' lang='lat' dir='ltr'>aptam</span> <span class='ocrx_word' id='word_1_84' title='bbox 131 1083 170 1154; x_wconf 93' lang='lat' dir='ltr'>ad</span> <span class='ocrx_word' id='word_1_85' title='bbox 201 1084 375 1156; x_wconf 92' lang='lat' dir='ltr'>urendum</span> <span class='ocrx_word' id='word_1_86' title='bbox 402 1085 599 1166; x_wconf 89' lang='lat' dir='ltr'>materiarn;</span> <span class='ocrx_word' id='word_1_87' title='bbox 631 1099 664 1155; x_wconf 90' lang='lat' dir='ltr'>et</span> <span class='ocrx_word' id='word_1_88' title='bbox 691 1085 758 1155; x_wconf 90' lang='lat' dir='ltr'>nisi</span> <span class='ocrx_word' id='word_1_89' title='bbox 788 1108 936 1176; x_wconf 86' lang='lat' dir='ltr'>magnus</span> <span class='ocrx_word' id='word_1_90' title='bbox 961 1084 1112 1155; x_wconf 82' lang='lat' dir='ltr'>Helenus</span> <span class='ocrx_word' id='word_1_91' title='bbox 1139 1086 1255 1154; x_wconf 88' lang='lat' dir='ltr'>miseri</span> 
     </span>
     <span class='ocr_line' id='line_1_11' title="bbox 21 1171 1253 1264; baseline 0.006 -28"><span class='ocrx_word' id='word_1_92' title='bbox 21 1171 191 1243; x_wconf 83' lang='lat' dir='ltr'>:alamitatis</span> <span class='ocrx_word' id='word_1_93' title='bbox 216 1176 390 1245; x_wconf 88' lang='lat' dir='ltr'>misertos.</span> <span class='ocrx_word' id='word_1_94' title='bbox 415 1197 508 1255; x_wconf 89' lang='lat' dir='ltr'>eum,</span> <span class='ocrx_word' id='word_1_95' title='bbox 535 1197 615 1244; x_wconf 89' lang='lat' dir='ltr'>cum</span> <span class='ocrx_word' id='word_1_96' title='bbox 635 1174 709 1264; x_wconf 87' lang='lat' dir='ltr'>jam</span> <span class='ocrx_word' id='word_1_97' title='bbox 739 1188 828 1246; x_wconf 89' lang='lat' dir='ltr'>esset</span> <span class='ocrx_word' id='word_1_98' title='bbox 856 1173 1055 1254; x_wconf 89' lang='lat' dir='ltr'>semiustus,</span> <span class='ocrx_word' id='word_1_99' title='bbox 1075 1185 1253 1254; x_wconf 89' lang='lat' dir='ltr'>servasset,</span> 
     </span>
     <span class='ocr_line' id='line_1_12' title="bbox 18 1259 1256 1364; baseline 0.004 -37"><span class='ocrx_word' id='word_1_100' title='bbox 18 1259 77 1356; x_wconf 80' lang='lat' dir='ltr'>ipsa</span> <span class='ocrx_word' id='word_1_101' title='bbox 98 1263 200 1353; x_wconf 85' lang='lat' dir='ltr'>magia</span> <span class='ocrx_word' id='word_1_102' title='bbox 228 1277 262 1333; x_wconf 93' lang='lat' dir='ltr'>et</span> <span class='ocrx_word' id='word_1_103' title='bbox 290 1261 426 1333; x_wconf 87' lang='lat' dir='ltr'>callidis</span> <span class='ocrx_word' id='word_1_104' title='bbox 450 1263 523 1332; x_wconf 89' lang='lat' dir='ltr'>suis</span> <span class='ocrx_word' id='word_1_105' title='bbox 546 1263 695 1332; x_wconf 91' lang='lat' dir='ltr'>inventis</span> <span class='ocrx_word' id='word_1_106' title='bbox 713 1264 855 1334; x_wconf 92' lang='lat' dir='ltr'>omnino</span> <span class='ocrx_word' id='word_1_107' title='bbox 882 1263 1048 1364; x_wconf 88' lang='lat' dir='ltr'>periisset,</span> <span class='ocrx_word' id='word_1_108' title='bbox 1067 1263 1117 1332; x_wconf 91' lang='lat' dir='ltr'>sic</span> <span class='ocrx_word' id='word_1_109' title='bbox 1139 1262 1256 1351; x_wconf 88' lang='lat' dir='ltr'>pulcre</span> 
     </span>
     <span class='ocr_line' id='line_1_13' title="bbox 18 1347 1259 1504; baseline 0.004 -88"><span class='ocrx_word' id='word_1_110' title='bbox 18 1369 80 1504; x_wconf 77' lang='lat' dir='ltr'>tpne</span> <span class='ocrx_word' id='word_1_111' title='bbox 93 1347 237 1422; x_wconf 83' lang='lat' dir='ltr'>fraudem</span> <span class='ocrx_word' id='word_1_112' title='bbox 265 1351 429 1441; x_wconf 89' lang='lat' dir='ltr'>puniente</span> <span class='ocrx_word' id='word_1_113' title='bbox 443 1370 522 1422; x_wconf 91' lang='lat' dir='ltr'>cum</span> <span class='ocrx_word' id='word_1_114' title='bbox 549 1353 697 1422; x_wconf 89' lang='lat' dir='ltr'>veritate.</span> <span class='ocrx_word' id='word_1_115' title='bbox 725 1357 815 1421; x_wconf 89' lang='lat' dir='ltr'>llaec</span> <span class='ocrx_word' id='word_1_116' title='bbox 840 1351 908 1422; x_wconf 87' lang='lat' dir='ltr'>ilhs</span> <span class='ocrx_word' id='word_1_117' title='bbox 926 1352 1132 1432; x_wconf 84' lang='lat' dir='ltr'>dicentibus,</span> <span class='ocrx_word' id='word_1_118' title='bbox 1161 1352 1259 1421; x_wconf 89' lang='lat' dir='ltr'>beata</span> 
     </span>
     <span class='ocr_line' id='line_1_14' title="bbox 18 1435 1259 1530; baseline 0.004 -27"><span class='ocrx_word' id='word_1_119' title='bbox 18 1435 61 1505; x_wconf 81' lang='lat' dir='ltr'>ila</span> <span class='ocrx_word' id='word_1_120' title='bbox 74 1459 144 1526; x_wconf 92' lang='lat' dir='ltr'>prae</span> <span class='ocrx_word' id='word_1_121' title='bbox 156 1440 287 1530; x_wconf 82' lang='lat' dir='ltr'>gaudio</span> <span class='ocrx_word' id='word_1_122' title='bbox 307 1441 397 1512; x_wconf 89' lang='lat' dir='ltr'>varie</span> <span class='ocrx_word' id='word_1_123' title='bbox 413 1440 636 1522; x_wconf 88' lang='lat' dir='ltr'>afficiebatur,</span> <span class='ocrx_word' id='word_1_124' title='bbox 656 1439 857 1520; x_wconf 90' lang='lat' dir='ltr'>laetabatur,</span> <span class='ocrx_word' id='word_1_125' title='bbox 876 1439 1114 1510; x_wconf 79' lang='lat' dir='ltr'>admirabatur</span> <span class='ocrx_word' id='word_1_126' title='bbox 1128 1441 1259 1530; x_wconf 88' lang='lat' dir='ltr'>eosqui</span> 
     </span>
     <span class='ocr_line' id='line_1_15' title="bbox 18 1529 1258 1620; baseline 0.005 -28"><span class='ocrx_word' id='word_1_127' title='bbox 18 1529 184 1608; x_wconf 89' lang='lat' dir='ltr'>narrabant,</span> <span class='ocrx_word' id='word_1_128' title='bbox 214 1529 359 1620; x_wconf 82' lang='lat' dir='ltr'>rogabat</span> <span class='ocrx_word' id='word_1_129' title='bbox 378 1541 415 1598; x_wconf 90' lang='lat' dir='ltr'>ut</span> <span class='ocrx_word' id='word_1_130' title='bbox 446 1551 505 1618; x_wconf 91' lang='lat' dir='ltr'>per</span> <span class='ocrx_word' id='word_1_131' title='bbox 536 1531 628 1619; x_wconf 89' lang='lat' dir='ltr'>ipsos</span> <span class='ocrx_word' id='word_1_132' title='bbox 654 1529 894 1610; x_wconf 87' lang='lat' dir='ltr'>adduceretur,</span> <span class='ocrx_word' id='word_1_133' title='bbox 921 1541 952 1598; x_wconf 88' lang='lat' dir='ltr'>et</span> <span class='ocrx_word' id='word_1_134' title='bbox 974 1529 1142 1618; x_wconf 85' lang='lat' dir='ltr'>Episcopo</span> <span class='ocrx_word' id='word_1_135' title='bbox 1165 1551 1258 1600; x_wconf 91' lang='lat' dir='ltr'>com-</span> 
     </span>
     <span class='ocr_line' id='line_1_16' title="bbox 18 1615 1259 1709; baseline 0.006 -29"><span class='ocrx_word' id='word_1_136' title='bbox 18 1615 208 1688; x_wconf 83' lang='lat' dir='ltr'>mendaretur</span> <span class='ocrx_word' id='word_1_137' title='bbox 224 1620 303 1709; x_wconf 86' lang='lat' dir='ltr'>ipsa</span> <span class='ocrx_word' id='word_1_138' title='bbox 323 1631 355 1688; x_wconf 91' lang='lat' dir='ltr'>et</span> <span class='ocrx_word' id='word_1_139' title='bbox 371 1617 492 1689; x_wconf 82' lang='lat' dir='ltr'>fratres</span> <span class='ocrx_word' id='word_1_140' title='bbox 504 1640 592 1706; x_wconf 90' lang='lat' dir='ltr'>quos</span> <span class='ocrx_word' id='word_1_141' title='bbox 611 1617 773 1698; x_wconf 90' lang='lat' dir='ltr'>adducit;</span> <span class='ocrx_word' id='word_1_142' title='bbox 794 1631 826 1688; x_wconf 91' lang='lat' dir='ltr'>et</span> <span class='ocrx_word' id='word_1_143' title='bbox 841 1618 891 1687; x_wconf 91' lang='lat' dir='ltr'>sic</span> <span class='ocrx_word' id='word_1_144' title='bbox 908 1617 942 1686; x_wconf 93' lang='lat' dir='ltr'>in</span> <span class='ocrx_word' id='word_1_145' title='bbox 962 1617 1026 1686; x_wconf 91' lang='lat' dir='ltr'>hoc</span> <span class='ocrx_word' id='word_1_146' title='bbox 1052 1619 1259 1688; x_wconf 90' lang='lat' dir='ltr'>monasterio</span> 
     </span>
     <span class='ocr_line' id='line_1_17' title="bbox 18 1705 1260 1796; baseline 0.006 -28"><span class='ocrx_word' id='word_1_147' title='bbox 18 1707 219 1776; x_wconf 80' lang='lat' dir='ltr'>communiter</span> <span class='ocrx_word' id='word_1_148' title='bbox 245 1708 407 1777; x_wconf 88' lang='lat' dir='ltr'>viverent.</span> <span class='ocrx_word' id='word_1_149' title='bbox 434 1712 484 1777; x_wconf 88' lang='lat' dir='ltr'>lta</span> <span class='ocrx_word' id='word_1_150' title='bbox 503 1708 628 1778; x_wconf 84' lang='lat' dir='ltr'>obnixe</span> <span class='ocrx_word' id='word_1_151' title='bbox 644 1729 781 1796; x_wconf 80' lang='lat' dir='ltr'>rogans,</span> <span class='ocrx_word' id='word_1_152' title='bbox 803 1706 985 1795; x_wconf 87' lang='lat' dir='ltr'>persuadet</span> <span class='ocrx_word' id='word_1_153' title='bbox 1004 1705 1142 1776; x_wconf 91' lang='lat' dir='ltr'>cuidam</span> <span class='ocrx_word' id='word_1_154' title='bbox 1161 1708 1260 1776; x_wconf 90' lang='lat' dir='ltr'>exiis</span> 
     </span>
     <span class='ocr_line' id='line_1_18' title="bbox 18 1793 1261 1884; baseline 0.005 -26"><span class='ocrx_word' id='word_1_155' title='bbox 18 1793 62 1875; x_wconf 90' lang='lat' dir='ltr'>qui</span> <span class='ocrx_word' id='word_1_156' title='bbox 75 1793 217 1876; x_wconf 88' lang='lat' dir='ltr'>aderant,</span> <span class='ocrx_word' id='word_1_157' title='bbox 237 1796 301 1884; x_wconf 93' lang='lat' dir='ltr'>qui</span> <span class='ocrx_word' id='word_1_158' title='bbox 316 1795 500 1867; x_wconf 85' lang='lat' dir='ltr'>vocabatur</span> <span class='ocrx_word' id='word_1_159' title='bbox 516 1797 713 1884; x_wconf 86' lang='lat' dir='ltr'>Eutropius,</span> <span class='ocrx_word' id='word_1_160' title='bbox 739 1808 777 1864; x_wconf 93' lang='lat' dir='ltr'>ut</span> <span class='ocrx_word' id='word_1_161' title='bbox 795 1795 877 1866; x_wconf 88' lang='lat' dir='ltr'>haec</span> <span class='ocrx_word' id='word_1_162' title='bbox 892 1795 1010 1866; x_wconf 77' lang='lat' dir='ltr'>cannia</span> <span class='ocrx_word' id='word_1_163' title='bbox 1025 1795 1056 1864; x_wconf 91' lang='lat' dir='ltr'>ei</span> <span class='ocrx_word' id='word_1_164' title='bbox 1074 1795 1206 1876; x_wconf 88' lang='lat' dir='ltr'>fierent,</span> <span class='ocrx_word' id='word_1_165' title='bbox 1228 1811 1261 1864; x_wconf 91' lang='lat' dir='ltr'>et</span> 
     </span>
     <span class='ocr_line' id='line_1_19' title="bbox 18 1883 1260 1976; baseline 0.006 -30"><span class='ocrx_word' id='word_1_166' title='bbox 18 1901 112 1964; x_wconf 88' lang='lat' dir='ltr'>preces</span> <span class='ocrx_word' id='word_1_167' title='bbox 125 1883 270 1955; x_wconf 80' lang='lat' dir='ltr'>deferret</span> <span class='ocrx_word' id='word_1_168' title='bbox 286 1883 329 1954; x_wconf 89' lang='lat' dir='ltr'>ad</span> <span class='ocrx_word' id='word_1_169' title='bbox 346 1885 565 1976; x_wconf 88' lang='lat' dir='ltr'>Episcopum.</span> <span class='ocrx_word' id='word_1_170' title='bbox 585 1883 775 1968; x_wconf 82' lang='lat' dir='ltr'>«Quando,</span> <span class='ocrx_word' id='word_1_171' title='bbox 792 1885 915 1972; x_wconf 87' lang='lat' dir='ltr'>inquit,</span> <span class='ocrx_word' id='word_1_172' title='bbox 935 1883 1072 1954; x_wconf 84' lang='lat' dir='ltr'>divertit</span> <span class='ocrx_word' id='word_1_173' title='bbox 1087 1897 1120 1953; x_wconf 90' lang='lat' dir='ltr'>et</span> <span class='ocrx_word' id='word_1_174' title='bbox 1138 1883 1260 1972; x_wconf 89' lang='lat' dir='ltr'>paulu-</span> 
     </span>
     <span class='ocr_line' id='line_1_20' title="bbox 18 1965 1261 2122; baseline 0.003 -85"><span class='ocrx_word' id='word_1_175' title='bbox 18 1965 73 2122; x_wconf 49' lang='lat' dir='ltr'>hum</span> <span class='ocrx_word' id='word_1_176' title='bbox 96 1973 271 2072; x_wconf 74' lang='lat' dir='ltr'>requievit,</span> <span class='ocrx_word' id='word_1_177' title='bbox 298 1973 355 2043; x_wconf 89' lang='lat' dir='ltr'>ille</span> <span class='ocrx_word' id='word_1_178' title='bbox 378 1987 571 2065; x_wconf 88' lang='lat' dir='ltr'>opportune</span> <span class='ocrx_word' id='word_1_179' title='bbox 594 1987 627 2044; x_wconf 92' lang='lat' dir='ltr'>et</span> <span class='ocrx_word' id='word_1_180' title='bbox 650 1975 683 2042; x_wconf 94' lang='lat' dir='ltr'>in</span> <span class='ocrx_word' id='word_1_181' title='bbox 705 1973 773 2044; x_wconf 91' lang='lat' dir='ltr'>otio</span> <span class='ocrx_word' id='word_1_182' title='bbox 791 1973 928 2062; x_wconf 87' lang='lat' dir='ltr'>praebet</span> <span class='ocrx_word' id='word_1_183' title='bbox 946 1972 990 2051; x_wconf 88' lang='lat' dir='ltr'>ei,</span> <span class='ocrx_word' id='word_1_184' title='bbox 1012 1972 1073 2059; x_wconf 89' lang='lat' dir='ltr'>qui</span> <span class='ocrx_word' id='word_1_185' title='bbox 1086 1972 1181 2053; x_wconf 87' lang='lat' dir='ltr'>dicit,</span> <span class='ocrx_word' id='word_1_186' title='bbox 1198 1994 1261 2041; x_wconf 92' lang='lat' dir='ltr'>au-</span> 
     </span>
     <span class='ocr_line' id='line_1_21' title="bbox 38 2073 968 2131; baseline 0.009 -7"><span class='ocrx_word' id='word_1_187' title='bbox 38 2073 205 2131; x_wconf 84' lang='lat' dir='ltr'>rentram.»</span> <span class='ocrx_word' id='word_1_188' title='bbox 965 2081 968 2088; x_wconf 87' lang='lat'>·</span> 
     </span>
    </p>

    <p class='ocr_par' dir='ltr' id='par_1_3' title="bbox 21 2148 1271 3661">
     <span class='ocr_line' id='line_1_22' title="bbox 42 2148 1262 2243; baseline -0.002 -24"><span class='ocrx_word' id='word_1_189' title='bbox 42 2149 68 2243; x_wconf 67' lang='lat' dir='ltr'>¹i</span> <span class='ocrx_word' id='word_1_190' title='bbox 87 2153 128 2219; x_wconf 75' lang='lat' dir='ltr'>a.</span> <span class='ocrx_word' id='word_1_191' title='bbox 151 2151 296 2221; x_wconf 87' lang='lat' dir='ltr'>Interim</span> <span class='ocrx_word' id='word_1_192' title='bbox 321 2162 434 2220; x_wconf 88' lang='lat' dir='ltr'>autem</span> <span class='ocrx_word' id='word_1_193' title='bbox 465 2150 548 2220; x_wconf 90' lang='lat' dir='ltr'>dum</span> <span class='ocrx_word' id='word_1_194' title='bbox 576 2150 658 2220; x_wconf 90' lang='lat' dir='ltr'>haec</span> <span class='ocrx_word' id='word_1_195' title='bbox 689 2151 778 2220; x_wconf 88' lang='lat' dir='ltr'>inter</span> <span class='ocrx_word' id='word_1_196' title='bbox 800 2171 837 2219; x_wconf 90' lang='lat' dir='ltr'>se</span> <span class='ocrx_word' id='word_1_197' title='bbox 866 2148 1106 2235; x_wconf 86' lang='lat' dir='ltr'>loquebantur,</span> <span class='ocrx_word' id='word_1_198' title='bbox 1137 2169 1262 2238; x_wconf 91' lang='lat' dir='ltr'>appro-</span> 
     </span>
     <span class='ocr_line' id='line_1_23' title="bbox 22 2238 1263 2340; baseline 0.005 -39"><span class='ocrx_word' id='word_1_199' title='bbox 22 2253 204 2323; x_wconf 83' lang='lat' dir='ltr'>pmquarunt</span> <span class='ocrx_word' id='word_1_200' title='bbox 229 2239 451 2320; x_wconf 90' lang='lat' dir='ltr'>monasterio,</span> <span class='ocrx_word' id='word_1_201' title='bbox 473 2253 505 2308; x_wconf 92' lang='lat' dir='ltr'>et</span> <span class='ocrx_word' id='word_1_202' title='bbox 523 2239 587 2340; x_wconf 91' lang='lat' dir='ltr'>ipsi</span> <span class='ocrx_word' id='word_1_203' title='bbox 606 2239 779 2309; x_wconf 90' lang='lat' dir='ltr'>intrarunt</span> <span class='ocrx_word' id='word_1_204' title='bbox 794 2259 873 2308; x_wconf 93' lang='lat' dir='ltr'>cum</span> <span class='ocrx_word' id='word_1_205' title='bbox 895 2238 1074 2328; x_wconf 88' lang='lat' dir='ltr'>Episcopo.</span> <span class='ocrx_word' id='word_1_206' title='bbox 1097 2242 1167 2306; x_wconf 92' lang='lat' dir='ltr'>Una</span> <span class='ocrx_word' id='word_1_207' title='bbox 1185 2260 1263 2307; x_wconf 89' lang='lat' dir='ltr'>vero</span> 
     </span>
     <span class='ocr_line' id='line_1_24' title="bbox 21 2325 1261 2420; baseline 0.005 -30"><span class='ocrx_word' id='word_1_208' title='bbox 21 2343 86 2390; x_wconf 87' lang='lat' dir='ltr'>cum</span> <span class='ocrx_word' id='word_1_209' title='bbox 106 2328 145 2398; x_wconf 91' lang='lat' dir='ltr'>eis</span> <span class='ocrx_word' id='word_1_210' title='bbox 167 2329 327 2420; x_wconf 81' lang='lat' dir='ltr'>ingressa</span> <span class='ocrx_word' id='word_1_211' title='bbox 342 2341 394 2398; x_wconf 89' lang='lat' dir='ltr'>est</span> <span class='ocrx_word' id='word_1_212' title='bbox 417 2333 580 2418; x_wconf 84' lang='lat' dir='ltr'>Eugema,</span> <span class='ocrx_word' id='word_1_213' title='bbox 604 2327 812 2398; x_wconf 85' lang='lat' dir='ltr'>adolescenti</span> <span class='ocrx_word' id='word_1_214' title='bbox 839 2327 941 2416; x_wconf 92' lang='lat' dir='ltr'>plane</span> <span class='ocrx_word' id='word_1_215' title='bbox 960 2325 1084 2396; x_wconf 91' lang='lat' dir='ltr'>similis</span> <span class='ocrx_word' id='word_1_216' title='bbox 1109 2340 1141 2396; x_wconf 93' lang='lat' dir='ltr'>et</span> <span class='ocrx_word' id='word_1_217' title='bbox 1164 2348 1261 2396; x_wconf 90' lang='lat' dir='ltr'>coma</span> 
     </span>
     <span class='ocr_line' id='line_1_25' title="bbox 21 2415 1265 2574; baseline 0.005 -96"><span class='ocrx_word' id='word_1_218' title='bbox 21 2424 47 2476; x_wconf 91' lang='lat' dir='ltr'>et</span> <span class='ocrx_word' id='word_1_219' title='bbox 61 2416 172 2486; x_wconf 84' lang='lat' dir='ltr'>vestitu.</span> <span class='ocrx_word' id='word_1_220' title='bbox 200 2423 287 2488; x_wconf 81' lang='lat' dir='ltr'>Cum</span> <span class='ocrx_word' id='word_1_221' title='bbox 304 2417 377 2506; x_wconf 89' lang='lat' dir='ltr'>jam</span> <span class='ocrx_word' id='word_1_222' title='bbox 394 2429 507 2488; x_wconf 91' lang='lat' dir='ltr'>autem</span> <span class='ocrx_word' id='word_1_223' title='bbox 530 2417 690 2488; x_wconf 88' lang='lat' dir='ltr'>incitatus</span> <span class='ocrx_word' id='word_1_224' title='bbox 714 2415 835 2488; x_wconf 88' lang='lat' dir='ltr'>luisset</span> <span class='ocrx_word' id='word_1_225' title='bbox 854 2416 1039 2506; x_wconf 86' lang='lat' dir='ltr'>Eutropius</span> <span class='ocrx_word' id='word_1_226' title='bbox 1062 2415 1103 2486; x_wconf 90' lang='lat' dir='ltr'>ad</span> <span class='ocrx_word' id='word_1_227' title='bbox 1130 2415 1265 2574; x_wconf 51' lang='lat' dir='ltr'>siquib-</span> 
     </span>
     <span class='ocr_line' id='line_1_26' title="bbox 21 2501 1262 2596; baseline 0.01 -33"><span class='ocrx_word' id='word_1_228' title='bbox 21 2501 145 2573; x_wconf 88' lang='lat' dir='ltr'>randum</span> <span class='ocrx_word' id='word_1_229' title='bbox 168 2505 210 2576; x_wconf 91' lang='lat' dir='ltr'>de</span> <span class='ocrx_word' id='word_1_230' title='bbox 234 2528 277 2576; x_wconf 90' lang='lat' dir='ltr'>ea</span> <span class='ocrx_word' id='word_1_231' title='bbox 302 2507 481 2596; x_wconf 86' lang='lat' dir='ltr'>Episcopo,</span> <span class='ocrx_word' id='word_1_232' title='bbox 507 2504 679 2592; x_wconf 88' lang='lat' dir='ltr'>quoddam</span> <span class='ocrx_word' id='word_1_233' title='bbox 713 2505 887 2576; x_wconf 88' lang='lat' dir='ltr'>somnium</span> <span class='ocrx_word' id='word_1_234' title='bbox 913 2527 948 2576; x_wconf 89' lang='lat' dir='ltr'>se</span> <span class='ocrx_word' id='word_1_235' title='bbox 973 2504 1097 2575; x_wconf 92' lang='lat' dir='ltr'>obtulit</span> <span class='ocrx_word' id='word_1_236' title='bbox 1124 2509 1262 2585; x_wconf 87' lang='lat' dir='ltr'>Hceno,</span> 
     </span>
     <span class='ocr_line' id='line_1_27' title="bbox 21 2589 1263 2684; baseline 0.004 -28"><span class='ocrx_word' id='word_1_237' title='bbox 21 2589 66 2672; x_wconf 89' lang='lat' dir='ltr'>qui</span> <span class='ocrx_word' id='word_1_238' title='bbox 82 2606 148 2681; x_wconf 91' lang='lat' dir='ltr'>post</span> <span class='ocrx_word' id='word_1_239' title='bbox 162 2593 316 2664; x_wconf 85' lang='lat' dir='ltr'>divinam</span> <span class='ocrx_word' id='word_1_240' title='bbox 335 2595 487 2684; x_wconf 84' lang='lat' dir='ltr'>mysterii</span> <span class='ocrx_word' id='word_1_241' title='bbox 504 2593 766 2676; x_wconf 85' lang='lat' dir='ltr'>celebrationem</span> <span class='ocrx_word' id='word_1_242' title='bbox 782 2593 825 2662; x_wconf 87' lang='lat' dir='ltr'>ad</span> <span class='ocrx_word' id='word_1_243' title='bbox 843 2615 1004 2664; x_wconf 90' lang='lat' dir='ltr'>somnum</span> <span class='ocrx_word' id='word_1_244' title='bbox 1019 2593 1263 2663; x_wconf 88' lang='lat' dir='ltr'>declinaverat.</span> 
     </span>
     <span class='ocr_line' id='line_1_28' title="bbox 22 2679 1263 2772; baseline 0.007 -29"><span class='ocrx_word' id='word_1_245' title='bbox 22 2679 81 2748; x_wconf 85' lang='lat' dir='ltr'>Erat</span> <span class='ocrx_word' id='word_1_246' title='bbox 95 2704 164 2754; x_wconf 82' lang='lat' dir='ltr'>vero</span> <span class='ocrx_word' id='word_1_247' title='bbox 180 2683 385 2772; x_wconf 87' lang='lat' dir='ltr'>hujusmodi</span> <span class='ocrx_word' id='word_1_248' title='bbox 398 2683 590 2754; x_wconf 90' lang='lat' dir='ltr'>somnium:</span> <span class='ocrx_word' id='word_1_249' title='bbox 605 2682 782 2771; x_wconf 81' lang='lat' dir='ltr'>sculptum</span> <span class='ocrx_word' id='word_1_250' title='bbox 796 2681 970 2770; x_wconf 88' lang='lat' dir='ltr'>quoddam</span> <span class='ocrx_word' id='word_1_251' title='bbox 985 2682 1142 2752; x_wconf 90' lang='lat' dir='ltr'>mulieris</span> <span class='ocrx_word' id='word_1_252' title='bbox 1153 2684 1263 2752; x_wconf 93' lang='lat' dir='ltr'>simu-</span> 
     </span>
     <span class='ocr_line' id='line_1_29' title="bbox 24 2763 1265 2859; baseline 0.008 -30"><span class='ocrx_word' id='word_1_253' title='bbox 24 2763 131 2838; x_wconf 86' lang='lat' dir='ltr'>lacrum</span> <span class='ocrx_word' id='word_1_254' title='bbox 157 2772 338 2842; x_wconf 88' lang='lat' dir='ltr'>videbatur</span> <span class='ocrx_word' id='word_1_255' title='bbox 362 2795 383 2840; x_wconf 92' lang='lat' dir='ltr'>a</span> <span class='ocrx_word' id='word_1_256' title='bbox 403 2773 484 2843; x_wconf 91' lang='lat' dir='ltr'>viris</span> <span class='ocrx_word' id='word_1_257' title='bbox 512 2770 591 2841; x_wconf 90' lang='lat' dir='ltr'>lerri</span> <span class='ocrx_word' id='word_1_258' title='bbox 613 2769 812 2852; x_wconf 88' lang='lat' dir='ltr'>honorifice,</span> <span class='ocrx_word' id='word_1_259' title='bbox 834 2783 867 2842; x_wconf 91' lang='lat' dir='ltr'>et</span> <span class='ocrx_word' id='word_1_260' title='bbox 889 2771 922 2840; x_wconf 93' lang='lat' dir='ltr'>id</span> <span class='ocrx_word' id='word_1_261' title='bbox 948 2771 992 2840; x_wconf 91' lang='lat' dir='ltr'>ab</span> <span class='ocrx_word' id='word_1_262' title='bbox 1018 2771 1068 2840; x_wconf 93' lang='lat' dir='ltr'>eis</span> <span class='ocrx_word' id='word_1_263' title='bbox 1089 2783 1265 2859; x_wconf 88' lang='lat' dir='ltr'>tamquam</span> 
     </span>
     <span class='ocr_line' id='line_1_30' title="bbox 25 2857 1268 2950; baseline 0.005 -28"><span class='ocrx_word' id='word_1_264' title='bbox 25 2857 107 2924; x_wconf 81' lang='lat' dir='ltr'>[taum</span> <span class='ocrx_word' id='word_1_265' title='bbox 124 2862 295 2949; x_wconf 90' lang='lat' dir='ltr'>reputari:</span> <span class='ocrx_word' id='word_1_266' title='bbox 314 2859 414 2930; x_wconf 90' lang='lat' dir='ltr'>illum</span> <span class='ocrx_word' id='word_1_267' title='bbox 430 2873 545 2931; x_wconf 91' lang='lat' dir='ltr'>autem</span> <span class='ocrx_word' id='word_1_268' title='bbox 562 2882 662 2950; x_wconf 82' lang='lat' dir='ltr'>aegre</span> <span class='ocrx_word' id='word_1_269' title='bbox 682 2859 858 2940; x_wconf 87' lang='lat' dir='ltr'>serentem,</span> <span class='ocrx_word' id='word_1_270' title='bbox 880 2859 972 2948; x_wconf 91' lang='lat' dir='ltr'>quod</span> <span class='ocrx_word' id='word_1_271' title='bbox 994 2859 1152 2930; x_wconf 90' lang='lat' dir='ltr'>homines</span> <span class='ocrx_word' id='word_1_272' title='bbox 1176 2858 1268 2929; x_wconf 90' lang='lat' dir='ltr'>deci·</span> 
     </span>
     <span class='ocr_line' id='line_1_31' title="bbox 25 2949 1267 3049; baseline 0.004 -37"><span class='ocrx_word' id='word_1_273' title='bbox 25 2960 172 3029; x_wconf 88' lang='lat' dir='ltr'>perentur,</span> <span class='ocrx_word' id='word_1_274' title='bbox 193 2949 321 3021; x_wconf 80' lang='lat' dir='ltr'>dixisse</span> <span class='ocrx_word' id='word_1_275' title='bbox 337 2950 367 3018; x_wconf 91' lang='lat' dir='ltr'>ei</span> <span class='ocrx_word' id='word_1_276' title='bbox 386 2950 469 3020; x_wconf 89' lang='lat' dir='ltr'>deae</span> <span class='ocrx_word' id='word_1_277' title='bbox 484 2970 572 3036; x_wconf 91' lang='lat' dir='ltr'>quae</span> <span class='ocrx_word' id='word_1_278' title='bbox 588 2961 659 3019; x_wconf 90' lang='lat' dir='ltr'>crat</span> <span class='ocrx_word' id='word_1_279' title='bbox 683 2949 774 3049; x_wconf 89' lang='lat' dir='ltr'>apud</span> <span class='ocrx_word' id='word_1_280' title='bbox 797 2949 906 3038; x_wconf 91' lang='lat' dir='ltr'>ipsos:</span> <span class='ocrx_word' id='word_1_281' title='bbox 935 2972 952 3016; x_wconf 83' lang='lat' dir='ltr'>c</span> <span class='ocrx_word' id='word_1_282' title='bbox 978 2953 1085 3028; x_wconf 81' lang='lat' dir='ltr'>Itane,</span> <span class='ocrx_word' id='word_1_283' title='bbox 1112 2971 1192 3020; x_wconf 92' lang='lat' dir='ltr'>cum</span> <span class='ocrx_word' id='word_1_284' title='bbox 1219 2949 1267 3018; x_wconf 91' lang='lat' dir='ltr'>sis</span> 
     </span>
     <span class='ocr_line' id='line_1_32' title="bbox 24 3036 1268 3127; baseline 0.005 -27"><span class='ocrx_word' id='word_1_285' title='bbox 24 3036 227 3110; x_wconf 86' lang='lat' dir='ltr'>allcocrcata</span> <span class='ocrx_word' id='word_1_286' title='bbox 250 3051 284 3108; x_wconf 90' lang='lat' dir='ltr'>et</span> <span class='ocrx_word' id='word_1_287' title='bbox 308 3039 407 3109; x_wconf 90' lang='lat' dir='ltr'>nobis</span> <span class='ocrx_word' id='word_1_288' title='bbox 431 3057 606 3120; x_wconf 85' lang='lat' dir='ltr'>conserva,</span> <span class='ocrx_word' id='word_1_289' title='bbox 626 3051 776 3108; x_wconf 78' lang='lat' dir='ltr'>sustines</span> <span class='ocrx_word' id='word_1_290' title='bbox 799 3037 842 3107; x_wconf 89' lang='lat' dir='ltr'>ab</span> <span class='ocrx_word' id='word_1_291' title='bbox 861 3038 946 3127; x_wconf 90' lang='lat' dir='ltr'>ipsis</span> <span class='ocrx_word' id='word_1_292' title='bbox 970 3037 1119 3119; x_wconf 89' lang='lat' dir='ltr'>adorari,</span> <span class='ocrx_word' id='word_1_293' title='bbox 1145 3050 1177 3108; x_wconf 92' lang='lat' dir='ltr'>et</span> <span class='ocrx_word' id='word_1_294' title='bbox 1201 3043 1268 3108; x_wconf 87' lang='lat' dir='ltr'>Deo</span> 
     </span>
     <span class='ocr_line' id='line_1_33' title="bbox 35 3126 1269 3216; baseline 0.006 -28"><span class='ocrx_word' id='word_1_295' title='bbox 35 3141 119 3192; x_wconf 87' lang='lat' dir='ltr'>arem</span> <span class='ocrx_word' id='word_1_296' title='bbox 140 3127 316 3216; x_wconf 77' lang='lat' dir='ltr'>reputari?</span> <span class='ocrx_word' id='word_1_297' title='bbox 334 3149 351 3194; x_wconf 89' lang='lat'>»</span> <span class='ocrx_word' id='word_1_298' title='bbox 368 3126 430 3197; x_wconf 88' lang='lat' dir='ltr'>Illa</span> <span class='ocrx_word' id='word_1_299' title='bbox 452 3148 528 3196; x_wconf 89' lang='lat' dir='ltr'>vero</span> <span class='ocrx_word' id='word_1_300' title='bbox 545 3149 625 3195; x_wconf 92' lang='lat' dir='ltr'>cum</span> <span class='ocrx_word' id='word_1_301' title='bbox 651 3127 715 3196; x_wconf 91' lang='lat' dir='ltr'>hoc</span> <span class='ocrx_word' id='word_1_302' title='bbox 735 3127 913 3208; x_wconf 88' lang='lat' dir='ltr'>audiisset,</span> <span class='ocrx_word' id='word_1_303' title='bbox 934 3126 1091 3215; x_wconf 90' lang='lat' dir='ltr'>protinus</span> <span class='ocrx_word' id='word_1_304' title='bbox 1107 3148 1186 3196; x_wconf 92' lang='lat' dir='ltr'>cum</span> <span class='ocrx_word' id='word_1_305' title='bbox 1208 3126 1269 3196; x_wconf 90' lang='lat' dir='ltr'>ad-</span> 
     </span>
     <span class='ocr_line' id='line_1_34' title="bbox 35 3214 1267 3303; baseline 0.005 -25"><span class='ocrx_word' id='word_1_306' title='bbox 35 3229 79 3278; x_wconf 83' lang='lat' dir='ltr'>tuc</span> <span class='ocrx_word' id='word_1_307' title='bbox 101 3228 301 3303; x_wconf 88' lang='lat' dir='ltr'>portaretur,</span> <span class='ocrx_word' id='word_1_308' title='bbox 329 3237 348 3284; x_wconf 89' lang='lat' dir='ltr'>a</span> <span class='ocrx_word' id='word_1_309' title='bbox 374 3216 455 3286; x_wconf 84' lang='lat' dir='ltr'>viris</span> <span class='ocrx_word' id='word_1_310' title='bbox 477 3214 618 3302; x_wconf 90' lang='lat' dir='ltr'>quidem</span> <span class='ocrx_word' id='word_1_311' title='bbox 644 3215 801 3286; x_wconf 88' lang='lat' dir='ltr'>recessit:</span> <span class='ocrx_word' id='word_1_312' title='bbox 828 3237 906 3286; x_wconf 91' lang='lat' dir='ltr'>eum</span> <span class='ocrx_word' id='word_1_313' title='bbox 925 3227 1038 3284; x_wconf 89' lang='lat' dir='ltr'>autem</span> <span class='ocrx_word' id='word_1_314' title='bbox 1064 3228 1115 3285; x_wconf 92' lang='lat' dir='ltr'>est</span> <span class='ocrx_word' id='word_1_315' title='bbox 1140 3228 1267 3293; x_wconf 89' lang='lat' dir='ltr'>secuta,</span> 
     </span>
     <span class='ocr_line' id='line_1_35' title="bbox 28 3297 1271 3394; baseline 0.005 -30"><span class='ocrx_word' id='word_1_316' title='bbox 28 3297 93 3369; x_wconf 88' lang='lat' dir='ltr'>tales</span> <span class='ocrx_word' id='word_1_317' title='bbox 107 3325 201 3376; x_wconf 88' lang='lat' dir='ltr'>voces</span> <span class='ocrx_word' id='word_1_318' title='bbox 216 3305 396 3376; x_wconf 90' lang='lat' dir='ltr'>emittens:</span> <span class='ocrx_word' id='word_1_319' title='bbox 423 3327 441 3370; x_wconf 82' lang='lat' dir='ltr'>c</span> <span class='ocrx_word' id='word_1_320' title='bbox 471 3309 509 3374; x_wconf 81' lang='lat' dir='ltr'>tt</span> <span class='ocrx_word' id='word_1_321' title='bbox 534 3325 598 3394; x_wconf 81' lang='lat' dir='ltr'>ego</span> <span class='ocrx_word' id='word_1_322' title='bbox 622 3327 640 3372; x_wconf 94' lang='lat' dir='ltr'>a</span> <span class='ocrx_word' id='word_1_323' title='bbox 668 3319 696 3372; x_wconf 92' lang='lat' dir='ltr'>te</span> <span class='ocrx_word' id='word_1_324' title='bbox 718 3303 861 3373; x_wconf 90' lang='lat' dir='ltr'>minime</span> <span class='ocrx_word' id='word_1_325' title='bbox 885 3302 1054 3382; x_wconf 90' lang='lat' dir='ltr'>recedam,</span> <span class='ocrx_word' id='word_1_326' title='bbox 1084 3303 1193 3374; x_wconf 90' lang='lat' dir='ltr'>donco</span> <span class='ocrx_word' id='word_1_327' title='bbox 1217 3325 1271 3371; x_wconf 91' lang='lat' dir='ltr'>me</span> 
     </span>
     <span class='ocr_line' id='line_1_36' title="bbox 28 3384 1270 3480; baseline 0.002 -27"><span class='ocrx_word' id='word_1_328' title='bbox 28 3384 187 3462; x_wconf 82' lang='lat' dir='ltr'>adduxeris</span> <span class='ocrx_word' id='word_1_329' title='bbox 206 3395 249 3462; x_wconf 91' lang='lat' dir='ltr'>ad</span> <span class='ocrx_word' id='word_1_330' title='bbox 268 3398 472 3464; x_wconf 85' lang='lat' dir='ltr'>Creatorem.</span> <span class='ocrx_word' id='word_1_331' title='bbox 493 3415 511 3459; x_wconf 78' lang='lat' dir='ltr'>a</span> <span class='ocrx_word' id='word_1_332' title='bbox 532 3397 622 3464; x_wconf 86' lang='lat' dir='ltr'>llaec</span> <span class='ocrx_word' id='word_1_333' title='bbox 641 3392 793 3463; x_wconf 87' lang='lat' dir='ltr'>Helenus</span> <span class='ocrx_word' id='word_1_334' title='bbox 812 3391 951 3480; x_wconf 92' lang='lat' dir='ltr'>quidem</span> <span class='ocrx_word' id='word_1_335' title='bbox 973 3391 1057 3461; x_wconf 88' lang='lat' dir='ltr'>vidit</span> <span class='ocrx_word' id='word_1_336' title='bbox 1073 3393 1108 3461; x_wconf 93' lang='lat' dir='ltr'>in</span> <span class='ocrx_word' id='word_1_337' title='bbox 1126 3390 1270 3462; x_wconf 89' lang='lat' dir='ltr'>somnis.</span> 
     </span>
     <span class='ocr_line' id='line_1_37' title="bbox 28 3475 1270 3572; baseline 0.007 -33"><span class='ocrx_word' id='word_1_338' title='bbox 28 3475 174 3550; x_wconf 86' lang='lat' dir='ltr'>Excitatus</span> <span class='ocrx_word' id='word_1_339' title='bbox 189 3494 318 3564; x_wconf 92' lang='lat' dir='ltr'>autem,</span> <span class='ocrx_word' id='word_1_340' title='bbox 332 3481 424 3572; x_wconf 92' lang='lat' dir='ltr'>apud</span> <span class='ocrx_word' id='word_1_341' title='bbox 440 3505 475 3552; x_wconf 91' lang='lat' dir='ltr'>se</span> <span class='ocrx_word' id='word_1_342' title='bbox 488 3481 680 3560; x_wconf 84' lang='lat' dir='ltr'>dubitabat,</span> <span class='ocrx_word' id='word_1_343' title='bbox 699 3503 849 3569; x_wconf 92' lang='lat' dir='ltr'>quonam</span> <span class='ocrx_word' id='word_1_344' title='bbox 864 3480 1055 3552; x_wconf 90' lang='lat' dir='ltr'>rediturum</span> <span class='ocrx_word' id='word_1_345' title='bbox 1069 3494 1169 3561; x_wconf 87' lang='lat' dir='ltr'>esset,</span> <span class='ocrx_word' id='word_1_346' title='bbox 1179 3479 1270 3567; x_wconf 92' lang='lat' dir='ltr'>quod</span> 
     </span>
     <span class='ocr_line' id='line_1_38' title="bbox 31 3569 1271 3661; baseline 0.004 -29"><span class='ocrx_word' id='word_1_347' title='bbox 31 3581 92 3633; x_wconf 77' lang='lat' dir='ltr'>ase</span> <span class='ocrx_word' id='word_1_348' title='bbox 108 3569 214 3639; x_wconf 84' lang='lat' dir='ltr'>visum</span> <span class='ocrx_word' id='word_1_349' title='bbox 241 3569 362 3642; x_wconf 87' lang='lat' dir='ltr'>luerat.</span> <span class='ocrx_word' id='word_1_350' title='bbox 390 3571 508 3640; x_wconf 84' lang='lat' dir='ltr'>Statim</span> <span class='ocrx_word' id='word_1_351' title='bbox 534 3591 611 3640; x_wconf 86' lang='lat' dir='ltr'>vero</span> <span class='ocrx_word' id='word_1_352' title='bbox 630 3569 768 3640; x_wconf 85' lang='lat' dir='ltr'>advenit</span> <span class='ocrx_word' id='word_1_353' title='bbox 792 3571 988 3661; x_wconf 90' lang='lat' dir='ltr'>Eutropius,</span> <span class='ocrx_word' id='word_1_354' title='bbox 1010 3570 1071 3656; x_wconf 90' lang='lat' dir='ltr'>qui</span> <span class='ocrx_word' id='word_1_355' title='bbox 1097 3583 1271 3656; x_wconf 89' lang='lat' dir='ltr'>tamquam</span> 
     </span>
    </p>
   </div>
   <div class='ocr_carea' id='block_1_3' title="bbox 31 3648 1279 4350">
    <p class='ocr_par' dir='ltr' id='par_1_4' title="bbox 31 3648 1279 4350">
     <span class='ocr_line' id='line_1_39' title="bbox 31 3648 1273 3750; baseline -0.007 -17"><span class='ocrx_word' id='word_1_356' title='bbox 31 3648 135 3748; x_wconf 59' lang='lat' dir='ltr'>deliro</span> <span class='ocrx_word' id='word_1_357' title='bbox 158 3657 301 3746; x_wconf 88' lang='lat' dir='ltr'>loquens</span> <span class='ocrx_word' id='word_1_358' title='bbox 316 3659 359 3728; x_wconf 90' lang='lat' dir='ltr'>de</span> <span class='ocrx_word' id='word_1_359' title='bbox 373 3661 544 3750; x_wconf 83' lang='lat' dir='ltr'>Eugenia:</span> <span class='ocrx_word' id='word_1_360' title='bbox 570 3665 586 3722; x_wconf 82' lang='grc' dir='ltr'>ι’</span> <span class='ocrx_word' id='word_1_361' title='bbox 602 3659 683 3740; x_wconf 84' lang='lat' dir='ltr'>Viri,</span> <span class='ocrx_word' id='word_1_362' title='bbox 703 3659 750 3728; x_wconf 90' lang='lat' dir='ltr'>ait</span> <span class='ocrx_word' id='word_1_363' title='bbox 764 3659 944 3749; x_wconf 87' lang='lat' dir='ltr'>Episcopo,</span> <span class='ocrx_word' id='word_1_364' title='bbox 963 3671 1042 3738; x_wconf 88' lang='lat' dir='ltr'>tres,</span> <span class='ocrx_word' id='word_1_365' title='bbox 1060 3657 1182 3728; x_wconf 86' lang='lat' dir='ltr'>fratres</span> <span class='ocrx_word' id='word_1_366' title='bbox 1198 3659 1273 3726; x_wconf 92' lang='lat' dir='ltr'>ani-</span> 
     </span>
     <span class='ocr_line' id='line_1_40' title="bbox 34 3745 1276 3839; baseline -0.006 -17"><span class='ocrx_word' id='word_1_367' title='bbox 34 3757 91 3820; x_wconf 78' lang='lat' dir='ltr'>nis,</span> <span class='ocrx_word' id='word_1_368' title='bbox 114 3745 232 3816; x_wconf 91' lang='lat' dir='ltr'>lratres</span> <span class='ocrx_word' id='word_1_369' title='bbox 254 3749 470 3839; x_wconf 90' lang='lat' dir='ltr'>corporibus,</span> <span class='ocrx_word' id='word_1_370' title='bbox 498 3747 666 3838; x_wconf 86' lang='lat' dir='ltr'>abjuratis</span> <span class='ocrx_word' id='word_1_371' title='bbox 692 3745 793 3818; x_wconf 90' lang='lat' dir='ltr'>modo</span> <span class='ocrx_word' id='word_1_372' title='bbox 817 3747 920 3817; x_wconf 90' lang='lat' dir='ltr'>rebus</span> <span class='ocrx_word' id='word_1_373' title='bbox 940 3746 1134 3836; x_wconf 81' lang='lat' dir='ltr'>gentilium,</span> <span class='ocrx_word' id='word_1_374' title='bbox 1157 3748 1191 3815; x_wconf 93' lang='lat' dir='ltr'>in</span> <span class='ocrx_word' id='word_1_375' title='bbox 1218 3761 1276 3816; x_wconf 92' lang='lat' dir='ltr'>tuo</span> 
     </span>
     <span class='ocr_line' id='line_1_41' title="bbox 34 3835 1272 3926; baseline -0.002 -23"><span class='ocrx_word' id='word_1_376' title='bbox 34 3845 113 3918; x_wconf 79' lang='lat' dir='ltr'>ttttge</span> <span class='ocrx_word' id='word_1_377' title='bbox 127 3847 314 3918; x_wconf 87' lang='lat' dir='ltr'>versantur,</span> <span class='ocrx_word' id='word_1_378' title='bbox 341 3836 384 3908; x_wconf 91' lang='lat' dir='ltr'>ad</span> <span class='ocrx_word' id='word_1_379' title='bbox 402 3837 574 3907; x_wconf 84' lang='lat' dir='ltr'>Christum</span> <span class='ocrx_word' id='word_1_380' title='bbox 594 3836 806 3915; x_wconf 90' lang='lat' dir='ltr'>accedentes,</span> <span class='ocrx_word' id='word_1_381' title='bbox 826 3849 858 3906; x_wconf 91' lang='lat' dir='ltr'>et</span> <span class='ocrx_word' id='word_1_382' title='bbox 876 3835 1034 3905; x_wconf 87' lang='lat' dir='ltr'>divinum</span> <span class='ocrx_word' id='word_1_383' title='bbox 1061 3835 1272 3926; x_wconf 91' lang='lat' dir='ltr'>baptismum</span> 
     </span>
     <span class='ocr_line' id='line_1_42' title="bbox 35 3923 1275 4014; baseline 0.002 -26"><span class='ocrx_word' id='word_1_384' title='bbox 35 3931 166 3998; x_wconf 72' lang='lat' dir='ltr'>rogantes</span> <span class='ocrx_word' id='word_1_385' title='bbox 185 3927 343 4014; x_wconf 89' lang='lat' dir='ltr'>assequi:</span> <span class='ocrx_word' id='word_1_386' title='bbox 360 3939 392 3996; x_wconf 90' lang='lat' dir='ltr'>et</span> <span class='ocrx_word' id='word_1_387' title='bbox 408 3925 533 3996; x_wconf 89' lang='lat' dir='ltr'>deinde</span> <span class='ocrx_word' id='word_1_388' title='bbox 550 3925 694 4007; x_wconf 89' lang='lat' dir='ltr'>tonderi,</span> <span class='ocrx_word' id='word_1_389' title='bbox 713 3937 746 3996; x_wconf 91' lang='lat' dir='ltr'>et</span> <span class='ocrx_word' id='word_1_390' title='bbox 762 3923 881 3994; x_wconf 88' lang='lat' dir='ltr'>relerri</span> <span class='ocrx_word' id='word_1_391' title='bbox 896 3925 928 3994; x_wconf 92' lang='lat' dir='ltr'>in</span> <span class='ocrx_word' id='word_1_392' title='bbox 948 3946 1131 3995; x_wconf 88' lang='lat' dir='ltr'>numerum</span> <span class='ocrx_word' id='word_1_393' title='bbox 1151 3925 1275 3994; x_wconf 90' lang='lat' dir='ltr'>horum</span> 
     </span>
     <span class='ocr_line' id='line_1_43' title="bbox 38 4011 1279 4103; baseline 0.007 -32"><span class='ocrx_word' id='word_1_394' title='bbox 38 4011 269 4083; x_wconf 80' lang='lat' dir='ltr'>noriachorum.</span> <span class='ocrx_word' id='word_1_395' title='bbox 296 4019 379 4086; x_wconf 85' lang='lat' dir='ltr'>Cum</span> <span class='ocrx_word' id='word_1_396' title='bbox 401 4016 471 4085; x_wconf 90' lang='lat' dir='ltr'>sint</span> <span class='ocrx_word' id='word_1_397' title='bbox 485 4027 598 4084; x_wconf 91' lang='lat' dir='ltr'>autem</span> <span class='ocrx_word' id='word_1_398' title='bbox 616 4013 770 4102; x_wconf 78' lang='lat' dir='ltr'>juvenes,</span> <span class='ocrx_word' id='word_1_399' title='bbox 796 4027 867 4083; x_wconf 90' lang='lat' dir='ltr'>eta</span> <span class='ocrx_word' id='word_1_400' title='bbox 892 4014 1087 4084; x_wconf 88' lang='lat' dir='ltr'>seinvicem</span> <span class='ocrx_word' id='word_1_401' title='bbox 1105 4011 1279 4103; x_wconf 89' lang='lat' dir='ltr'>pendeant</span> 
     </span>
     <span class='ocr_line' id='line_1_44' title="bbox 38 4089 1276 4196; baseline 0.001 -27"><span class='ocrx_word' id='word_1_402' title='bbox 38 4089 267 4196; x_wconf 61' lang='lat' dir='ltr'>admirabiliter,</span> <span class='ocrx_word' id='word_1_403' title='bbox 286 4103 350 4174; x_wconf 87' lang='lat' dir='ltr'>hoe</span> <span class='ocrx_word' id='word_1_404' title='bbox 376 4114 496 4194; x_wconf 90' lang='lat' dir='ltr'>petunt</span> <span class='ocrx_word' id='word_1_405' title='bbox 521 4115 653 4193; x_wconf 90' lang='lat' dir='ltr'>praeter</span> <span class='ocrx_word' id='word_1_406' title='bbox 669 4117 813 4183; x_wconf 89' lang='lat' dir='ltr'>caetera,</span> <span class='ocrx_word' id='word_1_407' title='bbox 840 4112 879 4172; x_wconf 88' lang='lat' dir='ltr'>ut</span> <span class='ocrx_word' id='word_1_408' title='bbox 896 4124 932 4172; x_wconf 93' lang='lat' dir='ltr'>se</span> <span class='ocrx_word' id='word_1_409' title='bbox 955 4103 1102 4172; x_wconf 90' lang='lat' dir='ltr'>invicem</span> <span class='ocrx_word' id='word_1_410' title='bbox 1124 4101 1220 4172; x_wconf 90' lang='lat' dir='ltr'>nulla</span> <span class='ocrx_word' id='word_1_411' title='bbox 1240 4101 1276 4170; x_wconf 91' lang='lat' dir='ltr'>in</span> 
     </span>
     <span class='ocr_line' id='line_1_45' title="bbox 41 4183 1279 4350; baseline 0.006 -98"><span class='ocrx_word' id='word_1_412' title='bbox 41 4195 66 4245; x_wconf 78' lang='lat' dir='ltr'>re</span> <span class='ocrx_word' id='word_1_413' title='bbox 83 4183 326 4282; x_wconf 80' lang='lat' dir='ltr'>disjungantur,</span> <span class='ocrx_word' id='word_1_414' title='bbox 353 4213 419 4262; x_wconf 92' lang='lat' dir='ltr'>non</span> <span class='ocrx_word' id='word_1_415' title='bbox 446 4193 481 4260; x_wconf 92' lang='lat' dir='ltr'>in</span> <span class='ocrx_word' id='word_1_416' title='bbox 506 4213 619 4350; x_wconf 77' lang='lat' dir='ltr'>opere,</span> <span class='ocrx_word' id='word_1_417' title='bbox 638 4213 706 4262; x_wconf 93' lang='lat' dir='ltr'>non</span> <span class='ocrx_word' id='word_1_418' title='bbox 732 4193 766 4260; x_wconf 93' lang='lat' dir='ltr'>in</span> <span class='ocrx_word' id='word_1_419' title='bbox 792 4191 1014 4273; x_wconf 84' lang='lat' dir='ltr'>habitatione,</span> <span class='ocrx_word' id='word_1_420' title='bbox 1034 4211 1144 4278; x_wconf 86' lang='lat' dir='ltr'>neque</span> <span class='ocrx_word' id='word_1_421' title='bbox 1160 4191 1196 4260; x_wconf 94' lang='lat' dir='ltr'>in</span> <span class='ocrx_word' id='word_1_422' title='bbox 1213 4189 1279 4260; x_wconf 92' lang='lat' dir='ltr'>ali·</span> 
     </span>
    </p>
   </div>
   <div class='ocr_carea' id='block_1_4' title="bbox 41 4275 1280 4461">
    <p class='ocr_par' dir='ltr' id='par_1_5' title="bbox 41 4275 1280 4461">
     <span class='ocr_line' id='line_1_46' title="bbox 43 4275 1278 4368; baseline 0.006 -28"><span class='ocrx_word' id='word_1_423' title='bbox 43 4275 165 4358; x_wconf 70' lang='lat' dir='ltr'>toralia</span> <span class='ocrx_word' id='word_1_424' title='bbox 183 4282 455 4352; x_wconf 83' lang='lat' dir='ltr'>conversatione:</span> <span class='ocrx_word' id='word_1_425' title='bbox 483 4301 518 4350; x_wconf 91' lang='lat' dir='ltr'>se</span> <span class='ocrx_word' id='word_1_426' title='bbox 561 4280 668 4349; x_wconf 86' lang='lat' dir='ltr'>dividi</span> <span class='ocrx_word' id='word_1_427' title='bbox 688 4302 755 4350; x_wconf 95' lang='lat' dir='ltr'>non</span> <span class='ocrx_word' id='word_1_428' title='bbox 797 4281 918 4360; x_wconf 90' lang='lat' dir='ltr'>ossint,</span> <span class='ocrx_word' id='word_1_429' title='bbox 939 4281 999 4368; x_wconf 88' lang='lat' dir='ltr'>qui</span> <span class='ocrx_word' id='word_1_430' title='bbox 1024 4282 1074 4350; x_wconf 91' lang='lat' dir='ltr'>sic</span> <span class='ocrx_word' id='word_1_431' title='bbox 1097 4292 1178 4350; x_wconf 94' lang='lat' dir='ltr'>sunt</span> <span class='ocrx_word' id='word_1_432' title='bbox 1197 4301 1278 4350; x_wconf 93' lang='lat' dir='ltr'>con-</span> 
     </span>
     <span class='ocr_line' id='line_1_47' title="bbox 41 4302 1280 4461; baseline 0.001 -25"><span class='ocrx_word' id='word_1_433' title='bbox 41 4363 127 4436; x_wconf 72' lang='lat' dir='ltr'>iuncti</span> <span class='ocrx_word' id='word_1_434' title='bbox 154 4367 185 4435; x_wconf 95' lang='lat' dir='ltr'>in</span> <span class='ocrx_word' id='word_1_435' title='bbox 211 4368 333 4438; x_wconf 80' lang='lat' dir='ltr'>Christi</span> <span class='ocrx_word' id='word_1_436' title='bbox 360 4370 512 4442; x_wconf 89' lang='lat' dir='ltr'>nomine.</span> <span class='ocrx_word' id='word_1_437' title='bbox 542 4373 632 4440; x_wconf 85' lang='lat' dir='ltr'>llaec</span> <span class='ocrx_word' id='word_1_438' title='bbox 653 4369 738 4440; x_wconf 92' lang='lat' dir='ltr'>mihi</span> <span class='ocrx_word' id='word_1_439' title='bbox 763 4302 934 4452; x_wconf 74' lang='lat' dir='ltr'>dixerunt,</span> <span class='ocrx_word' id='word_1_440' title='bbox 958 4369 1120 4461; x_wconf 83' lang='lat' dir='ltr'>lacrymis</span> <span class='ocrx_word' id='word_1_441' title='bbox 1146 4369 1280 4440; x_wconf 91' lang='lat' dir='ltr'>vultum</span> 
     </span>
    </p>
   </div>
   <div class='ocr_carea' id='block_1_5' title="bbox 105 4483 1203 4582">
    <p class='ocr_par' dir='ltr' id='par_1_6' title="bbox 105 4483 1203 4582">
     <span class='ocr_line' id='line_1_48' title="bbox 105 4483 1203 4582; baseline 0.005 -38"><span class='ocrx_word' id='word_1_442' title='bbox 105 4483 588 4582; x_wconf 65' lang='lat' dir='ltr'>amm-rrrcss.7v01.x11.</span> <span class='ocrx_word' id='word_1_443' title='bbox 1164 4485 1203 4549; x_wconf 79' lang='lat' dir='ltr'>aa</span> 
     </span>
    </p>
   </div>
   <div class='ocr_carea' id='block_1_6' title="bbox 0 0 1496 4816">
    <p class='ocr_par' dir='ltr' id='par_1_7' title="bbox 0 0 1496 4816">
     <span class='ocr_line' id='line_1_49' title="bbox 0 0 1496 4816; baseline 0 0"><span class='ocrx_word' id='word_1_444' title='bbox 0 0 1496 4816; x_wconf 95' lang='lat' dir='ltr'> </span> 
     </span>
    </p>
   </div>
  </div>
 </body>
</html>
