2972 4826
86 287 148 353 litt.
172 289 189 354 7
343 309 381 355 na
405 307 430 354 s.
457 307 613 356 nannosro
637 310 687 356 ar.
713 307 841 356 aaaron.
869 307 906 354 nr
931 305 1018 355 noer.
1208 291 1272 355 2l5

83 391 227 462 declinans
249 393 436 482 Eugenium
462 393 599 473 mansit,
618 405 782 483 tempore,
805 413 875 480 qno
903 389 1120 492 Radagaisus
1146 389 1163 424 ⁴
1189 411 1316 483 supra-

80 479 176 549 dictam
192 481 357 551 civitatem
382 481 569 562 obsidebat,
588 503 667 553 com
691 482 763 570 jam
789 480 832 550 de
855 502 892 549 se
912 495 1050 570 penitus
1074 480 1316 569 desperassent

80 567 125 635 riri
150 570 309 652 civitatis,
329 591 396 728 ¹pstor
419 569 528 641 visum
553 571 693 642 cuidam
725 570 898 660 apparuit,
921 583 953 639 et
981 569 1139 659 promisit
1167 568 1235 638 alio
1259 571 1316 641 die

79 654 193 727 salutem
217 658 284 728 iliis
308 681 326 728 a
355 674 502 729 uturam.
521 665 596 743 Quo
622 659 797 740 referente,
824 660 952 730 civium
972 659 1079 727 animi
1099 669 1180 728 sunt
1196 661 1314 729 erecti.

79 749 139 812 lara
158 745 258 817 altero
276 748 343 828 die,
361 749 561 818 adveniente
585 749 746 818 stilicone
771 761 853 817 tunc
882 747 1009 816 Gemite
1040 769 1119 815 oum
1150 749 1312 831 exercitu,

79 831 208 904 inanest
238 836 279 906 de
311 837 406 908 boste
437 837 591 906 victoria.
618 841 708 906 llaec
733 836 939 927 Pansopbia,
963 836 1122 926 religiosa
1153 833 1312 918 foemina,

78 936 158 991 matre
182 927 275 1014 pueri
301 927 497 1016 Pansopbii,
517 925 683 996 referente
703 927 939 1016 eognovimus.
960 924 1134 995 llascezeli
1151 924 1186 960 ²⁵*
1210 926 1314 994 etiarn

74 1009 236 1100 desperanti
252 1014 296 1083 de
312 1014 422 1085 salute
438 1037 501 1086 sna
518 1015 569 1084 vei
586 1015 765 1094 exercitus
781 1035 883 1102 quem
903 1013 1050 1083 ducebat
1066 1024 1185 1083 eontra
1201 1014 1316 1084 Gildo-

74 1120 144 1182 nem,
160 1101 315 1172 baculum
338 1117 457 1174 tenens
482 1125 600 1185 manu,
628 1104 662 1172 in
687 1103 764 1172 visu
788 1103 899 1172 noctis
915 1103 1087 1194 apperuit,
1107 1116 1209 1189 atque
1234 1125 1336 1180 cum,

75 1189 295 1274 provolveretur
314 1193 355 1262 ad
376 1192 479 1282 pedes
496 1193 605 1264 sancti
628 1193 692 1260 viri
712 1191 889 1272 Mascezel,
911 1192 1108 1280 percutiens
1132 1191 1166 1260 in
1188 1203 1313 1261 terram

75 1295 152 1348 senex
172 1274 303 1362 bac'ulo,
322 1301 392 1368 quo
409 1303 445 1350 re
469 1282 600 1364 ebatur,
617 1281 808 1371 tertiolbac
824 1282 915 1350 enim
937 1281 986 1349 illi
1010 1280 1123 1372 specie
1146 1301 1164 1349 a
1195 1302 1315 1371 parue-

73 1364 130 1462 rat),
151 1368 213 1438 ait:
238 1394 252 1434 v
282 1371 345 1440 llio
371 1369 426 1438 bio
446 1303 527 1449 lire
547 1371 726 1461 »signans
752 1369 877 1451 locum,
907 1368 1069 1457 deditque
1099 1301 1313 1440 intellectum

71 1473 134 1550 nro,
156 1477 250 1544 quem
278 1460 471 1530 visitatione
487 1458 632 1549 dignam
658 1458 769 1528 fuerat
788 1458 988 1540 arbitratus,
1007 1475 1045 1527 ut
1061 1471 1262 1548 agnosceret
1279 1481 1315 1527 se

71 1544 281 1632 tripartiens,
316 1548 353 1616 in
401 1569 447 1619 uo
470 1561 628 1618 sanctum
665 1548 800 1617 Domini
833 1547 963 1616 viderat
988 1547 1226 1628 Sacerdotem,
1259 1546 1315 1618 die

70 1633 146 1728 tertia
166 1635 337 1706 victoriam
356 1569 576 1726 adepturam,
595 1650 696 1723 atque
720 1637 768 1706 ita
792 1655 936 1706 securus
960 1635 1088 1705 bellurn
1114 1648 1147 1705 et
1173 1637 1315 1706 inoboa-

71 1732 112 1799 nt,
127 1736 155 1791 et
169 1725 433 1794 consummavit.
458 1730 524 1794 Nos
549 1737 661 1794 tamen
680 1747 720 1793 ea
737 1724 917 1795 Mediolani
947 1725 1060 1814 positi,
1089 1724 1164 1813 ipso
1189 1731 1315 1794 llasce-

67 1808 121 1876 aals
134 1811 301 1894 referente,
319 1813 556 1903 cognovimus.
576 1819 658 1884 llam
677 1823 720 1883 et'
733 1815 767 1882 in
795 1814 859 1883 bac
878 1815 1064 1904 provincia,
1084 1813 1118 1881 in
1135 1835 1202 1904 qua
1221 1835 1314 1884 nuuc

69 1899 147 1982 positi
169 1901 246 1970 baec
274 1901 516 1984 describimus,
536 1902 697 1993 plurimis
715 1904 778 1972 boc
796 1903 910 1992 ipsum
931 1902 1045 1972 retulit
1063 1901 1311 1984 sacerdotibus,

68 1987 169 2068 quibos
183 1991 285 2060 etiarn
310 1990 548 2073 referentibus,
568 1993 726 2061 securius
746 2004 824 2061 ante
847 1992 944 2062 nobis
961 1991 1109 2082 cognita,
1129 1991 1210 2058 inuio
1226 1990 1314 2062 libro

69 2073 226 2166 adjungere
263 2079 420 2150 arbitrati
457 2101 590 2150 sumus.
620 2081 748 2150 Sisinni
779 2081 880 2150 etiam
912 2093 945 2149 et
970 2078 1148 2150 Alexandri
1186 2093 1315 2169 marty-

69 2181 124 2232 rum
146 2166 203 2249 μ’,
222 2169 287 2256 qui
312 2170 420 2238 nostri
442 2169 666 2270 temporibus,
696 2170 759 2238 hoc
775 2183 837 2248 est,
857 2183 933 2257 post
952 2169 1082 2239 obitum
1109 2168 1218 2238 sancti
1237 2172 1315 2238 lm·

71 2249 147 2323 brosii
167 2257 199 2326 in
224 2259 407 2327 Anauniae
431 2258 600 2346 partibus,
628 2259 915 2346 persequentibus
940 2257 1139 2348 gentilibus,
1161 2257 1314 2344 martyrii

73 2357 196 2434 umnam
221 2345 344 2435 adepti
369 2357 461 2427 sunt,
478 2367 557 2416 oum
581 2345 745 2434 reliquias
764 2347 943 2416 lledioinni
962 2367 1098 2416 summa
1114 2367 1193 2416 cum
1212 2345 1315 2414 devo-

77 2437 137 2498 tione
154 2437 426 2524 susciperemus
445 2434 646 2505 adveniente
670 2436 820 2523 quodam
838 2457 939 2506 caeco
952 2448 986 2504 et
1003 2435 1167 2504 referente
1187 2455 1315 2524 eogno-

75 2517 163 2603 vimus,
187 2525 249 2611 qui
280 2523 401 2592 eodem
426 2523 482 2592 die
510 2537 599 2594 tacto
624 2523 760 2606 lectulo,
778 2525 813 2593 in
839 2545 907 2611 qno
932 2537 1127 2594 sanctorum
1151 2523 1315 2610 reliquiae

72 2610 280 2692 potabantur,
299 2611 415 2681 iumen
441 2613 583 2700 recepit,
599 2613 690 2700 quod
709 2613 893 2703 pervisum
914 2613 1022 2684 noctis
1038 2613 1177 2682 vidisset
1193 2633 1313 2682 navem

66 2700 320 2794 appropinquare
338 2699 455 2781 littori,
476 2702 509 2768 in
525 2723 595 2788 qua
614 2715 686 2772 erat
706 2699 891 2771 multitudo
915 2702 1107 2772 albatorum
1134 2699 1311 2770 virorum:

64 2785 165 2865 quibus
186 2789 481 2860 descendentibus
497 2789 538 2858 ad
566 2803 704 2872 terram,
722 2813 801 2860 eum
828 2813 937 2860 nnum
963 2791 1005 2860 de
1029 2790 1128 2861 turba
1156 2809 1314 2880 precare-

64 2883 114 2946 tur.
128 2889 161 2944 ut
181 2879 287 2947 sciret
302 2878 362 2967 qui
387 2893 501 2948 essent
519 2879 542 2946 ii
567 2879 643 2960 viri,
663 2879 820 2960 audierit,
839 2879 1056 2950 Ambrosium
1075 2879 1218 2969 ejusque
1233 2899 1314 2949 eon-

62 2975 157 3032 sortes.
172 2971 248 3050 Quo
273 2966 392 3036 audito
418 2967 568 3048 nomine,
588 2989 668 3037 cum
686 2969 928 3056 deprecaretur
945 2981 982 3038 ut
1000 2969 1114 3038 iumen
1135 2969 1310 3057 reciperet,

61 3049 183 3124 audierit
207 3055 253 3124 ab
277 3075 340 3124 eo:
367 3075 385 3121 v
412 3059 474 3125 Per
498 3078 515 3124 e
541 3056 783 3135 llediolanum,
803 3072 835 3126 et
858 3078 1001 3127 occurre
1026 3056 1189 3126 fratribus
1215 3058 1310 3137 meis,

60 3139 106 3236 iul
125 3141 178 3211 iiio
198 3143 334 3212 venturi
351 3156 434 3214 sunt
450 3077 651 3236 (designans
674 3145 796 3234 diem),
813 3158 846 3215 et
873 3146 1016 3236 recipies
1041 3144 1180 3215 lumen:
1205 3167 1222 3210 n
1242 3158 1315 3212 erat

60 3243 132 3296 emm
158 3231 210 3300 vir
231 3233 286 3322 (ut
310 3233 383 3322 ipse
408 3232 597 3324 asserebat)
624 3234 666 3302 de
692 3234 802 3304 littore
832 3233 1052 3314 palmarem,
1081 3255 1143 3302 nec
1171 3253 1207 3300 se
1236 3244 1314 3301 ante

61 3317 170 3388 venisse
196 3319 232 3389 in
259 3321 431 3390 civitatem
460 3325 645 3404 asserebat,
666 3323 868 3412 priusquam
898 3335 988 3392 recto
1013 3323 1133 3392 itinere
1158 3320 1314 3407 reliquiis

60 3419 235 3506 sanctorum
263 3410 470 3480 occurrisset
497 3411 651 3482 noudum
685 3411 827 3484 videns:
854 3410 912 3480 sed
939 3423 1027 3482 tacto
1053 3409 1178 3490 loculo,
1198 3408 1314 3478 videre

60 3510 205 3582 coepisse.

93 3583 108 3668 i
129 3589 198 3656 11.
215 3587 278 3656 llis
294 3586 409 3675 itaque
433 3587 600 3668 decursis,
621 3611 687 3658 non
714 3589 862 3658 arbitror
877 3609 979 3679 grave
1000 3587 1119 3669 videri,
1138 3587 1166 3656 si
1191 3585 1314 3677 pauiu-

61 3664 120 3744 luru
140 3676 301 3762 promissi
317 3676 423 3747 nostri
442 3689 549 3746 metas
568 3678 828 3758 excesserimus,
847 3691 886 3747 ut
905 3677 1036 3746 Domini
1055 3677 1199 3757 dictum,
1220 3673 1311 3765 quod

62 3775 153 3840 ueros
175 3767 378 3833 &notorum
402 3765 646 3854 prophatarum
674 3766 811 3836 locutus
833 3775 895 3845 est,
922 3765 1131 3854 completum
1157 3785 1232 3834 esse
1251 3763 1313 3833 do-

61 3863 194 3920 ceamus:
213 3853 388 3924 sedentem
411 3854 572 3924 adversm
588 3857 739 4012 (nonem
761 3877 861 3924 snum
877 3865 909 3923 et
925 3855 1153 3922 detrahentem
1170 3855 1308 3933 occulte,

61 3941 260 4042 persequebar
277 3945 385 4022 (Psoi.
404 3941 493 4031 tou),
513 3956 546 4013 et
564 3964 584 4014 a
601 3943 669 4012 ibi:
695 3947 776 4014 lloit'
796 3945 940 4034 dv'la'pere
959 3943 1146 4022 detrahere,
1170 3965 1211 4012 ne
1237 3965 1313 4011 era·

63 4019 174 4096 icoc.
199 4033 239 4098 lit
261 4030 474 4118 quicumque
497 4031 582 4102 forte
607 4031 806 4121 hujusmodi
831 4044 954 4121 captus
977 4043 1027 4100 est
1048 4029 1309 4111 consuetudine,

82 4199 237 4256 ‘Menisco
250 4219 303 4257 cun
316 4212 434 4254 manso
447 4209 601 4256 δαῦκοι-ιω
615 4211 727 4257 exornavi.
741 4221 802 4260 anuo
819 4213 869 4256 wa,
884 4211 910 4252 tn
925 4211 1017 4254 lantiam
1032 4211 1158 4258 incoant
1174 4209 1219 4252 sad
1239 4221 1312 4260 quum

66 4247 188 4300 'lemanem
202 4262 323 4309 obsideret,
336 4265 367 4305 ab
383 4263 483 4304 Honorll
499 4263 642 4304 exercitibus
657 4265 742 4305 mirum
752 4266 777 4304 in
787 4265 882 4304 madiam
892 4265 1000 4306 devictus
1010 4261 1067 4308 fuit:
1078 4260 1181 4314 ipseque.
1191 4275 1204 4304 a
1213 4263 1269 4314 inge
1278 4274 1313 4304 re·

68 4304 148 4354 Mu·
156 4313 178 4352 ¹¹²
188 4324 275 4358 waere
284 4317 451 4368 massinus
459 4317 504 4356 sak

86 4359 337 4466 zfflffltffflv
344 4370 671 4472 &wgffitmfflnb
680 4380 707 4412 ae
717 4380 759 4422 pro
770 4367 873 4412 Honorio
884 4369 1010 4414 militabat
