2946 4798
16 259 72 322 tut.
92 260 131 321 eo
346 278 384 324 uu
409 278 437 323 s.
465 277 627 324 sraruano
654 278 898 325 raoronaarvmr
1153 258 1217 324 459

16 363 139 428 uiversa
165 359 395 430 debacchatio
421 360 592 431 redundat
617 363 651 430 in
669 362 798 450 ipsum,
816 375 849 430 et
873 362 939 450 ipsi
964 361 1028 430 soli
1052 362 1262 452 improperia

17 449 264 536 rprobrantium
292 449 531 519 cumulantur.
562 451 625 520 Ubi
652 452 761 540 pietas
785 462 817 520 et
842 449 1077 520 misericordia
1103 462 1172 530 tua,
1200 456 1262 520 Do-

16 539 87 617 rine,
107 539 134 607 si
154 559 221 608 non
238 539 453 626 compateris
471 540 640 628 patientia
667 539 727 608 Ubi
754 552 785 608 et
813 539 978 625 aequitas,
1005 552 1037 608 et
1057 539 1204 627 justitia,
1233 542 1260 610 si

19 649 53 694 on
73 627 221 715 judicas,
242 642 276 697 et
303 627 460 697 vindicas
481 628 522 697 de
548 628 676 717 populo
693 627 892 717 lapidante?
912 633 1098 698 Curramus
1117 629 1158 696 ad
1185 651 1262 714 spe-

16 716 165 796 taculum‚
186 717 228 786 ad
252 717 349 804 quod
367 717 486 796 currit,
502 718 561 803 qui
578 716 705 786 exultat
721 728 759 786 at
774 720 875 808 pt'qus
890 717 936 785 od
951 718 1151 786 currendum
1171 721 1262 788 viam

16 809 53 872 tt.
73 811 134 888 tu),
151 819 183 874 et
209 805 394 874 videamus
418 807 546 892 quibus
564 807 671 874 armis
695 820 851 876 armatus
877 806 1043 874 vexillifer
1069 821 1259 896 martyrum

16 915 201 982 teavnpum
230 908 456 985 pugnaturus
485 894 685 964 descendit:
718 909 750 964 et
782 909 819 964 nt
854 894 1056 984 diligentius
1092 895 1264 964 elucescat

16 983 167 1068 iugulatis
204 983 368 1070 martyrii
407 984 515 1070 prima
551 984 809 1073 praerogativa,
838 1005 1036 1052 revocemus
1061 983 1102 1053 ad
1133 1005 1262 1058 memo-

16 1069 72 1138 iam
96 1073 371 1160 Apostolicorum
397 1083 541 1142 actuum
569 1073 849 1161 descriptionem,
878 1073 911 1140 in
937 1075 1066 1160 quibus
1091 1073 1264 1142 historicis

16 1171 27 1257 t
54 1161 251 1249 figuralibus
277 1161 382 1231 dictis
413 1163 627 1232 corrversatio
651 1175 683 1231 et
709 1163 821 1251 passio
844 1161 1003 1254 belligeri
1037 1161 1156 1232 militis
1180 1183 1264 1231 con-

17 1267 123 1316 inetur.

41 1339 113 1422 §a
139 1339 360 1426 StephanuS,
391 1338 572 1426 inquiunt,
602 1343 725 1429 plenus·
756 1351 872 1429 protea
903 1351 933 1408 ot
964 1341 1175 1427 fortitudine,
1207 1342 1228 1427 f
1249 1379 1263 1389 ·

18 1427 89 1492 irlot
119 1429 281 1518 prodiqt‘a
319 1439 348 1496 et
384 1431 484 1518 sipon
519 1451 645 1518 mupna
675 1431 708 1496 io
735 1451 777 1518 po
804 1433 871 1498 ulo.
906 1433 978 1496 Non
1012 1451 1155 1517 parvum
1184 1427 1264 1498 latet

16 1514 48 1580 tic
70 1517 294 1604 mysterium,
325 1538 385 1585 nec
412 1515 655 1606 vilipendenda
680 1453 903 1606 simplicioris
928 1518 1119 1605 scripturae
1154 1518 1264 1585 mani·

16 1615 70 1670 esta
92 1606 224 1692 positio.
245 1605 295 1675 td
322 1606 495 1695 Virginem
518 1606 648 1694 quippe
673 1605 818 1692 loquens
836 1605 1072 1694 Archangelus
1096 1609 1198 1675 verba
1223 1607 1264 1676 de

16 1690 184 1764 oelestibus
214 1695 360 1764 scriniis
391 1706 543 1784 sumpta,
574 1717 634 1762 neo
654 1695 808 1775 alterius,
829 1695 896 1766 nisi
923 1695 1034 1784 ipsius
1060 1696 1114 1763 Dei
1140 1695 1265 1782 spiritu

16 1779 156 1862 'abricata
181 1805 270 1852 nova
294 1782 500 1852 salutatione
528 1796 675 1872 perorat.
693 1783 785 1854 Nulli
810 1783 971 1864 dubium,
998 1784 1081 1870 quin
1106 1786 1263 1854 omnium

16 1868 163 1941 :orborum
183 1872 354 1942 excedant
379 1872 611 1955 altitudinem,
630 1883 746 1962 utpote
770 1872 813 1941 de
843 1871 1044 1942 melioribus
1067 1871 1265 1961 disciplinis

16 1960 101 2026 §arreti
117 1962 267 2048 Spiritus
283 1961 432 2042 evoluta,
444 1983 592 2049 quorum
607 1961 851 2031 enunciatione
864 1960 1178 2032 confoederandum
1194 1974 1266 2030 erat

21 2042 78 2114 llud
92 2051 231 2120 unicum
256 2050 515 2120 'sacramentum
537 2049 634 2120 Verbi
649 2063 682 2120 et
697 2051 861 2131 hominis
881 2050 1072 2120 divinitatis
1088 2063 1120 2119 et
1135 2051 1263 2118 carnis.

16 2137 73 2204 loc.
96 2139 204 2226 inquit
231 2139 400 2209 fortitudo
426 2139 572 2220 Domini,
588 2141 706 2230 pratia
732 2143 847 2231 pleno.
867 2139 956 2223 Quid
982 2151 1096 2210 autern
1125 2137 1166 2206 de
1196 2143 1266 2208 Ste-

16 2221 126 2317 plrano?
157 2229 354 2319 Stephanus
384 2233 507 2319 plenus
540 2231 657 2319 qratia
686 2239 717 2298 ct
750 2231 961 2317 fortitudine.
997 2233 1115 2299 Nonne
1153 2233 1264 2296 Lucas

16 2310 117 2382 eisdem
133 2339 218 2405 pene
244 2318 369 2387 litteris
387 2317 429 2386 de
452 2318 610 2404 utrisque
636 2318 811 2405 loquitur?
843 2317 906 2387 Sed
937 2317 1016 2388 licet
1041 2317 1141 2406 longe
1158 2316 1266 2386 excel·

16 2393 113 2495 lentior
133 2406 259 2477 modus
287 2407 320 2474 in
339 2407 478 2496 Virgine
496 2407 725 2496 praedicetur,
745 2407 952 2477 secundario
971 2421 1083 2476 tamen
1105 2405 1267 2475 laudatur

16 2507 40 2552 m
63 2494 202 2582 llartyre.
234 2497 347 2565 Habet
374 2495 480 2585 igitur
504 2497 649 2586 gratiam
689 2496 884 2581 Stephanus
914 2495 1111 2566 sublimiori
1144 2517 1267 2586 genere

16 2595 96 2672 quam
119 2583 249 2671 reliqua
277 2596 468 2673 martyrum
500 2583 698 2665 multitudo,
719 2583 842 2674 plenus
865 2587 987 2675 gratia,
1008 2585 1153 2656 refertus
1173 2583 1267 2652 vide·

16 2661 85 2762 licet,
101 2683 130 2738 at
144 2673 357 2754 cumulatus,
375 2673 468 2760 quod
489 2695 566 2743 raro
591 2673 625 2742 in
653 2674 836 2762 scripturis
853 2674 1032 2744 canonicis
1049 2673 1188 2744 subtilis
1214 2673 1267 2740 in-

16 2757 136 2848 quisitor
152 2761 315 2832 inveniet.
342 2762 505 2852 iungitur
529 2763 659 2852 gratiae
685 2761 861 2845 fortitude,
881 2764 963 2851 quia
989 2762 1117 2832 inlusio
1143 2763 1267 2852 spiritu

18 2837 156 2916 libertatis
181 2851 313 2940 ignitus
337 2851 476 2920 animus
502 2851 536 2919 in
564 2850 675 2922 lucem
697 2852 850 2922 veritatis
873 2853 1036 2940 erumpit,
1056 2873 1119 2922 nee
1140 2851 1268 2940 patitur

16 2927 71 3025 ullo
96 2950 186 3022 pacto
211 2940 361 3030 rigorem
382 2939 538 3029 justitiae
564 2940 613 3010 vel
641 2939 799 3010 submitti
827 2941 1028 3030 aliquando,
1049 2941 1099 3010 vel
1125 2941 1265 3010 dimitti.

18 3019 65 3117 bit
79 3021 231 3098 loricatus
252 3029 388 3120 gratia,
418 3040 450 3097 et
476 3028 574 3100 basta
607 3028 822 3099 fortitudinis
854 3031 1027 3118 sapienter
1051 3029 1265 3110 infrendens,

19 3105 136 3212 lactabat
159 3118 317 3208 prodigia
334 3129 367 3186 et
390 3117 490 3207 sigua
515 3138 640 3206 magna
666 3117 700 3186 in
729 3118 868 3207 populo.
888 3118 950 3187 llle
976 3131 1086 3209 potest
1110 3120 1210 3208 signa
1237 3131 1269 3187 et

20 3198 150 3286 prodigia
173 3205 306 3286 facere,
338 3207 371 3273 in
404 3227 473 3292 quo
498 3207 607 3295 gratia
639 3218 672 3276 ot
696 3205 861 3277 tortitudo
899 3207 1015 3277 sedem
1042 3208 1266 3278 fortissimam

21 3295 195 3386 statuerunt.
209 3296 262 3364 Sic
278 3295 345 3364 exit
363 3293 558 3383 Stephanus
578 3294 620 3365 ad
639 3295 844 3376 homicidas,
861 3295 904 3366 ad
921 3295 1008 3388 legis
1024 3296 1211 3376 adulteros,
1225 3295 1268 3364 ad

22 3377 212 3452 nuntnores
236 3384 300 3452 filii
326 3384 383 3452 Dei
410 3385 534 3472 patris:
555 3384 709 3471 loquitur
724 3385 817 3474 genti
844 3387 1027 3476 peccatrici
1048 3387 1082 3454 in
1104 3390 1266 3475 Aegypto,

25 3465 124 3562 bibulo
141 3473 232 3556 gravi
256 3472 436 3560 iniquitate
461 3473 495 3540 in
518 3474 663 3554 deserto,
691 3474 817 3542 semini
843 3495 991 3564 nequam
1013 3476 1048 3542 in
1075 3487 1166 3544 terra
1191 3494 1268 3562 pro-

25 3559 180 3640 tonsionis,
194 3561 274 3630 filiis
292 3560 467 3632 sceleratis
483 3563 516 3630 in
540 3574 648 3632 morte
666 3561 863 3633 Salvatoris.
875 3569 970 3633 Dura
987 3565 1127 3644 cervice,
1143 3563 1266 3648 inquit,

25 3642 270 3802 p‘lssprcirpumca'ri
288 3652 383 3722 corde
408 3659 438 3718 et
456 3653 606 3732 tratribus,
632 3676 689 3720 vos
712 3674 842 3742 sempor
857 3655 1006 3744 Spiritui
1022 3657 1144 3723 Sancto
1169 3653 1269 3720 resti-

52 3747 64 3782 ·-
78 3753 100 3806 s,
116 3755 132 3799 e
147 3758 174 3803 c.

58 3817 71 3896 l
92 3824 127 3919 Ι,
144 3825 366 3898 Surreaoerunt
390 3842 505 3901 autern
525 3829 666 3920 quidum
686 3829 726 3898 do
750 3853 952 3920 spnoqopa,
967 3830 1087 3916 utique
1108 3833 1267 3909 Satanae,

28 3907 192 3996 *turdique
215 3917 478 4007 conglobantur,
499 3917 549 3988 rel
576 3919 616 3987 ad
644 3919 934 3998 convincendum,
963 3919 1012 3988 vel
1038 3918 1081 3988 ad
1111 3917 1271 3988 occiden-

30 3981 102 4080 lun,
116 3997 238 4099 sapiunt
254 4008 418 4097 parietem
437 4030 559 4090 unum,
577 4007 764 4094 impietatis
783 4029 929 4094 squama
945 4029 1111 4094 squamae
1126 4008 1271 4098 conjun-

34 4088 109 4159 ptum
126 4089 258 4163 sibilant
282 4095 348 4166 sibi
369 4110 545 4187 serpentes
565 4095 608 4165 ad
630 4096 790 4178 invicem,
813 4109 845 4166 et
870 4097 1083 4168 conveniunt
1098 4098 1132 4166 in
1158 4117 1269 4165 unum

35 4179 162 4266 quorsus
185 4184 378 4266 Dominum,
404 4201 438 4256 et
461 4185 627 4256 adversus
656 4208 792 4256 servum
825 4186 912 4274 ejus.
940 4186 1027 4255 Velit
1055 4186 1153 4266 nolit,
1180 4185 1271 4255 cedit

40 4264 159 4338 llllutos
182 4270 307 4358 pietati,
327 4276 459 4346 veritati
474 4297 580 4356 error,
601 4275 746 4345 stultitia
765 4275 965 4365 sapientiae,
984 4275 1128 4365 Spiritui
1149 4280 1271 4345 Sancto

41 4351 229 4444 praesumptio
249 4375 280 4429 et
305 4366 436 4434 vanitas
461 4365 606 4454 spiritus
626 4363 786 4432 humani.
810 4369 849 4432 vt
874 4387 938 4434 non
956 4375 1122 4455 poterunt,
1144 4365 1267 4451 inquit,
