3046 4838
246 268 287 330 ,to
610 284 648 329 na
673 285 701 329 s.
724 283 828 328 erroro
853 285 901 328 ar.
928 282 1057 330 nomon.
1335 266 1417 330 net.
1442 267 1450 328 l
1503 299 1504 336 t

203 399 214 430 a
244 367 362 448 Nolite,
384 368 506 454 inquit,
527 367 684 437 homines
702 368 770 449 Dei,
789 367 893 437 nolite
913 366 962 437 sic
986 367 1021 435 in
1047 367 1121 438 loco
1146 387 1243 436 sacro
1267 373 1457 454 ageretur

196 479 254 526 eos
279 457 420 557 perdere
454 455 618 537 nitimini,
637 479 724 544 quos
745 455 820 542 jam
847 458 924 546 pius
953 455 1120 526 Dominus
1146 455 1328 528 liberavit?
1355 463 1456 540 Quare
1503 465 1504 550 3

195 545 308 614 facitis
334 559 401 614 tem
426 545 530 634 impie
552 545 584 612 in
610 545 714 615 domo
739 546 821 615 [leil
845 549 911 614 Cur
936 567 1002 614 non
1033 545 1272 634 pertimescitis
1296 547 1380 615 tanti
1396 568 1458 616 sce·
1503 557 1504 626 t

193 634 275 704 leris
300 633 468 723 culpam?
494 638 622 703 Domus
648 635 742 714 haec,
778 655 844 703 non
871 634 1008 715 mortis,
1037 633 1096 703 sed
1125 633 1213 704 vitae
1244 634 1368 704 domus
1401 649 1455 704 est.
1503 637 1504 708 l

193 723 378 812 Refugium
395 735 445 791 est
461 722 751 808 delinquentium,
772 745 837 792 non
857 723 1033 792 damnatio
1049 723 1281 792 evadentium.
1298 725 1459 794 Orationis
1503 719 1504 804 l

194 825 245 880 est
263 811 371 892 locus,
392 833 459 879 non
487 810 658 882 latronum
677 833 813 901 specus.
835 809 934 880 »Sed
960 833 1040 881 cum
1067 811 1189 880 nihile
1218 812 1263 881 ud
1283 833 1342 882 eos
1357 835 1459 881 sermo

195 900 272 987 ejus
295 901 483 990 proliceret,
506 902 626 969 iterum
644 902 701 970 ait:
719 923 737 966 c
755 900 919 970 Dominus
935 906 1024 969 Deus
1040 901 1149 969 videat
1175 835 1214 969 td
1233 901 1323 986 quod
1345 900 1458 971 facitis.
1503 913 1504 960 t

197 995 261 1058 Vos
285 989 424 1075 quidem
461 1011 513 1057 me
537 989 657 1058 audire
686 1011 751 1058 non
779 989 904 1069 vultu,
931 989 989 1058 sed
1018 989 1135 1058 audiet
1157 989 1291 1079 (oredo)
1318 990 1389 1072 ille,
1407 991 1459 1076 qui

198 1100 377 1164 nunquam
404 1076 611 1164 derelinquit
631 1091 807 1168 sperantes
830 1079 863 1146 in
883 1101 929 1148 se.
951 1101 968 1144 v
987 1083 1059 1147 Mox
1078 1099 1160 1170 ergo
1184 1079 1226 1146 ad
1245 1079 1346 1150 solita
1372 1101 1460 1169 prae-

200 1168 290 1236 sidia
313 1187 349 1234 se
375 1180 586 1248 convertens,
617 1169 797 1257 prostravit
822 1189 856 1237 se
882 1167 914 1235 in
941 1179 1065 1235 terram
1092 1167 1181 1236 inter
1204 1167 1310 1236 altare
1334 1181 1367 1236 et
1385 1189 1459 1237 con-

202 1256 340 1326 fessoris
357 1255 570 1336 memoriam,
590 1273 691 1343 atque
709 1257 844 1326 enixius
862 1255 1005 1324 Domino
1022 1256 1238 1345 supplicavit.
1260 1262 1298 1326 llt
1322 1279 1402 1326 cum
1425 1256 1461 1324 ab
1503 1257 1504 1344 3

201 1345 353 1414 oratione
368 1358 472 1434 caput
495 1344 668 1426 elevasset,
691 1347 804 1414 statim
825 1344 1017 1414 confractae
1040 1359 1179 1414 catenae
1200 1346 1235 1414 in
1261 1357 1385 1414 terram
1410 1367 1458 1412 ce-

201 1434 371 1514 ciderunt,
391 1446 583 1520 cunctaque
609 1456 697 1520 quae
725 1435 774 1502 eis
799 1433 959 1534 imposita
985 1447 1083 1502 erant
1107 1433 1283 1523 ligamina,
1306 1435 1462 1503 omnibus

202 1523 418 1592 adstantibus
437 1543 561 1612 magno
578 1537 658 1592 sunt
678 1523 808 1611 impetu
825 1522 965 1612 dirupta
980 1545 1019 1591 ac
1034 1521 1213 1592 dissoluta.
1230 1523 1326 1605 Quod
1347 1523 1462 1593 milites

204 1612 365 1691 videntes,
396 1611 525 1700 ingenti
552 1623 643 1681 metu
670 1610 830 1701 perculsi,
857 1632 1002 1697 moxque
1026 1610 1069 1680 ad
1101 1611 1202 1700 pedes
1235 1613 1347 1681 sancti
1372 1611 1461 1700 Eligii

204 1700 383 1790 provoluti,
413 1699 545 1768 veniam
572 1699 649 1770 lacti
686 1701 738 1768 sui
766 1700 971 1787 meccham,
996 1699 1167 1769 dicentes:
1191 1723 1208 1766 «
1234 1701 1459 1770 Peccavimus.

202 1789 340 1858 domine
367 1801 471 1878 pater,
501 1789 615 1874 inique
639 1789 796 1879 egimus
823 1789 925 1857 stulte
952 1789 1146 1876 gessimus,
1176 1788 1267 1877 quod
1297 1803 1416 1858 contra
1437 1801 1463 1856 te
1503 1845 1504 1886 3

202 1878 406 1947 contendere
422 1877 497 1947 ausi
523 1899 655 1946 sumus.
683 1878 909 1964 Agnoscimus
931 1877 1031 1946 modo
1047 1877 1186 1968 culpam
1215 1891 1385 1947 nostram:
1405 1879 1461 1945 im·
1503 1889 1504 1936 t

203 1967 316 2066 pietati
344 1978 477 2036 nostrae
493 1965 641 2054 petimus
658 1979 695 2035 ut
716 1967 883 2054 ignoscas.
906 1990 923 2032 v
948 1971 1032 2035 Tum
1050 1965 1128 2035 ille:
1149 1989 1167 2033 «
1193 1971 1231 2035 llt
1246 1989 1321 2056 ego,
1343 1967 1458 2052 inquit,

202 2069 399 2144 ignoranter
416 2078 473 2124 vos
491 2055 609 2123 secisse
627 2055 716 2124 novi.
738 2055 901 2124 Dominus
916 2067 1029 2123 autem
1047 2054 1136 2136 lecit,
1152 2057 1242 2125 sicut
1259 2057 1333 2144 ipse
1351 2055 1459 2124 voluit.

202 2149 239 2213 llt
259 2145 315 2213 ille
339 2166 430 2234 ergo,
449 2145 509 2230 qui
533 2143 596 2213 hos
615 2144 753 2232 eripuit,
783 2144 876 2212 vobis
895 2143 983 2233 (oro)
1002 2143 1130 2214 tribuat
1154 2144 1420 2234 indulgentiam,
1435 2156 1462 2210 et
1503 2193 1504 2220 ,

201 2256 219 2302 a
245 2233 379 2302 cunctis
397 2255 454 2301 vos
480 2233 626 2320 peccatis
652 2233 854 2323 propitiatus
878 2232 1043 2301 absolvat.
1072 2238 1142 2302 Non
1167 2233 1259 2302 enirn
1285 2255 1363 2322 ego.
1382 2234 1462 2304 sicut

201 2343 259 2390 vos
281 2322 417 2412 putatis,
446 2321 503 2389 sed
530 2335 669 2392 sanctus
685 2321 852 2408 Sulpitius
868 2321 910 2388 ad
927 2343 962 2389 se
986 2320 1156 2410 fugientes
1176 2320 1328 2390 defendit
1347 2343 1461 2390 reos.»

201 2415 270 2480 Hoc
302 2433 382 2500 ergo
409 2410 508 2478 modo
537 2409 688 2498 Eligius‚
719 2411 824 2478 immo
852 2410 1015 2480 Dominus
1045 2431 1104 2500 per
1129 2409 1297 2500 Eligium‚
1325 2407 1463 2480 absolvit

202 2521 276 2568 reos
302 2523 319 2568 a
344 2499 438 2566 dirae
464 2498 582 2566 mortis
607 2497 770 2588 periculo.

245 2591 263 2674 ξ
288 2592 360 2659 18.
387 2585 472 2655 lnde
496 2598 608 2655 autem
630 2587 818 2674 digressus,
839 2598 958 2676 coepto
976 2587 1109 2655 tramite
1135 2609 1291 2688 pergens,
1316 2585 1463 2677 pervenit

201 2675 337 2745 tandem
368 2675 409 2742 ad
439 2696 543 2742 snos:
573 2675 632 2745 ubi
655 2675 778 2745 diebus
809 2675 957 2764 singulis
983 2674 1115 2764 plebem
1147 2676 1212 2746 sibr
1246 2678 1463 2746 commissam

201 2764 402 2842 admonens,
430 2761 622 2832 indefessus
647 2763 813 2833 salutares
839 2766 888 2834 eis
912 2763 1167 2834 adhortationes
1192 2765 1389 2835 adhibebat.
1412 2764 1462 2832 n'i-

201 2853 326 2920 mirum
345 2851 416 2921 zelo
433 2852 582 2920 veritatis
599 2875 777 2931 accensus,
806 2851 937 2922 volebat
955 2851 1092 2942 populis
1113 2854 1274 2942 pandere,
1293 2855 1378 2941 quid
1398 2854 1463 2942 ipsc

201 2942 401 3010 intemerata
417 2939 484 3008 lide
501 2951 638 3020 teneret,
660 2940 829 3010 mandans
848 2941 1011 3010 omnibus
1036 2943 1163 3012 servire
1182 2947 1246 3011 neo
1264 2944 1297 3011 in
1317 2944 1461 3020 veritate,

200 3029 310 3098 lacere
337 3029 507 3118 justitiam
534 3031 568 3098 in
601 3031 694 3121 omni
724 3042 886 3120 tempore,
922 3051 1091 3101 memores
1118 3053 1192 3101 esse
1223 3031 1463 3102 beneficiorum

201 3117 335 3198 Christi,
363 3130 394 3186 et
412 3118 611 3188 benedicere
636 3141 759 3188 nomen
785 3120 862 3206 ejus
878 3119 1013 3190 cunetis
1028 3119 1152 3190 diebus
1178 3120 1265 3189 vitae
1279 3141 1374 3190 suae.
1395 3117 1462 3188 Col·

201 3208 296 3278 lectis
316 3219 429 3276 autem
445 3207 598 3294 undique
615 3207 657 3276 ad
674 3207 854 3278 ecclesiam
872 3207 994 3288 turbis,
1014 3207 1120 3280 multa
1137 3209 1277 3295 quidem
1294 3221 1326 3278 et
1344 3227 1463 3297 magna

199 3297 293 3366 brevi
321 3318 478 3366 sermone
501 3297 761 3386 comprehensa,
786 3295 844 3366 sed
867 3297 1013 3385 spiritali
1041 3297 1278 3367 aedificatione
1305 3297 1460 3387 copiosa,
1503 3333 1504 3414 3

200 3408 278 3455 cum
298 3385 496 3476 prophetica
521 3385 649 3456 fiducia
673 3385 826 3455 exaltans
847 3407 982 3466 vocem,
1006 3385 1099 3455 bunc
1120 3387 1153 3454 in
1178 3385 1317 3455 modum
1346 3405 1464 3476 propo·
1503 3423 1504 3476 3

200 3498 280 3545 nere
305 3475 454 3546 solebat:
483 3479 611 3565 «Rogo
632 3497 702 3556 vos,
722 3474 842 3546 fratres
859 3474 1030 3545 carissimi
1055 3487 1087 3545 et
1105 3496 1185 3544 cum
1207 3474 1328 3565 grandi
1356 3471 1462 3546 humi·
1503 3477 1504 3546 l

200 3563 292 3634 litate
312 3563 492 3642 admoneo,
519 3577 557 3633 ut
581 3565 720 3632 intentis
744 3562 871 3632 animis
888 3563 1083 3634 auscultare
1103 3563 1233 3644 velitis,
1260 3585 1348 3651 quae
1374 3562 1463 3632 vobis

199 3675 261 3742 pro
278 3651 388 3722 salute
412 3665 520 3720 vestra
547 3673 692 3742 suggere
712 3651 797 3720 vole.
826 3651 895 3721 Scit
917 3652 1008 3719 enim
1034 3653 1252 3742 omnipotens
1278 3651 1459 3726 Dominus,
1503 3699 1504 3736 3

198 3740 289 3826 quod
308 3753 465 3830 prompta
480 3763 561 3830 erga
582 3764 639 3810 vos
663 3740 827 3809 charitate
851 3741 917 3810 ista
934 3740 1028 3810 vobis
1055 3740 1209 3830 profero:
1237 3741 1328 3827 quod
1350 3742 1461 3810 sinon
1503 3739 1504 3800 l

198 3827 321 3909 lacero,
350 3828 467 3919 procul
484 3829 590 3900 dubio
616 3852 695 3898 reus
719 3829 824 3898 debiti
849 3829 1000 3898 tenebor.
1021 3834 1084 3900 Vos
1108 3851 1188 3920 ergo
1214 3851 1280 3899 non
1308 3852 1368 3919 pro
1393 3847 1462 3896 mea
1503 3839 1504 3924 3

199 3917 385 4007 parvitate,
413 3918 471 3987 sed
498 3940 559 4006 pro
585 3932 718 3998 vestra,
745 3940 833 4005 quae
856 3918 945 3999 dico,
973 3917 1083 3988 salute
1109 3918 1253 3989 libenter
1277 3918 1457 4007 suscipite:
1503 3937 1504 3964 t

198 4020 244 4075 rta
267 4005 461 4085 dumtaxat,
489 4019 527 4077 ut
546 4028 634 4093 quae
657 4028 740 4076 aure
766 4007 964 4097 percipitis,
995 4029 1097 4094 opere
1124 4006 1347 4096 compleatis:
1374 4019 1411 4075 ut
1432 4015 1461 4070 et
1503 4063 1504 4068 ,

196 4117 259 4185 ego
291 4094 333 4163 de
365 4117 439 4164 meo
463 4095 651 4182 obsequio,
679 4108 711 4165 et
735 4095 777 4164 de
801 4108 910 4164 vestro
944 4095 1098 4184 profectu
1130 4117 1262 4166 merear
1291 4095 1458 4166 vobiscum
1503 4103 1504 4120 ¹

198 4183 349 4274 gaudere
373 4185 406 4252 in
427 4183 564 4253 coelesti
586 4205 701 4273 regno.
730 4184 765 4252 Si
788 4185 844 4254 cui
872 4184 956 4253 sorte
980 4185 1161 4275 displicet,
1189 4185 1281 4271 quod
1307 4198 1374 4255 tam
1400 4181 1461 4250 sre-

197 4283 342 4359 quenter
358 4272 460 4340 ,vobis
486 4271 664 4361 praedico:
693 4293 785 4360 rogo,
805 4295 872 4341 non
893 4273 978 4342 mihi
999 4273 1057 4342 ille
1074 4273 1238 4344 molestus
1255 4273 1385 4353 existat,
1405 4265 1458 4340 sed

200 4360 310 4450 magis
345 4358 536 4448 periculum
567 4382 680 4430 meum
710 4360 924 4444 consideret,
958 4374 989 4431 et
1021 4361 1139 4432 audiat
1167 4365 1375 4443 Dominum,
1407 4377 1461 4449 pet
