2972 4826
57 301 113 364 tat.
133 301 161 364 tt
436 321 474 366 aa
498 319 525 366 s.
551 316 688 366 neutuna
712 319 837 366 savarrx
1164 299 1229 366 263

54 401 175 474 audacter
191 415 239 474 est
261 405 408 486 locutus,
426 404 563 474 dicens:
591 426 608 470 ι
632 404 798 474 Dominus
816 409 917 474 lesus
935 404 1099 485 Christus,
1119 401 1153 471 in
1169 425 1272 491 quem

52 493 204 563 credidistis
221 495 237 528 *
250 507 282 564 et
297 493 412 574 credo,
433 493 505 583 ipse
520 514 579 562 vos
596 493 630 562 in
648 492 807 562 ultimam
825 493 988 582 abyssum
1015 492 1233 564 demerserit:
1252 514 1270 559 v

52 579 83 648 illi
97 593 163 650 tunc
177 582 292 652 acerbe
307 581 493 664 ululantes,
512 595 544 651 et
561 581 720 652 flebiliter
734 581 933 664 clamantes,
956 593 988 652 et
1003 603 1084 650 snas
1105 581 1219 662 iacies,
1237 593 1276 650 ut

53 669 223 753 ridebantur,
245 673 422 762 pulsantes
438 669 620 742 assimilati
648 669 971 758 vespertilionibnS,
1004 669 1064 740 illo
1091 670 1166 760 ipso
1191 670 1275 738 haec

51 757 217 846 adspiciente
233 774 362 839 sancto,
388 761 517 850 egressi
542 772 623 828 sunt
645 773 678 828 et
693 760 862 828 abierunt.
881 759 942 828 llle
961 771 1074 828 atatem
1097 779 1277 846 nunquam

52 868 152 916 cessam
166 848 324 918 in'un'am
342 849 476 929 lacere,
498 848 699 918 existimans
717 848 807 935 quod
830 849 859 917 si
875 869 953 916 eum
973 869 1073 938 saepe
1099 861 1275 934 tamquam

52 935 161 1006 inarbis
175 871 351 1008 obsidione
371 937 556 1017 invaderet,
585 936 719 1006 tandem
749 937 869 1025 poterit
893 937 982 1007 beati
1003 937 1146 1027 spiritus
1162 948 1194 1004 et
1217 957 1275 1024 ge·

49 1043 170 1094 aerosum
187 1028 340 1096 animum
367 1021 560 1116 deprimere
577 1047 615 1094 ac
632 1024 801 1114 frangere,
821 1026 951 1095 accedit
968 1025 1009 1094 ad
1032 1023 1192 1094 maleficii
1210 1036 1277 1093 ter·

48 1111 106 1178 tiam
120 1115 357 1202 probationem,
375 1127 409 1184 et
423 1114 588 1184 adversus
612 1135 690 1182 eum
709 1135 829 1183 rursus
853 1125 1042 1184 commovet
1068 1115 1198 1204 priores
1218 1135 1277 1182 ca-

49 1197 240 1274 lamniatores.
268 1205 334 1286 Qui
350 1223 428 1272 cum
447 1203 673 1272 accessissent
692 1202 733 1270 ed
754 1201 973 1293 Episcopum,
993 1202 1133 1292 perinde
1150 1201 1275 1291 anjam

49 1289 168 1360 naxinis
190 1291 302 1362 affecti
326 1291 482 1381 injuriis,
509 1303 667 1361 sanctum
693 1291 858 1360 vocabant
883 1291 1100 1372 maleficum,
1129 1289 1275 1361 simula-

48 1385 182 1464 toremque
202 1392 235 1450 et
258 1381 498 1470 deceptorem,
524 1379 752 1465 dicebantque
779 1381 856 1468 ejus
888 1380 1172 1450 consuetudinem
1200 1397 1276 1448 esse

47 1463 81 1530 eis
97 1467 353 1550 intolerabilem,
379 1469 500 1557 utqui
525 1468 575 1537 vel
600 1468 672 1538 solo
695 1467 862 1557 adspectu
885 1469 929 1538 sit
959 1467 1123 1539 molestus
1152 1480 1185 1537 et
1209 1467 1276 1535 im-

48 1567 189 1637 portunus:
214 1557 276 1628 llle
302 1579 380 1627 vero
398 1558 470 1646 jam
495 1555 606 1628 victus
630 1555 982 1638 eaotvexattcnibus,
1005 1557 1104 1626 adse
1132 1555 1276 1626 accersit

48 1643 200 1715 Danielem:
225 1658 259 1717 et
282 1657 382 1736 rogat
403 1647 565 1734 quisnam
591 1646 644 1725 sit,
667 1657 700 1714 et
728 1645 845 1723 unde,
878 1656 911 1714 et
938 1645 1147 1735 quibusnam
1173 1645 1276 1714 rebus

47 1749 110 1816 opus
130 1733 271 1805 habens:
299 1747 333 1804 et
360 1747 542 1826 postremo,
574 1755 762 1820 quamnam
796 1735 831 1803 in
858 1737 964 1804 Deum
996 1745 1115 1804 tenens
1142 1733 1276 1823 opinio-

49 1837 112 1916 narn,
133 1823 162 1890 in
185 1824 246 1893 hes
261 1835 377 1926 partes
402 1824 543 1892 venerit.
568 1822 629 1892 llle
653 1834 767 1891 autem
791 1845 870 1893 cum
896 1823 983 1912 ejus,
1033 1823 1101 1893 uod
1126 1835 1176 1892 est
1202 1843 1276 1892 ma·
1301 1905 1304 1910 A

48 1923 142 1978 unum
164 1923 195 1982 et
216 1933 385 2003 prrmum,
404 1933 529 2002 nempe
547 1911 752 1982 orthodoxae
768 1911 803 1980 in
821 1911 991 1981 Christum
1010 1845 1102 1994 bdei,
1122 1912 1276 2002 primum

47 1997 227 2082 meminisset,
254 2001 326 2070 alia
349 2001 474 2070 deinde
497 2002 681 2081 contexuit,
710 2001 867 2090 patriam,
890 2013 922 2070 et
969 2021 1066 2084 enuS,
1092 2011 1124 2068 et
1148 1999 1274 2069 finem:

48 2101 136 2181 lappe
154 2091 240 2176 quod
266 2111 347 2159 eum
364 2089 480 2159 divina
499 2089 641 2160 moverit
665 2088 835 2171 revelatio,
855 2099 893 2158 ut
917 2023 1044 2158 viberet
1060 2089 1273 2178 Byzantium,

50 2173 180 2247 etrnhaec
197 2179 271 2248 loca
290 2177 431 2248 veniret.
451 2183 539 2247 llaec
555 2199 633 2246 curn
652 2176 839 2248 audivisset
852 2178 1054 2267 Episcopus,
1073 2175 1271 2256 assurrexit,

51 2267 139 2330 tltam
159 2279 207 2336 est
231 2266 437 2356 amplexus;
470 2279 503 2336 et
525 2287 604 2334 eum
630 2277 806 2354 tamquam
835 2266 946 2336 virum
971 2287 1087 2336 revera
1117 2263 1275 2334 divinum

54 2341 192 2424 hononvit.
219 2361 328 2443 Atque
356 2355 441 2424 haec
468 2355 606 2442 quidem
624 2355 683 2424 sic
711 2367 799 2424 recte
822 2365 917 2446 gesta
940 2355 1076 2424 fuerant
1103 2375 1121 2422 a
1151 2371 1277 2454 magno

54 2433 156 2526 daniele.
182 2444 268 2514 Fieri
294 2455 412 2528 autem
443 2445 584 2512 omnino
616 2465 683 2512 non
710 2457 865 2533 poterat,
892 2453 929 2514 ut
979 2444 1015 2514 ui
1040 2442 1163 2513 Christi
1188 2453 1276 2511 vitae

53 2525 199 2600 institutum
217 2542 430 2622 susceperat,
457 2553 523 2602 non
541 2531 642 2600 etiam
661 2531 736 2618 ejus
759 2533 847 2602 vitae
870 2465 1023 2622 agendae
1039 2532 1196 2602 ordinem
1216 2549 1277 2620 pro

51 2611 143 2710 tantus
162 2621 333 2692 videretur
358 2621 497 2690 imitari.
525 2620 703 2702 Quomodo
726 2643 763 2690 er
788 2643 807 2690 o
831 2621 906 2710 ejus
923 2623 1088 2691 Dominus
1107 2641 1186 2689 cum
1205 2633 1277 2687 ten·

48 2705 191 2792 latronibus
213 2711 317 2800 signa
341 2709 475 2778 videtur
499 2709 690 2792 inchoasse,
711 2643 832 2780 itabic
847 2731 995 2798 quoque,
1018 2711 1082 2778 nisi
1104 2724 1276 2796 quatenus

47 2783 85 2854 vlle
103 2791 181 2865 bunc
203 2799 373 2879 movebat,
397 2811 432 2882 et
456 2797 512 2867 hic
536 2797 631 2867 illius
657 2799 780 2868 virtute
796 2799 941 2868 faciebat
961 2797 1140 2867 miracula.

74 2879 166 2977 tta.
191 2891 260 2958 llon
288 2886 389 2956 multi
413 2886 488 2957 dies
507 2887 767 2976 praeterierunt,
789 2898 822 2958 et
845 2886 1028 2956 vehemens
1058 2886 1200 2956 morbus
1223 2885 1279 2952 in-

45 2965 366 3056 vadrtlatriarobam3
392 2977 452 3062 qui
475 2977 576 3045 etiam
601 2975 717 3057 efficta,
744 2988 782 3044 ut
806 2978 835 3045 is
859 2975 954 3045 fleret
978 2979 1100 3044 Sancto
1117 2974 1275 3064 supplex,

43 3061 136 3126 aleam
154 3066 315 3134 continuo
332 3077 530 3146 accerseret,
559 3076 597 3133 ut
618 3085 679 3154 pro
701 3065 775 3153 ipso
799 3064 968 3133 Christum
996 3075 1140 3154 rogaret,
1167 3076 1205 3132 ut
1230 3063 1278 3131 la·

46 3135 146 3215 baronti
169 3173 265 3242 opem
298 3151 411 3222 ferret.
446 3157 527 3222 Cum
561 3151 591 3222 is
623 3166 735 3221 autem
769 3151 879 3223 solum
912 3173 1024 3242 genua
1055 3153 1204 3220 llexisset
1232 3149 1277 3219 ad

44 3233 205 3333 ⁰talt'aanem,
230 3239 343 3310 adsuit
374 3240 529 3311 Christus
548 3240 758 3320 exaudiens,
790 3240 1038 3331 propemodum
1063 3250 1277 3308 antevertens

46 3331 222 3416 petitionem
239 3329 483 3416 convaluitque
499 3341 532 3398 et
551 3351 657 3399 sanus
673 3330 1001 3400 evasit'Petriaroha.
1019 3333 1056 3396 llt
1073 3326 1275 3414 sicquidem

46 3413 237 3486 miraculum:
265 3439 334 3487 non
363 3439 417 3487 ma
446 3418 475 3487 is
498 3431 612 3488 autem
637 3433 687 3490 est
714 3418 942 3488 admirandus
969 3429 1107 3508 propter
1129 3415 1278 3486 curatio-

46 3509 118 3578 llffl,
141 3525 238 3591 quam
265 3519 404 3597 propter
421 3441 674 3596 benignitatem
699 3508 734 3576 in
760 3508 946 3576 curatione.
981 3511 1063 3576 llam
1093 3517 1276 3605 postquam

45 3597 99 3652 tun
112 3595 242 3677 sanavit,
266 3595 362 3686 petiit
380 3595 570 3665 mercedem
588 3597 799 3666 sanationis:
826 3617 865 3664 ea
884 3616 961 3665 vero
980 3607 1062 3674 erat,
1085 3607 1123 3662 ut
1143 3595 1196 3672 irs,
1241 3611 1278 3660 ιιι

45 3668 207 3751 calunniari
228 3683 376 3766 luerunt,
402 3685 632 3755 remitteretur
659 3685 826 3754 debitum.
855 3683 1005 3753 Pontifex
1033 3695 1147 3752 eutem
1172 3613 1279 3750 cibr-

46 3751 132 3860 llssler
151 3773 315 3843 concessit
339 3775 563 3863 petitionem,
593 3785 649 3854 et,
677 3773 889 3856 «Quomodo
913 3773 1030 3852 enirn,
1057 3771 1181 3857 inquit,
1209 3789 1278 3838 non

47 3861 196 3955 tenattem,
219 3861 348 3948 quibus
374 3883 496 3950 parum
521 3861 640 3945 abest,
667 3862 855 3949 quinetiam
881 3871 980 3950 agam
1007 3860 1158 3950 gratias,
1184 3855 1278 3945 quod

47 3932 193 4028 tlacerrnt,
222 3961 261 4018 ut
280 3963 311 4019 te
341 3950 503 4032 viderem,
530 3951 589 4037 qui
619 3951 704 4019 mihi
735 3949 859 4020 dedisti
884 3950 1056 4029 salntem,
1083 3961 1116 4018 et
1139 3948 1280 4016 fuerunt

48 4037 131 4128 caum,
153 4047 189 4103 ut
206 4047 242 4106 tn
258 4037 299 4107 ad
326 4057 389 4108 nos
411 4039 606 4108 venirestv
633 4044 715 4110 Cum
741 4051 855 4108 autem
878 4037 970 4128 apud
994 4059 1075 4108 eum
1099 4047 1132 4105 et
1156 4056 1278 4105 mona·

51 4121 140 4219 ³1le
155 4136 186 4192 et
207 4125 401 4207 donorum,
427 4140 460 4197 et
483 4140 521 4196 ut
544 4147 623 4197 cum
649 4149 688 4198 eo
713 4138 877 4216 perpetuo
901 4137 1009 4208 esset,
1042 4125 1277 4196 meminissett

52 4201 96 4267 “St
114 4227 157 4276 vrs
184 4233 257 4296 me,
285 4215 398 4302 inquit
423 4215 481 4285 ille
505 4237 676 4306 magnus,
703 4237 829 4306 magno
854 4215 967 4285 studio
993 4212 1176 4306 prosequi,
1204 4213 1280 4284 sine

54 4355 163 4462 fimi,
176 4375 233 4418 torte
246 4377 373 4430 lamudam
384 4377 488 4422 videtur.
502 4379 548 4419 Διιι
564 4375 744 4428 intelligentam
759 4379 785 4417 ut
799 4377 903 4419 Jeoobur
920 4374 941 4419 al
946 4379 960 4424 t.
978 4378 1091 4418 dumanas
1104 4377 1194 4418 creduut
1204 4379 1223 4416 et
1232 4386 1280 4418 con·
