2946 4798
224 257 287 320 520
547 273 586 318 nii
610 271 655 318 ss.
682 269 771 330 inne,
798 269 906 318 noiiim
929 270 997 320 ure.
1024 271 1082 318 iiii.
1293 253 1372 318 DEC.
1394 253 1427 314 28

182 359 352 427 mittentes
374 379 433 446 per
455 356 656 426 universum
675 355 792 424 orbem
809 367 929 436 terrae;
949 356 1077 442 quibus
1095 377 1161 424 non
1179 355 1365 426 sufficiebat
1379 375 1428 423 sua

179 446 345 516 adversus
368 445 577 515 Christianos
604 443 802 520 crudelitas,
834 443 891 512 sed
918 445 1100 514 accedebat
1121 445 1225 514 etiarn
1251 444 1428 514 immanitas

87 564 95 582 =
180 540 231 605 lin
258 535 412 606 eratoris.
430 534 579 604 lubebat
594 533 699 614 enim,
726 546 765 603 ut
785 532 987 604 Christianis
1007 553 1075 602 non
1100 532 1339 604 obedientibus
1360 528 1427 599 nihil

179 637 351 705 nearent,
377 622 434 692 sed
453 623 503 692 sie
524 622 698 714 punirent,
726 633 903 709 tamquam
926 621 1018 693 oculi
1046 622 1141 692 illius
1174 643 1248 692 una
1277 621 1427 692 examina·

181 727 257 784 rent
272 727 304 784 et
328 725 521 803 spectarent
544 710 727 781 tribunalis
758 710 1004 794 austeritatem,
1022 723 1056 782 et
1078 711 1114 780 in
1141 709 1366 781 examinando
1385 729 1428 776 cii·

125 861 127 866 .
182 803 379 876 riositatein.
408 813 440 869 et
465 802 498 870 in
525 800 702 890 puniendo
726 821 848 870 novam
878 799 1108 868 inventionem
1142 812 1247 886 atque
1276 799 1427 869 vehemen-

181 892 284 961 tiam:
319 890 438 960 dicens
462 911 541 960 euni
566 889 618 958 illi
648 889 839 980 plurimum
871 887 1163 988 gratificaturum,
1200 889 1261 975 qui
1294 885 1425 978 pluribus

181 978 362 1069 suppliciis
377 977 525 1048 afficeret
549 978 770 1050 Christianos.
790 978 843 1047 Sic
872 978 1030 1048 incitatos
1052 977 1230 1048 emittebat
1246 975 1422 1046 Praefectos:

182 1089 298 1137 verum
331 1067 422 1137 enim
451 1089 529 1136 vero
554 1068 707 1156 seipsum
732 1087 869 1154 quoque
898 1068 949 1136 eis
978 1064 1178 1136 ostendebat
1202 1064 1370 1157 exemplar
1387 1083 1426 1129 ai·

181 1157 366 1246 chetypum
392 1155 748 1226 adinhnmanitatem.
776 1159 859 1226 llum
886 1156 959 1246 ipse
978 1176 1114 1242 quoquc
1136 1169 1209 1224 erat
1235 1155 1366 1246 primus
1387 1172 1429 1218 oe-

181 1245 312 1326 cideiis,
341 1245 501 1335 puniens,
520 1245 562 1314 da
579 1245 691 1314 medio
716 1242 849 1319 tollens,
876 1243 1061 1334 expoliem,
1080 1243 1164 1331 qnid
1181 1265 1250 1312 non
1266 1243 1429 1312 violentum

182 1354 288 1492 apsens
304 1345 336 1403 et
360 1335 603 1424 tyrannicum?
626 1337 736 1402 linino
752 1354 829 1402 vero
848 1354 950 1423 saepe
965 1353 1101 1420 qnoque
1130 1354 1199 1402 non
1224 1333 1293 1401 iim
1324 1349 1430 1400 meran

182 1445 201 1492 a
228 1444 338 1504 erens,
361 1421 420 1492 sed
444 1445 518 1492 eam
544 1422 644 1492 etiarn
664 1421 813 1490 miscens
837 1423 1070 1510 persuasione,
1089 1434 1122 1491 et
1139 1422 1252 1511 ipsam
1277 1419 1430 1510 porrigens

183 1525 357 1599 tamquam
380 1533 516 1582 escam:
544 1523 582 1580 ut
605 1511 654 1580 sic
679 1531 815 1597 quoque
838 1510 933 1580 fieret
958 1511 1099 1592 saevior,
1115 1521 1148 1580 et
1165 1510 1307 1580 haberet
1331 1508 1429 1598 probi·

183 1599 322 1669 biliores
348 1599 736 1691 puniendioccasioneS,
754 1597 844 1687 quod
868 1598 998 1669 nollent
1022 1599 1069 1689 pii
1087 1601 1207 1689 parere
1222 1598 1334 1668 verbis
1356 1593 1427 1665 solis,

183 1694 215 1758 ls
240 1711 318 1758 cum
345 1689 601 1758 sanctissimum
627 1686 825 1757 Anthimum
844 1687 905 1758 diu
929 1689 1123 1775 quaesitum
1152 1709 1220 1758 non
1247 1686 1427 1756 invenisset.

183 1777 255 1867 ipse
273 1778 450 1868 ingressus
474 1775 666 1857 ecclesiam,
698 1789 872 1865 tamquam
903 1775 974 1846 fera
1001 1775 1117 1864 aliqua
1149 1777 1242 1846 varia
1271 1788 1303 1844 et
1323 1773 1427 1844 dolosa.

182 1887 261 1935 curn
283 1867 495 1936 exercituum
513 1879 544 1934 et
560 1864 745 1935 satellitum
771 1865 993 1937 multitudine
1008 1886 1083 1935 eam
1101 1864 1391 1938 circumdedisset,
1410 1873 1428 1926 rt

183 1954 308 2024 deinde
324 1955 424 2025 etiam
451 1953 600 2024 lenitatis
623 1975 802 2055 personam
828 1953 1002 2035 subiisset,
1022 1966 1062 2023 ut
1085 1954 1144 2023 alii
1197 1954 1315 2024 uidem
1339 1948 1428 2021 forni-

184 2044 306 2114 darent
321 2044 388 2112 vim
411 2054 442 2113 et
468 2041 738 2126 multitudinem,
765 2041 824 2112 alii
841 2055 953 2113 autem
979 2041 1024 2112 ad
1048 2043 1115 2113 sibi
1138 1977 1258 2112 utilem
1285 2043 1429 2112 intuente

184 2133 444 2224 benignitatem,
471 2131 726 2202 abducerentur
750 2153 766 2200 a
787 2133 1025 2221 persuasione:
1045 2145 1175 2202 etcum
1204 2131 1253 2200 sic
1279 2144 1426 2216 tamquan

185 2222 324 2292 duobus
340 2220 487 2291 sortibus
510 2219 668 2301 vinculis,
692 2220 812 2290 timore
840 2233 873 2290 et
900 2221 1123 2312 persuasione
1152 2219 1227 2311 pios
1247 2219 1427 2310 colligasset.

185 2311 337 2401 captivos
354 2309 502 2380 ducebat
516 2308 558 2378 ad
575 2309 798 2400 impietatem.
823 2313 905 2380 Curn
924 2308 1007 2378 haec
1025 2308 1117 2400 apud
1137 2329 1173 2380 se
1190 2309 1378 2398 cogitasset,
1401 2301 1428 2369 ad

187 2423 229 2490 po
258 2399 354 2469 ulum
380 2398 481 2469 talem
504 2397 624 2467 habuit
647 2398 858 2468 orationem:

230 2423 338 2576 ln.
366 2491 471 2578 «Ego
491 2486 591 2556 etiarn
621 2487 787 2557 adversus
807 2499 924 2576 gentes
948 2484 1125 2568 barbaras,
1152 2507 1242 2572 quae
1267 2503 1372 2554 nieuin
1387 2479 1430 2565 jii-

186 2599 268 2666 guin
290 2575 377 2646 lerre
402 2589 572 2658 recusant,
591 2585 623 2644 et
643 2597 710 2646 non
731 2589 849 2666 parent
874 2579 1108 2646 Romanorum
1127 2573 1276 2664 legibus,
1303 2592 1360 2641 non
1377 2580 1430 2636 sta-

186 2666 245 2734 tim
273 2687 390 2735 moveo
414 2664 561 2745 hastam,
579 2685 689 2751 neque
709 2675 787 2734 utor
805 2662 945 2755 jaculis,
974 2685 1084 2751 neque
1110 2662 1226 2753 gladio
1248 2663 1299 2733 eis
1316 2657 1430 2730 caedem

185 2753 304 2823 allero:
333 2753 389 2824 sed
427 2752 535 2823 bonos
564 2753 679 2822 imitor
710 2753 873 2835 medicos,
907 2752 1071 2823 mollibus
1103 2752 1255 2842 primum
1289 2748 1389 2819 verbis
1407 2755 1430 2810 et

185 2842 359 2932 benignis,
387 2841 529 2931 perinde
548 2841 689 2923 acoleo,
717 2854 884 2912 tumorem
910 2841 1100 2912 emolliens.
1120 2840 1248 2910 Deinde
1297 2849 1429 2928 ostquattt

189 2930 305 3000 videro
320 2951 377 2999 eos
393 2951 467 3000 esse
484 2929 580 3000 valde
596 2930 880 3012 immedicabiles,
907 2931 1077 3018 ulcusque
1095 2949 1215 3000 eorum
1239 2863 1332 2998 valde
1353 2919 1431 2992 nali-

186 3039 293 3118 gnuin
316 3031 348 3088 et
368 3018 592 3109 profundum,
613 3030 694 3088 timo
711 3031 788 3089 utor
810 3019 974 3102 cauterio,
1001 3031 1117 3088 ettam
1143 3039 1265 3108 aspera
1282 3031 1313 3087 et
1331 3009 1432 3084 acerba

188 3120 348 3189 sectione,
376 3120 412 3177 ut
433 3130 542 3196 neque
566 3109 610 3178 ab
634 3108 731 3177 initio
753 3129 806 3176 me
819 3108 976 3179 videatur
991 3105 1118 3194 aliquis
1134 3107 1329 3186 humanior,
1344 3116 1431 3186 nequi

189 3207 264 3287 post
291 3196 562 3268 misericordiam
589 3209 621 3265 et
646 3197 947 3267 mansuetudinem
981 3195 1169 3266 violentior.
1202 3195 1296 3266 absit
1317 3203 1429 3262 autern.

188 3297 227 3356 ut
252 3306 309 3355 ios
330 3307 384 3355 me
399 3308 550 3374 unquam
569 3286 723 3356 sentiatis
739 3286 981 3358 conturbatum
999 3297 1031 3354 et
1044 3285 1190 3354 iratum:
1214 3283 1274 3356 sed
1293 3278 1431 3353 acceden-

188 3388 249 3454 tes,
276 3373 379 3444 libate
397 3375 532 3466 magnis
548 3373 628 3456 diis,
646 3389 677 3444 et
698 3387 825 3466 rogate,
844 3387 881 3444 ut
898 3395 955 3444 vos
972 3374 1133 3464 benignis
1155 3373 1352 3444 intueantur
1369 3385 1429 3436 orti-

188 3464 249 3534 lis:
269 3477 307 3532 ut
324 3465 372 3533 sic
388 3486 406 3534 a
425 3463 524 3534 nobis
548 3485 685 3551 quoqne
701 3462 963 3550 consequamini
988 3463 1153 3542 honores,
1180 3463 1389 3564 magistratus
1407 3461 1430 3516 tl

191 3553 378 3642 pecunias:
398 3565 431 3623 et
446 3553 520 3622 sitis
545 3553 632 3622 inter
652 3574 745 3623 meos
771 3553 900 3642 primos
927 3553 1057 3621 amicos
1085 3563 1117 3621 et
1145 3549 1341 3621 familiares.
1365 3549 1430 3626 (lllh

189 3639 413 3710 madmodum
439 3642 529 3710 enini
557 3663 624 3710 non
649 3655 699 3712 est
714 3640 919 3720 absurdum,
938 3641 1105 3710 Barbaros
1119 3640 1275 3728 quidem,
1295 3637 1349 3726 qui
1372 3637 1431 3701 sniit

190 3727 333 3799 alterius
351 3730 502 3820 linguae,
529 3741 645 3800 nostra
663 3741 730 3800 tarn
757 3751 867 3817 aequo
891 3729 1008 3800 anirno
1033 3729 1140 3799 ferre:
1168 3751 1227 3800 vos
1243 3750 1319 3798 vero
1340 3725 1369 3793 in
1384 3724 1430 3788 llo·

191 3839 372 3889 manorum
392 3816 527 3910 legibus
543 3819 716 3901 educatos,
747 3830 779 3889 et
798 3819 834 3888 in
864 3820 969 3889 rebus
993 3823 1199 3888 Graecorum
1231 3815 1389 3888 eruditos.
1408 3815 1431 3870 et

189 3908 274 3978 mihi
297 3907 481 4009 subjectos,
500 3929 566 3978 non
587 3909 620 3978 in
638 3908 802 3980 omnibus
819 3928 954 3978 servare
971 3906 1220 3978 obedientiam:
1237 3905 1294 3978 sed
1309 3905 1340 3973 iii
1355 3897 1430 3970 rebus

188 3997 385 4087 praecipuis
405 3997 512 4066 videri
536 3997 782 4080 inobedientes,
809 4009 841 4067 et
857 3995 986 4066 bellurn
1013 4009 1128 4086 aperte
1152 3996 1325 4086 suscipere
1339 3995 1429 4060 contra

188 4099 337 4156 vestrum
356 4090 614 4174 Imperatorem,
646 4099 683 4157 ut
707 4086 782 4156 ideo
812 4085 973 4156 excidatis
997 4085 1041 4156 ab
1065 4085 1286 4174 Imperatoris
1315 4081 1429 4150 beneri-

188 4171 303 4254 lentia,
322 4185 354 4243 et
379 4172 473 4265 larga
499 4175 755 4246 munificentia?
769 4174 927 4245 Recedite
941 4195 1034 4265 ergo,
1061 4169 1209 4244 recedite
1228 4175 1272 4244 ab
1291 4172 1348 4240 bac
1365 4161 1426 4234 salsa

189 4259 368 4358 religione.
388 4262 445 4331 Sin
464 4263 593 4345 minue,
610 4285 718 4355 poena
738 4285 803 4332 non
821 4262 939 4354 procul
955 4262 1075 4333 aberit.
1093 4262 1210 4332 Videte
1224 4263 1309 4332 hane
1322 4253 1424 4326 aeden.

190 4365 225 4412 in
252 4368 318 4430 qna
334 4349 536 4422 confidistis.
555 4357 635 4421 Earn
653 4353 724 4442 igni
743 4352 925 4434 mandans,
946 4372 1003 4422 vos
1019 4371 1156 4441 quoque
1178 4349 1279 4422 simul
1295 4341 1424 4437 perdant
