2960 4824
34 319 107 382 DEC.
136 319 179 381 id

408 337 445 382 DE
469 336 496 380 S.
525 335 656 382 EUSEBio
682 337 728 382 tir.
759 333 905 382 t'nttcutt.

385 698 551 766 HYMNUS
581 695 598 731 *
623 699 675 764 bu
704 699 736 764 S.
764 697 936 766 EUSEBIO

63 1153 123 1215 iarn
144 1155 188 1216 sot
213 1155 349 1216 recurrit
367 1171 490 1225 aurens,

100 1234 278 1312 anemqne
294 1234 381 1296 nobis
397 1233 532 1308 advehit,

100 1313 159 1386 oua
175 1313 306 1390 gloriosi
321 1313 462 1392 biartyris

99 1391 217 1455 Laudes
233 1407 378 1455 canamus
396 1409 523 1470 annuas.

63 1522 171 1588 Natalis
185 1524 319 1588 advenit
334 1526 408 1600 dies,

98 1605 162 1678 Ouo
178 1603 348 1668 Christiani
365 1608 502 1670 nominis

98 1685 193 1760 intes,
210 1693 367 1748 sacratum
382 1687 561 1766 sanguinem

99 1765 188 1828 Forte
204 1766 343 1843 protudit
359 1774 488 1846 pectore.

65 1897 146 1962 iiunc
159 1907 261 1978 gente
277 1907 386 1962 natum
401 1901 496 1962 nobiti

98 1977 209 2042 surdos
227 1981 315 2040 misit
349 1981 437 2052 atria,

99 2058 199 2120 Laetis
214 2059 307 2122 beata
323 1995 476 2138 engiens,

100 2137 196 2202 Tanto
213 2141 287 2201 rire
302 2139 428 2202 beatior.

65 2269 215 2334 iiornanus
232 2271 325 2334 itinm
340 2271 477 2334 Pontifex

100 2351 213 2413 Ductus
228 2367 367 2430 superno
385 2352 522 2426 numine,

100 2429 298 2508 baptismatis
312 2431 495 2507 charactere,

99 2509 221 2592 Suoque
244 2511 341 2573 donat
361 2511 493 2574 nomine.

66 2642 114 2703 Hic
125 2643 226 2720 J'ussus
241 2651 367 2706 sanctae
380 2643 527 2707 Ecclesiae

102 2723 240 2787 Praeesse
256 2721 514 2798 Vercciiensium,

100 2801 179 2874 Quae
193 2809 308 2883 sponte
323 2818 383 2864 non
398 2811 583 2884 susceperat,

102 2881 236 2948 Prudens
252 2883 355 2946 obivit
370 2885 485 2948 munia.

67 3012 131 3076 Turn
148 3015 211 3079 dira
229 3017 329 3097 pestis
344 3015 408 3077 Arii

104 3093 209 3158 toturn
226 3111 287 3175 per
301 3093 406 3158 orbern
425 3096 596 3176 irrepserat.

104 3173 158 3236 Sed
175 3178 223 3239 bic
239 3183 352 3238 tuetur
366 3177 474 3238 acriter

105 3253 331 3332 aequalitatem
350 3254 432 3316 Filii.

71 3383 157 3448 Suum
180 3396 310 3468 rogatus
332 3388 435 3466 impiis

105 3465 141 3528 Ut
153 3473 282 3540 caeteri,
298 3467 493 3544 dogmatibus

105 3545 250 3611 Praebere
275 3547 502 3618 testimonium,

107 3627 211 3691 biterri
225 3630 320 3709 jussit
335 3631 529 3707 syngraphas.

728 1155 765 1217 Ut
785 1153 895 1231 scripta
917 1153 993 1231 tegit
1009 1154 1146 1226 nornina,

767 1234 933 1308 Quaerens,
955 1231 1012 1294 sibi
1028 1233 1108 1312 quod
1126 1233 1256 1295 ultimus

767 1313 863 1378 Locus
883 1313 1007 1376 deretur
1024 1315 1088 1390 jam
1109 1314 1188 1382 seni,

768 1393 817 1456 Sic
831 1409 862 1454 se
878 1401 971 1470 negat
983 1391 1184 1456 subscribere.

729 1525 909 1600 servemus,
932 1524 1045 1604 inquit,
1061 1524 1214 1598 ordinem,

770 1605 873 1668 Delcte
895 1605 974 1668 libro
995 1605 1192 1682 syngraphas,
1204 1623 1213 1640 ·›

771 1685 811 1747 Ut
833 1701 882 1748 me
904 1686 986 1766 prior
1001 1683 1221 1764 subscripsero,
1253 1696 1258 1709 ¹

772 1765 859 1826 Tunc
879 1765 1106 1844 subsequantur
1127 1765 1249 1826 caeteri.

731 1895 775 1959 iiii
799 1897 951 1960 iacessunt
971 1897 1052 1974 qnod
1075 1899 1159 1976 petit,

770 1979 810 2039 bt
832 1979 894 2056 ipse
917 1977 1041 2040 Parrum
1060 1975 1180 2038 numina

771 2056 811 2118 Ut
824 2059 967 2134 abrogata
984 2056 1144 2134 conspicit,

770 2135 826 2210 Qui
842 2153 873 2200 sc
888 2138 981 2198 coacti
999 2136 1228 2214 inscripserant,

731 2270 840 2332 Parere
862 2269 978 2349 primns
999 2269 1118 2342 abnuit,

771 2348 914 2429 idemque
935 2349 1042 2412 suadet
1063 2347 1203 2412 Patribus

771 2429 853 2492 lietu
875 2429 997 2492 solutis:
1022 2433 1065 2493 sic
1080 2431 1128 2508 piu

772 2509 890 2571 Delnsit
906 2511 1014 2588 impios
1029 2509 1110 2582 doio,

733 2639 773 2703 Ut
787 2643 949 2704 veritatem
962 2650 1114 2736 protegat,

774 2721 882 2784 Tetros
903 2722 1018 2785 subruit
1038 2736 1190 2795 carcerem

772 2802 892 2866 Athieta
909 2802 976 2864 veri
991 2801 1140 2880 dogmatis

773 2881 935 2946 Tormenta
958 2897 1020 2944 non
1042 2881 1214 2944 abborruit.

733 3013 812 3087 Onus
827 3031 901 3077 uoce
916 3029 1055 3092 praesens
1070 3015 1204 3088 instruit,

773 3093 938 3158 Confirmat
954 3093 1040 3156 exsut
1062 3093 1185 3168 litteris,

773 3175 842 3236 tiux
863 3174 1038 3236 restitutum
1061 3174 1168 3251 persidi

768 3253 858 3341 *Saxis
880 3253 1014 3316 furentes
1035 3253 1183 3316 obruunt.

733 3387 794 3449 Deo
817 3401 965 3466 perennes
985 3387 1097 3466 gratias

774 3468 909 3545 Agamus
930 3481 1035 3528 omnes
1057 3465 1176 3536 cernui,

773 3546 829 3620 Qui
853 3545 1018 3624 Martyrum
1041 3546 1176 3607 victoriis

775 3629 908 3690 aeterua
923 3627 1015 3688 donat
1028 3622 1173 3704 praemia.
1196 3623 1304 3686 Arnen.

66 3831 75 3854 ⁸
87 3833 154 3884 iinjns
163 3835 277 3878 carmints
286 3837 325 3878 το.
337 3833 477 3877 franciscus
486 3829 631 3878 bonusne·
641 3837 678 3876 est
688 3835 778 3876 auctor.
