2934 4810
2 315 73 379 EC.
101 315 158 380 29
389 336 652 385 uuarrnotoernu
685 338 900 387 ruriusrnarurr
1146 321 1250 389 lldd*

2 431 74 476 amo
113 415 291 495 praeripiet,
320 418 372 494 qui
395 419 432 480 ad
457 418 632 496 explicanda
662 423 806 498 progenie
827 420 900 484 haec
922 420 1013 483 tradit
1038 421 1070 483 in
1090 437 1142 484 sua
1162 422 1297 487 Historia

8 513 42 554 us
59 495 159 556 laona
174 498 288 570 primus
303 499 446 559 accessi.»
462 498 518 574 (Ex
532 496 633 580 Opert-
661 499 839 561 Eusebius:.
855 523 867 556 l
888 499 945 563 Per
959 500 1039 563 idem
1053 508 1171 580 tempus
1188 503 1297 583 Vespa·

3 593 35 634 os
48 575 167 636 curiis
179 575 242 639 555.
258 577 451 656 Sirmoodii).
661 581 762 642 sianus
777 587 841 658 pust
855 581 969 644 excidia
991 579 1246 660 ierosolymorum
1268 602 1299 644 o·

662 661 876 738 macedoni
899 661 977 722 torte
1002 677 1038 721 ex
1062 660 1175 724 tamdia
1201 663 1298 725 David

3 761 124 808 ,emo
142 763 207 803 m,
223 763 283 806 affl,
463 764 525 806 ono.
542 765 618 808 χω,
661 738 878 815 superfuissent
892 739 969 818 apud
983 740 1120 813 ludaeos,
1137 741 1229 803 veluti
1251 759 1299 804 re-

662 819 738 891 galis
758 823 914 899 prosapiae
936 821 1026 891 uiros,
1049 821 1182 898 perquiri
1198 821 1297 898 iubet.

17 893 215 956 hisarnam.
243 927 282 940 -
310 894 491 958 cantuariae
517 896 547 957 in
570 898 633 958 hu·
660 895 747 958 liade
761 899 854 960 etiarn
872 914 925 977 pru
948 900 1001 960 hac
1016 915 1101 962 causa
1118 901 1297 977 gravissima

3 973 44 1033 lia
77 973 256 1036 natalias.
282 976 413 1038 Toronae
439 975 571 1054 Episcopi
603 984 633 1039 et
661 975 784 1040 ludaeis
797 980 966 1056 persecutio
976 987 1157 1041 exortaestn
1167 979 1300 1057 (urban,

2 1055 157 1130 tomyris,
178 1055 229 1132 qui
259 1056 298 1118 ob
318 1057 525 1118 defensionem
544 1057 630 1134 justi·
661 1071 724 1134 cap.
741 1073 794 1134 xrr,
811 1057 891 1120 555.
908 1058 1098 1133 Basiloensl.
1118 1057 1298 1138 Sepulcrum

9 1149 42 1194 ue
57 1141 91 1194 et
107 1133 632 1210 Ecclesiasticacimmnnitatis,tru-
662 1135 806 1209 Doridis,
830 1145 904 1199 teste
929 1139 1022 1200 Dione
1053 1136 1152 1199 Cassio
1178 1141 1209 1200 in
1241 1139 1299 1204 Ha·

7 1215 111 1274 tortam
132 1215 297 1276 homiuum
313 1216 492 1288 lectionem
508 1214 630 1280 Basilica
661 1215 757 1277 driaui
775 1218 848 1293 rita,
865 1220 1019 1297 integrum
1042 1220 1187 1279 remansit
1204 1235 1298 1299 usque

3 1309 34 1350 oa
64 1292 175 1368 gladio
203 1311 387 1372 percussus,
418 1295 565 1372 migrarit
595 1296 631 1357 ad
660 1295 695 1356 ad
711 1303 884 1358 extremam
900 1299 1154 1374 durissimamque
1169 1296 1295 1362 ludaeo-

2 1373 162 1435 hristum.
186 1373 274 1450 (llide
296 1374 434 1450 Surium,
458 1386 526 1453 pag.
549 1375 629 1455 555).
661 1389 727 1436 555]
756 1375 871 1437 cladem
902 1391 955 1454 per
979 1375 1166 1438 Hadrianum
1196 1379 1296 1458 ipsum

661 1453 793 1516 illatam:
820 1467 891 1518 tuuc
907 1457 990 1517 enim
1006 1467 1109 1534 sponte
1125 1461 1251 1520 corruit.

45 1565 77 1629 S.
102 1565 226 1631 naith
248 1569 314 1631 anx
337 1587 374 1630 ur
394 1555 567 1631 Pacatiana.
758 1620 789 1685 S·
814 1621 1032 1687 TROPHIMUS
1056 1623 1197 1687 MARTYR·

10 1689 90 1754 Obiit
122 1709 207 1754 5555
235 1691 313 1754 tcta
342 1699 412 1754 oute
442 1691 609 1757 Christum.
773 1727 898 1792 Saeculo
922 1731 946 1794 p,
970 1765 1008 1775 -
1029 1731 1179 1796 Asianus,
1284 1797 1286 1804 Ι

35 1872 47 1902 ιι
69 1850 167 1912 David
191 1851 253 1915 lter
275 1859 304 1913 et
326 1851 473 1929 Propheta
501 1867 631 1928 regnare
699 1851 879 1917 llanrrnon.
896 1884 935 1899 -ν
951 1856 1088 1919 Arelatae
1110 1856 1217 1919 natalis
1231 1873 1298 1920 san-

2 1931 188 2006 cepitanuo
208 1931 314 1993 mundi
336 1930 425 2005 29¹9,
440 1940 470 1994 et
491 1933 631 2008 regnarit
660 1933 698 1992 oti
720 1932 880 2004 Tenentur,
905 1936 990 2014 cujrrs
1013 1937 1153 1996 meminit
1179 1945 1299 1998 sanctus

2 2011 78 2070 runis
92 2009 144 2084 tc,
162 2011 352 2073 ntscrihitur
365 2010 417 2075 lih.
436 2011 483 2073 lll.
502 2013 630 2088 Regum,
660 2008 771 2073 Paulus
792 2013 828 2074 55
846 2015 1042 2076 Timotheum
1068 2015 1219 2076 scribens:
1243 2017 1295 2093 555

3 2105 53 2165 ap.
80 2105 113 2152 u.
149 2089 279 2168 Scripsit
304 2090 416 2151 labrum
446 2091 629 2154 Psalmorum
660 2090 696 2151 ab
711 2092 818 2154 eodem
835 2093 979 2170 Apostulo
1000 2094 1161 2172 Episcopus
1176 2095 1297 2157 ordina·

2 2177 117 2230 terrtum
131 2169 631 2248 quinquagintasicenimdocent
662 2175 718 2243 tus,
740 2171 888 2249 praelatae
904 2174 972 2236 urbi
989 2174 1106 2250 primus
1127 2173 1163 2236 ad
1183 2169 1295 2236 Christi

3 2244 244 2323 Thrysustomus,
267 2250 494 2322 theodoretus,
517 2250 630 2312 Cassio·
660 2249 863 2330 Evangelium
899 2254 1134 2329 praedicandum
1162 2253 1296 2317 directus

2 2325 95 2406 lorus,
121 2329 367 2407 Euthymianus,
389 2337 420 2391 et
444 2331 494 2393 alii
519 2329 632 2409 praela·
660 2337 720 2391 est:
737 2347 773 2392 er
789 2333 874 2406 cnjus
895 2333 1124 2409 praedicationis
1144 2331 1228 2394 tonte
1251 2335 1297 2410 (ut

2 2411 77 2469 tione
101 2411 134 2470 in
160 2409 307 2483 Psalmos,
332 2417 363 2471 et
383 2409 412 2470 S.
440 2411 631 2488 Augustinus
659 2418 779 2471 sanctus
809 2412 948 2473 Zosimus
973 2411 1050 2492 Papa
1074 2412 1212 2491 scribit),
1235 2419 1296 2475 tuta

2 2483 46 2547 hh.
63 2488 98 2549 {7
112 2488 148 2550 dc
164 2488 290 2552 Ciuitate
304 2489 368 2562 lici,
384 2505 447 2568 cap.
467 2491 511 2564 lh,
526 2495 630 2569 55555-
659 2485 753 2551 Gallia
776 2489 846 2552 tidei
868 2489 982 2552 ravulos
1002 2492 1127 2568 accepit.

2 2565 155 2632 risautem
171 2575 292 2630 sanctus
304 2569 434 2631 Hilarius
445 2571 630 2648 praelatione
698 2568 740 2630 55
766 2585 802 2631 55
826 2577 923 2647 agunt
948 2571 1041 2632 Actus
1063 2570 1295 2650 Apostolorum,

3 2643 30 2703 iu
45 2643 184 2722 Psalmos,
204 2656 233 2709 et
247 2649 584 2726 sanctusHierouymus
599 2651 629 2708 in
659 2663 720 2724 cap.
742 2665 795 2720 xx,
812 2649 830 2710 h
845 2660 875 2712 et
894 2649 924 2720 5.
942 2650 992 2712 uhi
1016 2651 1089 2712 haec
1109 2659 1295 2713 narrantur:

4 2725 117 2799 epistola
133 2729 169 2790 ad
183 2726 487 2806 Cyprianumrclint
499 2728 631 2790 Psalmos
665 2749 677 2782 l
700 2727 811 2790 Habuit
832 2729 976 2804 (Paulus,
995 2729 1121 2804 scilicet)
1134 2731 1296 2793 consilium

4 2817 61 2864 esse
75 2809 562 2890 compositosabauctorihusqui
581 2823 630 2868 no·
660 2813 693 2868 ut
706 2813 918 2871 reverteretur
940 2825 992 2888 per
1007 2809 1224 2872 Macedoniam.
1242 2810 1298 2873 Go-

4 2885 153 2948 miuantur
173 2887 328 2962 latitudis,
346 2894 381 2948 ut
400 2905 416 2949 a
439 2887 529 2962 illese,
551 2887 630 2949 Salu-
661 2888 786 2948 milatus
807 2894 853 2948 est
873 2895 978 2950 autem
1008 2904 1078 2950 eum
1106 2887 1231 2968 Sopater
1235 2935 1295 2953 .....

6 2975 98 3038 5555,
111 2965 343 3046 dsaph,Chore,
359 2966 514 3030 idithum:
528 2976 630 3030 tamen
661 2966 762 3028 Asiani
779 2983 849 3030 uero
863 2967 1033 3045 Tychichus
1054 2975 1086 3030 et
1103 2967 1296 3047 Trophimus.

5 3043 228 3116 probabiliorem
262 3048 472 3108 existimamus
505 3054 631 3108 senteu—
660 3045 694 3108 lli
720 3063 789 3107 cum
812 3049 1059 3123 praecessissent,
1085 3050 1298 3111 sustinuerunt

10 3122 72 3182 tium
87 3128 229 3203 priorem.
252 3128 295 3188 55
309 3142 366 3205 qua
382 3143 415 3188 re
429 3127 630 3188 disseruimus
661 3143 714 3188 uos
738 3125 867 3200 Troadem
889 3151 901 3182 o
928 3134 958 3189 et
978 3143 1043 3207 cap.
1069 3144 1142 3200 xxa,
1165 3127 1223 3203 att,
1245 3129 1295 3190 uhi

8 3204 180 3276 praelatione
193 3207 225 3267 in
238 3206 486 3284 explanationem
501 3206 628 3268 Psalmo·
659 3205 791 3268 dicitur:
824 3229 837 3262 o
859 3204 1005 3269 Viderunt
1031 3206 1168 3280 ttudaci.
1190 3209 1244 3287 pul
1263 3209 1296 3270 tu

7 3293 79 3342 tum.
99 3285 185 3348 Ertat
206 3287 331 3364 quidem
352 3285 487 3347 Psalmus
507 3287 630 3365 qnidam
659 3285 804 3359 Paulum,
819 3284 1022 3366 tonsolpmis,
1042 3287 1075 3348 to
1090 3287 1234 3364 templum
1249 3289 1294 3349 io·

12 3357 100 3422 brevis
118 3373 202 3427 extra
222 3379 384 3426 nnmerum
401 3372 522 3426 centurn
541 3367 630 3444 quiu-
658 3381 816 3444 pressum,
845 3383 959 3428 monus
987 3367 1178 3446 r'ojccoruut)
1208 3369 1294 3430 euim

10 3443 347 3520 rpuagintaPsalmorum
359 3445 408 3506 sed
425 3460 495 3506 eum
507 3461 631 3524 apocry·
660 3445 863 3524 'trophimum
875 3445 1038 3524 Ephesium
1050 3446 1213 3508 incivitate
1227 3463 1295 3510 cuna

13 3517 95 3652 [hrum
118 3525 349 3596 existimamus,
371 3526 439 3602 quia
461 3524 628 3586 Concilium
660 3524 742 3601 ipso,
767 3541 857 3604 quem
885 3527 1129 3587 aestimaverunt
1150 3527 1295 3605 qnoniam

26 3599 200 3683 ‘andicenum
214 3606 309 3681 capite
324 3605 442 3675 ultimo,
456 3612 487 3664 et
505 3603 630 3667 Triden·
661 3604 691 3664 io
718 3606 864 3682 templum
887 3605 1106 3667 introduxisset
1129 3603 1250 3667 Paulus.
1277 3627 1289 3662 o

13 3679 98 3740 tumim
112 3699 182 3745 sess.
199 3684 292 3744 huon
309 3691 427 3758 ponunt
443 3684 473 3744 in
484 3699 629 3746 canonem
659 3682 722 3761 lpse
737 3684 845 3746 Ductor
859 3682 1005 3746 Gentium
1025 3684 1161 3760 eiusdem
1184 3685 1296 3746 momi-

14 3752 216 3836 Soripturarnm
231 3763 289 3824 nisi
305 3762 435 3824 Psalmos
452 3761 517 3824 roo.
539 3763 630 3824 Porro
660 3767 717 3837 uit,
738 3766 769 3825 in
786 3762 821 3827 ll.
836 3764 873 3826 ad
887 3763 1094 3836 Timotheum,
1105 3779 1169 3842 cap.
1188 3781 1230 3837 ιν,
1245 3763 1294 3838 25,

16 3829 91 3898 houm
118 3857 179 3902 nou
206 3842 304 3905 sulum
329 3841 475 3922 Propheta
498 3841 630 3904 eximius
658 3844 809 3906 scribens:
843 3842 1001 3904 «Erastus
1022 3843 1169 3906 remansit
1191 3841 1296 3903 Corin·

17 3911 249 3984 friteslariam
272 3926 357 3999 putta
384 3924 628 3995 uenustissimus,
660 3922 716 3985 thi.
742 3922 943 4001 Trophimum
957 3927 1058 3984 autem
1075 3921 1183 4000 reliqui
1207 3923 1294 3984 intir-

17 3999 42 4076 et
58 3993 251 4062 doctissimus:
283 4009 315 4063 et
340 4002 499 4064 scientiam
523 4002 630 4065 habuit
659 4003 892 4064 humilitati.»
913 4001 960 4063 ath
974 4001 1040 4078 ipso
1054 4001 1156 4075 Paulo,
1179 4000 1238 4076 vel,
1259 4009 1296 4064 nt

19 4067 140 4141 historiae
169 4096 281 4153 sacrae,
303 4081 406 4158 legum
431 4082 626 4154 diuinarum,
657 4082 708 4143 alii
731 4089 877 4152 censent,
900 4099 916 4140 a
938 4081 1026 4142 Petro
1055 4081 1085 4141 S.
1112 4080 1295 4158 'trophimus

19 4155 159 4220 moraliset
169 4161 314 4223 naturalis
325 4160 629 4241 philosophiae.Quae
658 4161 756 4223 lertur
769 4161 925 4222 ordinatus
945 4166 976 4221 et
997 4167 1189 4221 consecratus
1207 4159 1296 4223 lutee

18 4235 101 4295 omnia
115 4238 143 4300 in
158 4238 280 4300 Psalmis
296 4241 426 4302 mirilice
439 4249 594 4318 apparent.
609 4263 622 4297 ι
658 4240 843 4306 Arelatensis
854 4239 1024 4317 Episcopus.
1034 4239 1145 4301 Zosimi
1158 4239 1298 4316 Epistola,

21 4303 68 4398 (¹1³,
81 4311 272 4380 Bellarminus
299 4320 330 4381 in
353 4318 558 4399 scriptoribus
584 4337 629 4382 oc·
656 4337 733 4397 onae
755 4319 805 4381 hic
825 4317 948 4390 citatur,
975 4325 1050 4379 tecte
1070 4317 1211 4390 Baronio,
1234 4333 1297 4378 non

21 4387 79 4450 toas
98 4395 295 4478 Testamenti).
319 4398 361 4460 De
382 4398 503 4462 Daridis
524 4407 627 4462 autem
657 4399 795 4462 hahetur.
