2946 4798
237 271 302 334 tes
555 287 593 332 oa
618 287 645 332 s.
672 285 833 332 srurueno
860 283 1102 332 enoronaurrnn
1314 265 1386 328 llEtI.
1404 265 1440 326 att

192 373 344 464 imagine
367 371 591 460 exprimitur:
614 370 733 440 eodem
753 381 852 460 paeto
866 391 907 438 ex
931 368 1011 438 sede
1032 367 1118 448 Filii,
1140 366 1441 453 quomodocumque

191 483 231 530 ea
251 461 475 551 intelligatur,
494 473 527 528 et
546 460 655 528 Patris
677 459 774 529 sedes
798 457 1114 548 comprehenditur,
1145 455 1330 542 itidemque
1350 467 1441 522 status

86 604 89 610 ,
190 573 229 619 ex
250 563 352 629 statu,
380 571 422 618 ne
448 547 586 618 tollatur
610 548 773 638 imaginis
799 549 895 628 ratio,
919 547 1004 616 siin
1031 547 1192 614 varietate
1219 545 1440 634 proprietatum

191 639 303 708 aliena
329 640 373 708 sit
392 637 435 706 ab
452 637 653 726 exemplari.

234 731 349 816 §aa
372 731 461 795 llaec
487 725 586 796 nobis
610 726 730 806 obiter,
760 725 893 807 iratres,
921 724 961 792 ad
989 723 1224 810 quaestionem
1258 723 1440 812 propositam

191 817 282 886 dicta
307 817 387 897 sint,
407 837 495 902 quae
521 837 559 884 ex
580 815 710 886 visione
736 819 790 882 Ste
818 815 997 902 haniorta
1022 826 1084 882 est.
1106 814 1200 882 Faxit
1223 825 1336 880 autem
1362 815 1440 878 [leus.

191 921 228 974 ut
253 905 417 992 Stephani
436 926 502 973 non
529 904 729 973 certaminis
754 837 866 972 schum
893 915 1112 992 spectatores,
1131 901 1188 971 sed
1215 901 1316 968 etiam
1338 900 1442 1056 gratiae

193 995 377 1083 participes
404 993 525 1073 simus,
552 1006 585 1062 et
610 997 732 1062 Sancto
754 993 885 1078 Spiritu
909 991 952 1060 ad
983 989 1219 1081 profligandos
1246 1003 1278 1057 et
1302 989 1344 1057 de
1359 988 1442 1082 andos

192 1083 406 1152 adversarios
433 1081 659 1171 impleamur,
685 1081 727 1150 ad
755 1081 899 1170 gloriam
928 1081 1062 1149 Domini
1089 1081 1197 1150 nostri
1219 1079 1299 1146 lesu
1329 1078 1440 1146 tllrristi

192 1172 248 1242 eui
266 1171 374 1261 gloria
395 1185 427 1240 et
445 1171 628 1260 imperium
649 1173 683 1238 in
705 1171 821 1239 secula
838 1169 1047 1239 seculorum.
1068 1173 1186 1236 lmen.

522 1493 659 1558 sunno
685 1493 801 1556 eutrr
827 1491 948 1556 nurui
977 1493 1143 1557 iterumn

273 1669 340 1748 DE
370 1669 550 1748 EODEM
586 1671 623 1748 S.
656 1667 1090 1748 PROTOMARTYRE
1119 1668 1385 1746 STEPHANO

556 1885 593 1932 tt
619 1885 763 1930 tttnfflutt
789 1885 846 1930 llll
870 1883 952 1932 'tollo
977 1885 1112 1932 Ahlll'Sll.

239 2065 256 2146 ξ
280 2066 319 2132 1.
346 2059 465 2130 Adhuc
487 2059 600 2128 filium
622 2059 773 2150 Virginis
798 2059 967 2130 habemus
991 2060 1039 2128 in·
1054 2059 1227 2140 manibus
1242 2073 1276 2129 et
1290 2060 1442 2128 obsecuto-

196 2148 245 2218 ria
262 2147 463 2218 delinitione
480 2148 648 2238 vagientis
668 2149 723 2218 llei
741 2148 952 2218 honoramus
968 2147 1161 2218 inlantiam.
1177 2151 1276 2217 Ducit
1292 2171 1352 2218 nos
1371 2149 1441 2234 Virro

194 2237 236 2306 ad
278 2238 473 2308 veneranda
504 2236 702 2320 cunabula,
736 2251 768 2305 et
806 2237 960 2308 Setiosa
993 2259 1074 2328 prae
1110 2235 1251 2306 filiabus
1289 2237 1441 2307 hominun

195 2326 237 2395 ad
265 2327 458 2416 spetiosum
485 2326 593 2396 lorma
619 2347 701 2418 prae
726 2325 808 2395 filiis
832 2259 1036 2410 hominum
1074 2325 1254 2395 Benedicta
1285 2329 1370 2394 inter
1392 2345 1443 2392 mu·

197 2415 318 2496 lieres,
351 2415 392 2484 ad
431 2414 651 2484 Benedictum
690 2417 778 2484 inter
812 2415 971 2485 homines
1002 2436 1065 2484 nos
1094 2413 1269 2484 conducit.
1304 2415 1443 2484 Submur·

196 2517 311 2574 murat
348 2504 446 2574 nobis
479 2507 512 2572 in
543 2525 661 2572 aurem
688 2505 758 2594 (ne
782 2504 867 2574 sorte
892 2503 1017 2574 domus
1050 2525 1257 2593 exasperans
1291 2505 1444 2573 audieret

195 2594 401 2683 concitetur)
429 2591 575 2663 revelata
604 2615 677 2662 esse
707 2592 877 2662 velamina
906 2592 1176 2679 Prophetarum,
1199 2606 1231 2661 et
1258 2593 1443 2683 completum

196 2683 381 2752 consilium
418 2683 487 2752 Dei.
519 2681 634 2750 Videte
672 2682 882 2751 miraculum
920 2681 1036 2750 llatris
1074 2681 1230 2762 Domini,
1265 2683 1345 2769 quia
1376 2700 1445 2749 erea-

198 2785 274 2840 tura
304 2785 416 2852 creat,
444 2783 477 2842 et
509 2775 644 2840 Creator
667 2785 814 2840 creatur.
847 2769 1019 2840 Scintillat
1043 2770 1160 2850 sidus,
1185 2793 1310 2860 magus
1340 2771 1442 2839 adorat.

196 2857 324 2928 exultat
349 2859 460 2947 polus.
485 2859 587 2930 tellus
607 2859 761 2938 resultat,
785 2859 978 2950 gloriantur
1002 2859 1131 2950 Angeli,
1161 2873 1316 2948 pastores
1341 2859 1445 2949 adgau

197 2947 289 3026 dent,
310 2949 405 3036 virgo
431 2949 531 3037 parit,
557 2949 712 3018 nascitur
739 2953 839 3030 Deus,
859 2961 892 3018 et
916 2947 1088 3017 coelorum
1123 2948 1311 3018 luminaria
1335 2949 1445 3038 clariori

197 3035 330 3104 lumine
354 3035 472 3106 lumen
490 3049 644 3107 exortum
668 3038 701 3106 in
729 3037 878 3106 tenebris
907 3051 1176 3128 prosequuntur.
1205 3043 1243 3107 ln
1276 3039 1348 3108 istis
1372 3039 1445 3105 honis

198 3145 387 3194 versamur.
399 3131 522 3196 necrus
534 3129 663 3216 er'rqui
671 3129 822 3217 implevit
834 3127 1145 3196 desider-iomanem
1156 3121 1443 3217 emr'poc'rll’r.llo'l

198 3213 273 3282 Scio
297 3214 376 3299 quia
403 3215 504 3284 dulce
526 3215 620 3284 vobis
636 3229 698 3296 est,
716 3219 755 3284 ln
775 3217 940 3306 “rrz'ncr'pio
958 3226 1030 3284 erat
1056 3217 1209 3288 Verbum:
1225 3215 1373 3294 dulcius,
1393 3218 1445 3278 l'er·

197 3305 274 3372 burn
297 3327 373 3372 roro
400 3305 660 3393 scarcellam.
685 3305 735 3394 1);
762 3240 1019 3385 dulcissimum,
1047 3304 1194 3373 Verbum
1226 3305 1260 3374 in
1287 3310 1386 3374 Crnce
1406 3321 1444 3368 su·

198 3413 375 3481 spensum.
398 3399 533 3463 Atanto
559 3394 740 3484 puerperio
771 3395 849 3480 quis
879 3393 1025 3463 insanus
1048 3392 1167 3464 oeulos
1191 3415 1273 3463 suos
1303 3409 1441 3462 amovere.

199 3481 326 3550 nedum
353 3481 497 3551 avellere
518 3494 727 3570 praesumat,
749 3483 816 3551 nisi
840 3483 914 3571 ipse
934 3483 1055 3571 jubent
1070 3483 1128 3568 qui
1147 3481 1243 3552 dicit:
1263 3489 1443 3552 ,laerteom-

199 3573 247 3639 lor
272 3581 345 3641 tuos
362 3595 383 3640 o
402 3594 465 3651 ote,
487 3573 569 3660 prtia
595 3573 661 3661 ipsi
675 3594 726 3640 me
744 3575 881 3641 avolare
897 3573 1076 3658 fecerunt?
1098 3573 1211 3660 (Cant.
1230 3571 1290 3660 rr).

243 3660 260 3744 ξ
286 3665 330 3729 2.
358 3665 442 3730 Ecce
459 3658 543 3728 dum
569 3659 746 3730 osculatur
767 3682 830 3729 nos
853 3660 972 3730 osculo
997 3660 1067 3729 oris
1091 3659 1157 3740 sui,
1180 3660 1265 3729 dum
1295 3660 1442 3730 tantismt·

198 3746 327 3816 reculis
351 3763 382 3816 et
400 3747 558 3839 stupidos
576 3770 638 3818 nos
663 3749 744 3818 lacit
766 3761 799 3818 et
823 3760 982 3828 attentos
1001 3747 1196 3838 Stephanus
1223 3749 1347 3838 plenus
1362 3743 1441 3840 gratia

197 3849 230 3908 et
245 3835 458 3917 fortitudine,
485 3837 566 3908 saeit
584 3837 743 3928 prodigia
765 3853 798 3908 et
819 3838 920 3927 signa
947 3859 1074 3928 magna
1094 3839 1127 3906 in
1155 3838 1295 3926 populo.
1313 3827 1440 3920 llunqutd

197 3947 345 4013 aequum
363 3939 414 3996 est
430 3925 669 4011 derelinquere
686 3932 824 4017 Regem,
842 3941 875 3995 et
899 3927 940 3996 ad
968 3927 1111 3996 militem
1127 3926 1248 3996 oculos
1265 3920 1442 4012 retorquere?

196 4022 441 4101 Nequaquam,
462 4015 529 4083 nisi
554 4017 775 4105 imperaverit
798 4019 1001 4104 Imperator.
1032 4015 1148 4103 Surgit
1176 4017 1251 4104 ipse
1284 4023 1348 4085 lter
1375 4011 1441 4082 lilius

197 4105 315 4202 Regis,
343 4118 375 4173 et
400 4103 629 4191 lapidantium
656 4105 746 4175 acies
774 4105 1042 4194 interrumpens,
1075 4105 1341 4192 triumphatorio
1361 4111 1441 4172 certa-

199 4195 287 4260 mini
320 4214 388 4262 non
414 4193 487 4262 sine
511 4191 628 4262 dolore
652 4193 766 4264 cordis
786 4193 926 4263 assistit.
958 4194 1054 4262 Videt
1083 4193 1235 4282 opprimi
1264 4195 1398 4284 primum
1420 4197 1439 4250 rt

200 4281 438 4369 primicerium
452 4295 661 4381 purpuratae
673 4283 835 4362 cohortis,
846 4295 878 4352 et
888 4281 1110 4372 grandinaria
1124 4281 1279 4368 lapidum
1292 4279 1437 4373 densitate.

203 4367 313 4436 sontes
341 4371 522 4460 sanguinis
549 4369 590 4438 de
621 4375 764 4461 corp'ore
793 4371 1053 4462 protomartyris
1083 4370 1241 4441 ebullire.
1269 4371 1357 4441 Videt
1380 4384 1439 4454 qutt
