<?xml version="1.0" encoding="UTF-8"?>
<!DOCTYPE html PUBLIC "-//W3C//DTD XHTML 1.0 Transitional//EN"
    "http://www.w3.org/TR/xhtml1/DTD/xhtml1-transitional.dtd">
<html xmlns="http://www.w3.org/1999/xhtml" xml:lang="en" lang="en">
 <head>
  <title>
</title>
<meta http-equiv="Content-Type" content="text/html;charset=utf-8" />
  <meta name='ocr-system' content='tesseract 3.04.00' />
  <meta name='ocr-capabilities' content='ocr_page ocr_carea ocr_par ocr_line ocrx_word'/>
</head>
<body>
  <div class='ocr_page' id='page_1' title='image "./historiaeseuvit00lippgoog_0282.png"; bbox 0 0 2972 4826; ppageno 0'>
   <div class='ocr_carea' id='block_1_1' title="bbox 58 303 1229 372">
    <p class='ocr_par' dir='ltr' id='par_1_1' title="bbox 58 303 1229 372">
     <span class='ocr_line' id='line_1_1' title="bbox 58 303 1229 372; baseline 0.002 -4"><span class='ocrx_word' id='word_1_1' title='bbox 58 303 150 369; x_wconf 79' lang='lat' dir='ltr'><strong>Dlt&#39;.9</strong></span> <span class='ocrx_word' id='word_1_2' title='bbox 387 325 423 369; x_wconf 83' lang='lat' dir='ltr'><strong>nn</strong></span> <span class='ocrx_word' id='word_1_3' title='bbox 447 323 492 370; x_wconf 88' lang='lat' dir='ltr'><strong>ss.</strong></span> <span class='ocrx_word' id='word_1_4' title='bbox 521 323 599 370; x_wconf 83' lang='lat' dir='ltr'><strong>snio</strong></span> <span class='ocrx_word' id='word_1_5' title='bbox 624 325 660 369; x_wconf 83' lang='lat' dir='ltr'><strong>rr</strong></span> <span class='ocrx_word' id='word_1_6' title='bbox 686 323 811 372; x_wconf 81' lang='lat' dir='ltr'><strong>tvunrro</strong></span> <span class='ocrx_word' id='word_1_7' title='bbox 835 325 884 370; x_wconf 81' lang='lat' dir='ltr'><strong>ar.</strong></span> <span class='ocrx_word' id='word_1_8' title='bbox 1165 306 1229 370; x_wconf 74' lang='lat' dir='ltr'><strong>2l9</strong></span> 
     </span>
    </p>
   </div>
   <div class='ocr_carea' id='block_1_2' title="bbox 42 405 1361 4482">
    <p class='ocr_par' dir='ltr' id='par_1_2' title="bbox 42 405 1273 3682">
     <span class='ocr_line' id='line_1_2' title="bbox 55 405 1270 498; baseline 0.002 -24"><span class='ocrx_word' id='word_1_9' title='bbox 55 419 132 475; x_wconf 87' lang='lat' dir='ltr'><strong>creet</strong></span> <span class='ocrx_word' id='word_1_10' title='bbox 154 407 287 476; x_wconf 83' lang='lat' dir='ltr'><strong>naribus</strong></span> <span class='ocrx_word' id='word_1_11' title='bbox 317 408 518 498; x_wconf 86' lang='lat' dir='ltr'><strong>sanguinem</strong></span> <span class='ocrx_word' id='word_1_12' title='bbox 560 409 734 497; x_wconf 85' lang='lat' dir='ltr'><strong>prolluens</strong></span> <span class='ocrx_word' id='word_1_13' title='bbox 770 405 1015 476; x_wconf 77' lang='lat' dir='ltr'><strong>madefaciebat</strong></span> <span class='ocrx_word' id='word_1_14' title='bbox 1050 406 1270 495; x_wconf 84' lang='lat' dir='ltr'><strong>superficiem</strong></span> 
     </span>
     <span class='ocr_line' id='line_1_3' title="bbox 55 495 1267 575; baseline 0.004 -15"><span class='ocrx_word' id='word_1_15' title='bbox 55 509 136 562; x_wconf 84' lang='lat' dir='ltr'><strong>terrae.</strong></span> <span class='ocrx_word' id='word_1_16' title='bbox 156 499 191 564; x_wconf 81' lang='lat' dir='ltr'><strong>tt</strong></span> <span class='ocrx_word' id='word_1_17' title='bbox 211 509 362 566; x_wconf 80' lang='lat' dir='ltr'><strong>amentes</strong></span> <span class='ocrx_word' id='word_1_18' title='bbox 391 496 511 575; x_wconf 83' lang='lat' dir='ltr'><strong>effecti,</strong></span> <span class='ocrx_word' id='word_1_19' title='bbox 543 496 709 567; x_wconf 89' lang='lat' dir='ltr'><strong>luctuosis</strong></span> <span class='ocrx_word' id='word_1_20' title='bbox 735 496 875 566; x_wconf 89' lang='lat' dir='ltr'><strong>vocibus</strong></span> <span class='ocrx_word' id='word_1_21' title='bbox 907 495 1054 565; x_wconf 90' lang='lat' dir='ltr'><strong>nimium</strong></span> <span class='ocrx_word' id='word_1_22' title='bbox 1080 496 1267 566; x_wconf 87' lang='lat' dir='ltr'><strong>clamorem</strong></span> 
     </span>
     <span class='ocr_line' id='line_1_4' title="bbox 52 584 1272 685; baseline 0.002 -34"><span class='ocrx_word' id='word_1_23' title='bbox 52 605 124 671; x_wconf 88' lang='lat' dir='ltr'><strong>super</strong></span> <span class='ocrx_word' id='word_1_24' title='bbox 148 605 205 653; x_wconf 89' lang='lat' dir='ltr'><strong>sua</strong></span> <span class='ocrx_word' id='word_1_25' title='bbox 226 584 339 685; x_wconf 88' lang='lat' dir='ltr'><strong>capita</strong></span> <span class='ocrx_word' id='word_1_26' title='bbox 361 585 570 664; x_wconf 77' lang='lat' dir='ltr'><strong>emittebant,</strong></span> <span class='ocrx_word' id='word_1_27' title='bbox 588 606 769 672; x_wconf 81' lang='lat' dir='ltr'><strong>quousque</strong></span> <span class='ocrx_word' id='word_1_28' title='bbox 794 585 845 655; x_wconf 88' lang='lat' dir='ltr'><strong>vir</strong></span> <span class='ocrx_word' id='word_1_29' title='bbox 869 585 925 653; x_wconf 90' lang='lat' dir='ltr'><strong>Dei</strong></span> <span class='ocrx_word' id='word_1_30' title='bbox 954 584 1135 654; x_wconf 79' lang='lat' dir='ltr'><strong>Missurum</strong></span> <span class='ocrx_word' id='word_1_31' title='bbox 1161 585 1272 654; x_wconf 90' lang='lat' dir='ltr'><strong>adim-</strong></span> 
     </span>
     <span class='ocr_line' id='line_1_5' title="bbox 53 671 1270 764; baseline 0.003 -26"><span class='ocrx_word' id='word_1_32' title='bbox 53 671 127 758; x_wconf 89' lang='lat' dir='ltr'><strong>pleret</strong></span> <span class='ocrx_word' id='word_1_33' title='bbox 146 672 317 742; x_wconf 83' lang='lat' dir='ltr'><strong>solemnia.</strong></span> <span class='ocrx_word' id='word_1_34' title='bbox 337 674 507 762; x_wconf 82' lang='lat' dir='ltr'><strong>Completo</strong></span> <span class='ocrx_word' id='word_1_35' title='bbox 535 687 648 743; x_wconf 90' lang='lat' dir='ltr'><strong>autem</strong></span> <span class='ocrx_word' id='word_1_36' title='bbox 672 673 835 764; x_wconf 82' lang='lat' dir='ltr'><strong>mysticae</strong></span> <span class='ocrx_word' id='word_1_37' title='bbox 854 672 1037 743; x_wconf 88' lang='lat' dir='ltr'><strong>oblationis</strong></span> <span class='ocrx_word' id='word_1_38' title='bbox 1067 673 1270 754; x_wconf 89' lang='lat' dir='ltr'><strong>ministerio,</strong></span> 
     </span>
     <span class='ocr_line' id='line_1_6' title="bbox 52 761 1270 851; baseline 0.001 -25"><span class='ocrx_word' id='word_1_39' title='bbox 52 781 170 848; x_wconf 83' lang='lat' dir='ltr'><strong>egressus</strong></span> <span class='ocrx_word' id='word_1_40' title='bbox 190 783 265 831; x_wconf 91' lang='lat' dir='ltr'><strong>cum</strong></span> <span class='ocrx_word' id='word_1_41' title='bbox 299 763 392 832; x_wconf 91' lang='lat' dir='ltr'><strong>omni</strong></span> <span class='ocrx_word' id='word_1_42' title='bbox 419 762 515 851; x_wconf 84' lang='lat' dir='ltr'><strong>plebe</strong></span> <span class='ocrx_word' id='word_1_43' title='bbox 539 762 743 842; x_wconf 88' lang='lat' dir='ltr'><strong>ecclesiam,</strong></span> <span class='ocrx_word' id='word_1_44' title='bbox 773 761 923 851; x_wconf 85' lang='lat' dir='ltr'><strong>grande·</strong></span> <span class='ocrx_word' id='word_1_45' title='bbox 934 762 1018 830; x_wconf 89' lang='lat' dir='ltr'><strong>vidit</strong></span> <span class='ocrx_word' id='word_1_46' title='bbox 1050 761 1270 831; x_wconf 80' lang='lat' dir='ltr'><strong>miraculum.</strong></span> 
     </span>
     <span class='ocr_line' id='line_1_7' title="bbox 52 849 1273 939; baseline 0.002 -24"><span class='ocrx_word' id='word_1_47' title='bbox 52 853 105 916; x_wconf 84' lang='lat' dir='ltr'><strong>lam</strong></span> <span class='ocrx_word' id='word_1_48' title='bbox 124 849 208 919; x_wconf 86' lang='lat' dir='ltr'><strong>chori</strong></span> <span class='ocrx_word' id='word_1_49' title='bbox 240 849 281 920; x_wconf 90' lang='lat' dir='ltr'><strong>ad</strong></span> <span class='ocrx_word' id='word_1_50' title='bbox 306 851 427 922; x_wconf 88' lang='lat' dir='ltr'><strong>choros</strong></span> <span class='ocrx_word' id='word_1_51' title='bbox 456 851 625 921; x_wconf 90' lang='lat' dir='ltr'><strong>circulum</strong></span> <span class='ocrx_word' id='word_1_52' title='bbox 652 849 837 932; x_wconf 82' lang='lat' dir='ltr'><strong>facientes,</strong></span> <span class='ocrx_word' id='word_1_53' title='bbox 869 872 961 919; x_wconf 88' lang='lat' dir='ltr'><strong>unus</strong></span> <span class='ocrx_word' id='word_1_54' title='bbox 990 871 1094 939; x_wconf 91' lang='lat' dir='ltr'><strong>super</strong></span> <span class='ocrx_word' id='word_1_55' title='bbox 1123 849 1273 920; x_wconf 86' lang='lat' dir='ltr'><strong>alterum</strong></span> 
     </span>
     <span class='ocr_line' id='line_1_8' title="bbox 51 938 1270 1010; baseline 0.004 -7"><span class='ocrx_word' id='word_1_56' title='bbox 51 939 186 1008; x_wconf 85' lang='lat' dir='ltr'><strong>immensis</strong></span> <span class='ocrx_word' id='word_1_57' title='bbox 206 939 343 1010; x_wconf 90' lang='lat' dir='ltr'><strong>lletibus</strong></span> <span class='ocrx_word' id='word_1_58' title='bbox 367 939 532 1010; x_wconf 86' lang='lat' dir='ltr'><strong>ululabat.</strong></span> <span class='ocrx_word' id='word_1_59' title='bbox 553 945 646 1010; x_wconf 87' lang='lat' dir='ltr'><strong>Tunc</strong></span> <span class='ocrx_word' id='word_1_60' title='bbox 671 939 722 1008; x_wconf 90' lang='lat' dir='ltr'><strong>vir</strong></span> <span class='ocrx_word' id='word_1_61' title='bbox 748 940 883 1008; x_wconf 84' lang='lat' dir='ltr'><strong>Domini</strong></span> <span class='ocrx_word' id='word_1_62' title='bbox 909 939 1062 1010; x_wconf 87' lang='lat' dir='ltr'><strong>lventius</strong></span> <span class='ocrx_word' id='word_1_63' title='bbox 1085 961 1204 1008; x_wconf 92' lang='lat' dir='ltr'><strong>omnes</strong></span> <span class='ocrx_word' id='word_1_64' title='bbox 1228 938 1270 1008; x_wconf 84' lang='lat' dir='ltr'><strong>fi-</strong></span> 
     </span>
     <span class='ocr_line' id='line_1_9' title="bbox 48 1025 1272 1119; baseline 0.003 -27"><span class='ocrx_word' id='word_1_65' title='bbox 48 1025 111 1094; x_wconf 80' lang='lat' dir='ltr'><strong>deles</strong></span> <span class='ocrx_word' id='word_1_66' title='bbox 131 1027 296 1098; x_wconf 91' lang='lat' dir='ltr'><strong>interram</strong></span> <span class='ocrx_word' id='word_1_67' title='bbox 324 1029 490 1118; x_wconf 83' lang='lat' dir='ltr'><strong>prosterni</strong></span> <span class='ocrx_word' id='word_1_68' title='bbox 516 1028 699 1119; x_wconf 88' lang='lat' dir='ltr'><strong>praecepit,</strong></span> <span class='ocrx_word' id='word_1_69' title='bbox 719 1041 756 1096; x_wconf 93' lang='lat' dir='ltr'><strong>ut</strong></span> <span class='ocrx_word' id='word_1_70' title='bbox 782 1049 841 1118; x_wconf 93' lang='lat' dir='ltr'><strong>pro</strong></span> <span class='ocrx_word' id='word_1_71' title='bbox 865 1027 915 1096; x_wconf 92' lang='lat' dir='ltr'><strong>eis</strong></span> <span class='ocrx_word' id='word_1_72' title='bbox 939 1027 1122 1097; x_wconf 91' lang='lat' dir='ltr'><strong>Dominum</strong></span> <span class='ocrx_word' id='word_1_73' title='bbox 1154 1049 1272 1096; x_wconf 89' lang='lat' dir='ltr'><strong>exora-</strong></span> 
     </span>
     <span class='ocr_line' id='line_1_10' title="bbox 47 1114 1272 1207; baseline 0.004 -27"><span class='ocrx_word' id='word_1_74' title='bbox 47 1127 281 1205; x_wconf 89' lang='lat' dir='ltr'><strong>rent,quatenus</strong></span> <span class='ocrx_word' id='word_1_75' title='bbox 304 1139 324 1186; x_wconf 91' lang='lat' dir='ltr'><strong>a</strong></span> <span class='ocrx_word' id='word_1_76' title='bbox 350 1116 405 1188; x_wconf 91' lang='lat' dir='ltr'><strong>tali</strong></span> <span class='ocrx_word' id='word_1_77' title='bbox 430 1138 538 1207; x_wconf 89' lang='lat' dir='ltr'><strong>poena</strong></span> <span class='ocrx_word' id='word_1_78' title='bbox 570 1130 703 1206; x_wconf 87' lang='lat' dir='ltr'><strong>ereptos</strong></span> <span class='ocrx_word' id='word_1_79' title='bbox 727 1114 770 1185; x_wconf 90' lang='lat' dir='ltr'><strong>ad</strong></span> <span class='ocrx_word' id='word_1_80' title='bbox 796 1116 1005 1187; x_wconf 89' lang='lat' dir='ltr'><strong>intellectum</strong></span> <span class='ocrx_word' id='word_1_81' title='bbox 1034 1117 1158 1185; x_wconf 92' lang='lat' dir='ltr'><strong>mentis</strong></span> <span class='ocrx_word' id='word_1_82' title='bbox 1190 1137 1272 1187; x_wconf 88' lang='lat' dir='ltr'><strong>suae</strong></span> 
     </span>
     <span class='ocr_line' id='line_1_11' title="bbox 46 1205 1272 1296; baseline 0.002 -27"><span class='ocrx_word' id='word_1_83' title='bbox 46 1223 86 1270; x_wconf 87' lang='lat' dir='ltr'><strong>eos</strong></span> <span class='ocrx_word' id='word_1_84' title='bbox 105 1208 175 1276; x_wconf 91' lang='lat' dir='ltr'><strong>Deus</strong></span> <span class='ocrx_word' id='word_1_85' title='bbox 202 1205 379 1276; x_wconf 89' lang='lat' dir='ltr'><strong>reduceret</strong></span> <span class='ocrx_word' id='word_1_86' title='bbox 393 1221 411 1286; x_wconf 79' lang='lat'><strong>‚⁹</strong></span> <span class='ocrx_word' id='word_1_87' title='bbox 430 1217 462 1275; x_wconf 88' lang='lat' dir='ltr'><strong>et</strong></span> <span class='ocrx_word' id='word_1_88' title='bbox 488 1206 530 1274; x_wconf 88' lang='lat' dir='ltr'><strong>ad</strong></span> <span class='ocrx_word' id='word_1_89' title='bbox 557 1205 658 1275; x_wconf 85' lang='lat' dir='ltr'><strong>hdem</strong></span> <span class='ocrx_word' id='word_1_90' title='bbox 691 1205 744 1276; x_wconf 92' lang='lat' dir='ltr'><strong>sui</strong></span> <span class='ocrx_word' id='word_1_91' title='bbox 772 1205 922 1276; x_wconf 90' lang='lat' dir='ltr'><strong>nominis</strong></span> <span class='ocrx_word' id='word_1_92' title='bbox 953 1217 1165 1296; x_wconf 82' lang='lat' dir='ltr'><strong>aggregaret.</strong></span> <span class='ocrx_word' id='word_1_93' title='bbox 1194 1208 1272 1294; x_wconf 90' lang='lat' dir='ltr'><strong>lpse</strong></span> 
     </span>
     <span class='ocr_line' id='line_1_12' title="bbox 46 1293 1271 1384; baseline 0.003 -26"><span class='ocrx_word' id='word_1_94' title='bbox 46 1311 146 1378; x_wconf 87' lang='lat' dir='ltr'><strong>quoque</strong></span> <span class='ocrx_word' id='word_1_95' title='bbox 166 1297 195 1362; x_wconf 89' lang='lat' dir='ltr'><strong>S.</strong></span> <span class='ocrx_word' id='word_1_96' title='bbox 215 1295 367 1364; x_wconf 76' lang='lat' dir='ltr'><strong>leontius</strong></span> <span class='ocrx_word' id='word_1_97' title='bbox 390 1295 577 1364; x_wconf 90' lang='lat' dir='ltr'><strong>orationem</strong></span> <span class='ocrx_word' id='word_1_98' title='bbox 596 1293 741 1364; x_wconf 87' lang='lat' dir='ltr'><strong>faciebat</strong></span> <span class='ocrx_word' id='word_1_99' title='bbox 762 1316 822 1384; x_wconf 91' lang='lat' dir='ltr'><strong>pro</strong></span> <span class='ocrx_word' id='word_1_100' title='bbox 845 1294 906 1374; x_wconf 78' lang='lat' dir='ltr'><strong>eie,</strong></span> <span class='ocrx_word' id='word_1_101' title='bbox 926 1293 1064 1363; x_wconf 90' lang='lat' dir='ltr'><strong>dicens:</strong></span> <span class='ocrx_word' id='word_1_102' title='bbox 1085 1317 1103 1360; x_wconf 75' lang='lat' dir='ltr'><strong>a</strong></span> <span class='ocrx_word' id='word_1_103' title='bbox 1131 1294 1271 1363; x_wconf 88' lang='lat' dir='ltr'><strong>Domine</strong></span> 
     </span>
     <span class='ocr_line' id='line_1_13' title="bbox 46 1381 1268 1473; baseline 0.004 -28"><span class='ocrx_word' id='word_1_104' title='bbox 46 1381 118 1460; x_wconf 83' lang='lat' dir='ltr'><strong>Deus,</strong></span> <span class='ocrx_word' id='word_1_105' title='bbox 132 1387 219 1452; x_wconf 88' lang='lat' dir='ltr'><strong>Pater</strong></span> <span class='ocrx_word' id='word_1_106' title='bbox 241 1382 330 1454; x_wconf 90' lang='lat' dir='ltr'><strong>coeli</strong></span> <span class='ocrx_word' id='word_1_107' title='bbox 352 1393 385 1452; x_wconf 94' lang='lat' dir='ltr'><strong>et</strong></span> <span class='ocrx_word' id='word_1_108' title='bbox 409 1395 528 1464; x_wconf 90' lang='lat' dir='ltr'><strong>terrae,</strong></span> <span class='ocrx_word' id='word_1_109' title='bbox 548 1383 607 1469; x_wconf 94' lang='lat' dir='ltr'><strong>qui</strong></span> <span class='ocrx_word' id='word_1_110' title='bbox 631 1382 795 1453; x_wconf 91' lang='lat' dir='ltr'><strong>omnibus</strong></span> <span class='ocrx_word' id='word_1_111' title='bbox 812 1382 972 1473; x_wconf 91' lang='lat' dir='ltr'><strong>gentibus</strong></span> <span class='ocrx_word' id='word_1_112' title='bbox 988 1397 1144 1454; x_wconf 89' lang='lat' dir='ltr'><strong>sanctum</strong></span> <span class='ocrx_word' id='word_1_113' title='bbox 1173 1395 1268 1452; x_wconf 92' lang='lat' dir='ltr'><strong>tuum</strong></span> 
     </span>
     <span class='ocr_line' id='line_1_14' title="bbox 44 1470 1271 1561; baseline 0.007 -29"><span class='ocrx_word' id='word_1_114' title='bbox 44 1487 135 1537; x_wconf 90' lang='lat' dir='ltr'><strong>nomen</strong></span> <span class='ocrx_word' id='word_1_115' title='bbox 156 1470 344 1560; x_wconf 87' lang='lat' dir='ltr'><strong>praedicari</strong></span> <span class='ocrx_word' id='word_1_116' title='bbox 363 1473 511 1560; x_wconf 90' lang='lat' dir='ltr'><strong>jussisti,</strong></span> <span class='ocrx_word' id='word_1_117' title='bbox 532 1484 564 1540; x_wconf 92' lang='lat' dir='ltr'><strong>et</strong></span> <span class='ocrx_word' id='word_1_118' title='bbox 585 1471 708 1540; x_wconf 89' lang='lat' dir='ltr'><strong>misisti</strong></span> <span class='ocrx_word' id='word_1_119' title='bbox 731 1472 949 1561; x_wconf 86' lang='lat' dir='ltr'><strong>Unigenitum</strong></span> <span class='ocrx_word' id='word_1_120' title='bbox 975 1470 1112 1550; x_wconf 88' lang='lat' dir='ltr'><strong>Filium,</strong></span> <span class='ocrx_word' id='word_1_121' title='bbox 1137 1470 1271 1540; x_wconf 90' lang='lat' dir='ltr'><strong>redem-</strong></span> 
     </span>
     <span class='ocr_line' id='line_1_15' title="bbox 43 1559 1271 1645; baseline 0.005 -23"><span class='ocrx_word' id='word_1_122' title='bbox 43 1567 139 1640; x_wconf 89' lang='lat' dir='ltr'><strong>ptorem</strong></span> <span class='ocrx_word' id='word_1_123' title='bbox 163 1571 328 1640; x_wconf 91' lang='lat' dir='ltr'><strong>nostrum,</strong></span> <span class='ocrx_word' id='word_1_124' title='bbox 350 1572 388 1630; x_wconf 87' lang='lat' dir='ltr'><strong>ut</strong></span> <span class='ocrx_word' id='word_1_125' title='bbox 414 1582 476 1630; x_wconf 92' lang='lat' dir='ltr'><strong>nos</strong></span> <span class='ocrx_word' id='word_1_126' title='bbox 501 1560 660 1630; x_wconf 87' lang='lat' dir='ltr'><strong>liberaret</strong></span> <span class='ocrx_word' id='word_1_127' title='bbox 685 1559 728 1629; x_wconf 88' lang='lat' dir='ltr'><strong>ab</strong></span> <span class='ocrx_word' id='word_1_128' title='bbox 753 1560 848 1630; x_wconf 91' lang='lat' dir='ltr'><strong>omni</strong></span> <span class='ocrx_word' id='word_1_129' title='bbox 882 1559 1060 1645; x_wconf 89' lang='lat' dir='ltr'><strong>iniquitate</strong></span> <span class='ocrx_word' id='word_1_130' title='bbox 1082 1572 1115 1628; x_wconf 92' lang='lat' dir='ltr'><strong>et</strong></span> <span class='ocrx_word' id='word_1_131' title='bbox 1142 1560 1271 1644; x_wconf 89' lang='lat' dir='ltr'><strong>praeci-</strong></span> 
     </span>
     <span class='ocr_line' id='line_1_16' title="bbox 44 1644 1272 1739; baseline 0.006 -30"><span class='ocrx_word' id='word_1_132' title='bbox 44 1644 113 1728; x_wconf 92' lang='lat' dir='ltr'><strong>pitio,</strong></span> <span class='ocrx_word' id='word_1_133' title='bbox 127 1649 254 1738; x_wconf 88' lang='lat' dir='ltr'><strong>suscipe</strong></span> <span class='ocrx_word' id='word_1_134' title='bbox 283 1669 401 1739; x_wconf 88' lang='lat' dir='ltr'><strong>preces</strong></span> <span class='ocrx_word' id='word_1_135' title='bbox 426 1661 559 1718; x_wconf 87' lang='lat' dir='ltr'><strong>nostras</strong></span> <span class='ocrx_word' id='word_1_136' title='bbox 584 1671 645 1738; x_wconf 93' lang='lat' dir='ltr'><strong>pro</strong></span> <span class='ocrx_word' id='word_1_137' title='bbox 668 1647 812 1718; x_wconf 87' lang='lat' dir='ltr'><strong>stultitia</strong></span> <span class='ocrx_word' id='word_1_138' title='bbox 844 1648 1001 1729; x_wconf 88' lang='lat' dir='ltr'><strong>istorum,</strong></span> <span class='ocrx_word' id='word_1_139' title='bbox 1020 1661 1052 1716; x_wconf 92' lang='lat' dir='ltr'><strong>et</strong></span> <span class='ocrx_word' id='word_1_140' title='bbox 1077 1647 1187 1718; x_wconf 85' lang='lat' dir='ltr'><strong>exime</strong></span> <span class='ocrx_word' id='word_1_141' title='bbox 1213 1669 1272 1716; x_wconf 89' lang='lat' dir='ltr'><strong>eos</strong></span> 
     </span>
     <span class='ocr_line' id='line_1_17' title="bbox 43 1730 1271 1826; baseline 0.003 -24"><span class='ocrx_word' id='word_1_142' title='bbox 43 1730 73 1798; x_wconf 88' lang='lat' dir='ltr'><strong>dc</strong></span> <span class='ocrx_word' id='word_1_143' title='bbox 92 1755 179 1816; x_wconf 65' lang='lat' dir='ltr'><strong>mortu</strong></span> <span class='ocrx_word' id='word_1_144' title='bbox 202 1737 348 1818; x_wconf 91' lang='lat' dir='ltr'><strong>inimici,</strong></span> <span class='ocrx_word' id='word_1_145' title='bbox 374 1739 434 1824; x_wconf 92' lang='lat' dir='ltr'><strong>qui</strong></span> <span class='ocrx_word' id='word_1_146' title='bbox 460 1739 493 1806; x_wconf 94' lang='lat' dir='ltr'><strong>in</strong></span> <span class='ocrx_word' id='word_1_147' title='bbox 519 1739 569 1806; x_wconf 90' lang='lat' dir='ltr'><strong>eis</strong></span> <span class='ocrx_word' id='word_1_148' title='bbox 594 1749 791 1826; x_wconf 89' lang='lat' dir='ltr'><strong>potestatem</strong></span> <span class='ocrx_word' id='word_1_149' title='bbox 817 1738 960 1822; x_wconf 88' lang='lat' dir='ltr'><strong>accepit,</strong></span> <span class='ocrx_word' id='word_1_150' title='bbox 982 1749 1014 1806; x_wconf 89' lang='lat' dir='ltr'><strong>et</strong></span> <span class='ocrx_word' id='word_1_151' title='bbox 1034 1735 1143 1826; x_wconf 89' lang='lat' dir='ltr'><strong>dirige</strong></span> <span class='ocrx_word' id='word_1_152' title='bbox 1167 1736 1271 1806; x_wconf 88' lang='lat' dir='ltr'><strong>corda</strong></span> 
     </span>
     <span class='ocr_line' id='line_1_18' title="bbox 43 1824 1272 1917; baseline 0.007 -32"><span class='ocrx_word' id='word_1_153' title='bbox 43 1840 130 1891; x_wconf 90' lang='lat' dir='ltr'><strong>eorum</strong></span> <span class='ocrx_word' id='word_1_154' title='bbox 146 1824 176 1893; x_wconf 91' lang='lat' dir='ltr'><strong>in</strong></span> <span class='ocrx_word' id='word_1_155' title='bbox 201 1827 290 1896; x_wconf 87' lang='lat' dir='ltr'><strong>viam</strong></span> <span class='ocrx_word' id='word_1_156' title='bbox 316 1825 450 1907; x_wconf 89' lang='lat' dir='ltr'><strong>salutis,</strong></span> <span class='ocrx_word' id='word_1_157' title='bbox 470 1839 507 1896; x_wconf 90' lang='lat' dir='ltr'><strong>ut</strong></span> <span class='ocrx_word' id='word_1_158' title='bbox 525 1838 735 1917; x_wconf 86' lang='lat' dir='ltr'><strong>cognoscant</strong></span> <span class='ocrx_word' id='word_1_159' title='bbox 754 1837 784 1894; x_wconf 89' lang='lat' dir='ltr'><strong>te</strong></span> <span class='ocrx_word' id='word_1_160' title='bbox 801 1829 990 1895; x_wconf 79' lang='lat' dir='ltr'><strong>Creatorem</strong></span> <span class='ocrx_word' id='word_1_161' title='bbox 1008 1847 1123 1905; x_wconf 91' lang='lat' dir='ltr'><strong>suum,</strong></span> <span class='ocrx_word' id='word_1_162' title='bbox 1143 1837 1175 1894; x_wconf 90' lang='lat' dir='ltr'><strong>et</strong></span> <span class='ocrx_word' id='word_1_163' title='bbox 1195 1825 1272 1896; x_wconf 90' lang='lat' dir='ltr'><strong>nul-</strong></span> 
     </span>
     <span class='ocr_line' id='line_1_19' title="bbox 44 1905 1269 2006; baseline 0.006 -31"><span class='ocrx_word' id='word_1_164' title='bbox 44 1905 94 1976; x_wconf 84' lang='lat' dir='ltr'><strong>lan</strong></span> <span class='ocrx_word' id='word_1_165' title='bbox 115 1911 208 1984; x_wconf 87' lang='lat' dir='ltr'><strong>alium</strong></span> <span class='ocrx_word' id='word_1_166' title='bbox 230 1928 366 2006; x_wconf 90' lang='lat' dir='ltr'><strong>praeter</strong></span> <span class='ocrx_word' id='word_1_167' title='bbox 391 1927 432 1997; x_wconf 89' lang='lat' dir='ltr'><strong>te,</strong></span> <span class='ocrx_word' id='word_1_168' title='bbox 461 1927 490 1984; x_wconf 90' lang='lat' dir='ltr'><strong>te</strong></span> <span class='ocrx_word' id='word_1_169' title='bbox 515 1915 626 1984; x_wconf 90' lang='lat' dir='ltr'><strong>solum</strong></span> <span class='ocrx_word' id='word_1_170' title='bbox 656 1914 799 1984; x_wconf 90' lang='lat' dir='ltr'><strong>adorent</strong></span> <span class='ocrx_word' id='word_1_171' title='bbox 822 1926 854 1984; x_wconf 87' lang='lat' dir='ltr'><strong>et</strong></span> <span class='ocrx_word' id='word_1_172' title='bbox 877 1935 978 2001; x_wconf 91' lang='lat' dir='ltr'><strong>quern</strong></span> <span class='ocrx_word' id='word_1_173' title='bbox 1005 1912 1130 1982; x_wconf 89' lang='lat' dir='ltr'><strong>misisti</strong></span> <span class='ocrx_word' id='word_1_174' title='bbox 1155 1914 1269 1984; x_wconf 88' lang='lat' dir='ltr'><strong>lesum</strong></span> 
     </span>
     <span class='ocr_line' id='line_1_20' title="bbox 43 1995 1272 2092; baseline 0.008 -31"><span class='ocrx_word' id='word_1_175' title='bbox 43 1995 188 2072; x_wconf 84' lang='lat' dir='ltr'><strong>dhristum.</strong></span> <span class='ocrx_word' id='word_1_176' title='bbox 209 2008 372 2075; x_wconf 85' lang='lat' dir='ltr'><strong>»Orante</strong></span> <span class='ocrx_word' id='word_1_177' title='bbox 390 2015 502 2074; x_wconf 91' lang='lat' dir='ltr'><strong>autem</strong></span> <span class='ocrx_word' id='word_1_178' title='bbox 522 2015 638 2074; x_wconf 85' lang='lat' dir='ltr'><strong>sancto</strong></span> <span class='ocrx_word' id='word_1_179' title='bbox 654 2003 726 2072; x_wconf 90' lang='lat' dir='ltr'><strong>viro</strong></span> <span class='ocrx_word' id='word_1_180' title='bbox 743 2012 774 2071; x_wconf 94' lang='lat' dir='ltr'><strong>et</strong></span> <span class='ocrx_word' id='word_1_181' title='bbox 791 2003 886 2073; x_wconf 90' lang='lat' dir='ltr'><strong>omni</strong></span> <span class='ocrx_word' id='word_1_182' title='bbox 906 2000 1032 2092; x_wconf 90' lang='lat' dir='ltr'><strong>populo</strong></span> <span class='ocrx_word' id='word_1_183' title='bbox 1050 2001 1272 2071; x_wconf 82' lang='lat' dir='ltr'><strong>terraemotus</strong></span> 
     </span>
     <span class='ocr_line' id='line_1_21' title="bbox 44 2081 1273 2182; baseline 0.005 -30"><span class='ocrx_word' id='word_1_184' title='bbox 44 2081 124 2182; x_wconf 82' lang='lat' dir='ltr'><strong>lactus</strong></span> <span class='ocrx_word' id='word_1_185' title='bbox 143 2103 187 2161; x_wconf 94' lang='lat' dir='ltr'><strong>est</strong></span> <span class='ocrx_word' id='word_1_186' title='bbox 212 2115 374 2182; x_wconf 88' lang='lat' dir='ltr'><strong>magnus,</strong></span> <span class='ocrx_word' id='word_1_187' title='bbox 392 2105 425 2163; x_wconf 91' lang='lat' dir='ltr'><strong>et</strong></span> <span class='ocrx_word' id='word_1_188' title='bbox 441 2091 680 2182; x_wconf 86' lang='lat' dir='ltr'><strong>circumsepsit</strong></span> <span class='ocrx_word' id='word_1_189' title='bbox 699 2113 756 2161; x_wconf 88' lang='lat' dir='ltr'><strong>eos</strong></span> <span class='ocrx_word' id='word_1_190' title='bbox 780 2091 894 2162; x_wconf 89' lang='lat' dir='ltr'><strong>subito</strong></span> <span class='ocrx_word' id='word_1_191' title='bbox 919 2091 1054 2160; x_wconf 88' lang='lat' dir='ltr'><strong>cunctis</strong></span> <span class='ocrx_word' id='word_1_192' title='bbox 1078 2089 1273 2159; x_wconf 91' lang='lat' dir='ltr'><strong>videntibus</strong></span> 
     </span>
     <span class='ocr_line' id='line_1_22' title="bbox 45 2177 1272 2270; baseline 0.007 -31"><span class='ocrx_word' id='word_1_193' title='bbox 45 2177 108 2260; x_wconf 82' lang='lat' dir='ltr'><strong>ignis</strong></span> <span class='ocrx_word' id='word_1_194' title='bbox 127 2177 162 2248; x_wconf 90' lang='lat' dir='ltr'><strong>de</strong></span> <span class='ocrx_word' id='word_1_195' title='bbox 183 2182 289 2262; x_wconf 92' lang='lat' dir='ltr'><strong>coelo,</strong></span> <span class='ocrx_word' id='word_1_196' title='bbox 316 2193 348 2250; x_wconf 92' lang='lat' dir='ltr'><strong>et</strong></span> <span class='ocrx_word' id='word_1_197' title='bbox 373 2182 485 2252; x_wconf 88' lang='lat' dir='ltr'><strong>statim</strong></span> <span class='ocrx_word' id='word_1_198' title='bbox 508 2180 635 2250; x_wconf 90' lang='lat' dir='ltr'><strong>relictis</strong></span> <span class='ocrx_word' id='word_1_199' title='bbox 659 2180 797 2250; x_wconf 90' lang='lat' dir='ltr'><strong>lletibus</strong></span> <span class='ocrx_word' id='word_1_200' title='bbox 821 2192 1006 2270; x_wconf 87' lang='lat' dir='ltr'><strong>coeperunt</strong></span> <span class='ocrx_word' id='word_1_201' title='bbox 1022 2179 1121 2265; x_wconf 85' lang='lat' dir='ltr'><strong>quasi</strong></span> <span class='ocrx_word' id='word_1_202' title='bbox 1146 2199 1187 2247; x_wconf 90' lang='lat' dir='ltr'><strong>ex</strong></span> <span class='ocrx_word' id='word_1_203' title='bbox 1204 2199 1272 2247; x_wconf 94' lang='lat' dir='ltr'><strong>uno</strong></span> 
     </span>
     <span class='ocr_line' id='line_1_23' title="bbox 44 2265 1270 2360; baseline 0.005 -32"><span class='ocrx_word' id='word_1_204' title='bbox 44 2281 83 2358; x_wconf 77' lang='lat' dir='ltr'><strong>pre</strong></span> <span class='ocrx_word' id='word_1_205' title='bbox 100 2265 242 2351; x_wconf 89' lang='lat' dir='ltr'><strong>clamare,</strong></span> <span class='ocrx_word' id='word_1_206' title='bbox 269 2270 441 2340; x_wconf 89' lang='lat' dir='ltr'><strong>dicentes:</strong></span> <span class='ocrx_word' id='word_1_207' title='bbox 469 2293 487 2336; x_wconf 76' lang='lat' dir='ltr'><strong>a</strong></span> <span class='ocrx_word' id='word_1_208' title='bbox 513 2273 594 2339; x_wconf 88' lang='lat' dir='ltr'><strong>Vere</strong></span> <span class='ocrx_word' id='word_1_209' title='bbox 620 2291 767 2360; x_wconf 90' lang='lat' dir='ltr'><strong>magnus</strong></span> <span class='ocrx_word' id='word_1_210' title='bbox 791 2281 841 2338; x_wconf 89' lang='lat' dir='ltr'><strong>est</strong></span> <span class='ocrx_word' id='word_1_211' title='bbox 866 2273 952 2338; x_wconf 88' lang='lat' dir='ltr'><strong>Deus</strong></span> <span class='ocrx_word' id='word_1_212' title='bbox 978 2266 1270 2348; x_wconf 75' lang='lat' dir='ltr'><strong>Christianorum,</strong></span> 
     </span>
     <span class='ocr_line' id='line_1_24' title="bbox 47 2349 1270 2446; baseline 0.006 -30"><span class='ocrx_word' id='word_1_213' title='bbox 47 2349 109 2446; x_wconf 68' lang='lat' dir='ltr'><strong>idola</strong></span> <span class='ocrx_word' id='word_1_214' title='bbox 127 2369 231 2429; x_wconf 89' lang='lat' dir='ltr'><strong>autern</strong></span> <span class='ocrx_word' id='word_1_215' title='bbox 257 2359 320 2446; x_wconf 92' lang='lat' dir='ltr'><strong>qui</strong></span> <span class='ocrx_word' id='word_1_216' title='bbox 344 2359 484 2439; x_wconf 90' lang='lat' dir='ltr'><strong>colunt,</strong></span> <span class='ocrx_word' id='word_1_217' title='bbox 510 2379 631 2428; x_wconf 90' lang='lat' dir='ltr'><strong>omnes</strong></span> <span class='ocrx_word' id='word_1_218' title='bbox 657 2359 734 2427; x_wconf 84' lang='lat' dir='ltr'><strong>vani</strong></span> <span class='ocrx_word' id='word_1_219' title='bbox 759 2371 851 2427; x_wconf 89' lang='lat' dir='ltr'><strong>sunt.</strong></span> <span class='ocrx_word' id='word_1_220' title='bbox 881 2381 897 2423; x_wconf 92' lang='lat'>»</span> <span class='ocrx_word' id='word_1_221' title='bbox 923 2357 1134 2446; x_wconf 86' lang='lat' dir='ltr'><strong>Porphyrius</strong></span> <span class='ocrx_word' id='word_1_222' title='bbox 1159 2369 1270 2425; x_wconf 92' lang='lat' dir='ltr'><strong>autem</strong></span> 
     </span>
     <span class='ocr_line' id='line_1_25' title="bbox 49 2445 1273 2536; baseline 0 -24"><span class='ocrx_word' id='word_1_223' title='bbox 49 2458 212 2536; x_wconf 65' lang='lat' dir='ltr'><strong>ttosmnter</strong></span> <span class='ocrx_word' id='word_1_224' title='bbox 236 2446 432 2518; x_wconf 87' lang='lat' dir='ltr'><strong>clamabat:</strong></span> <span class='ocrx_word' id='word_1_225' title='bbox 460 2471 478 2514; x_wconf 78' lang='lat' dir='ltr'><strong>a</strong></span> <span class='ocrx_word' id='word_1_226' title='bbox 505 2447 623 2528; x_wconf 87' lang='lat' dir='ltr'><strong>lventi,</strong></span> <span class='ocrx_word' id='word_1_227' title='bbox 652 2445 918 2536; x_wconf 90' lang='lat' dir='ltr'><strong>prudentissime</strong></span> <span class='ocrx_word' id='word_1_228' title='bbox 944 2447 1005 2526; x_wconf 87' lang='lat' dir='ltr'><strong>vir,</strong></span> <span class='ocrx_word' id='word_1_229' title='bbox 1027 2467 1086 2515; x_wconf 92' lang='lat' dir='ltr'><strong>ora</strong></span> <span class='ocrx_word' id='word_1_230' title='bbox 1113 2467 1172 2534; x_wconf 93' lang='lat' dir='ltr'><strong>pro</strong></span> <span class='ocrx_word' id='word_1_231' title='bbox 1199 2466 1273 2513; x_wconf 88' lang='lat' dir='ltr'><strong>mea</strong></span> 
     </span>
     <span class='ocr_line' id='line_1_26' title="bbox 50 2533 1271 2634; baseline 0.004 -40"><span class='ocrx_word' id='word_1_232' title='bbox 50 2534 146 2602; x_wconf 83' lang='lat' dir='ltr'><strong>miseria</strong></span> <span class='ocrx_word' id='word_1_233' title='bbox 168 2558 284 2605; x_wconf 86' lang='lat' dir='ltr'><strong>rerum</strong></span> <span class='ocrx_word' id='word_1_234' title='bbox 311 2549 413 2622; x_wconf 86' lang='lat' dir='ltr'><strong>atque</strong></span> <span class='ocrx_word' id='word_1_235' title='bbox 437 2533 652 2606; x_wconf 89' lang='lat' dir='ltr'><strong>tremendum</strong></span> <span class='ocrx_word' id='word_1_236' title='bbox 682 2541 784 2604; x_wconf 91' lang='lat' dir='ltr'><strong>Deum</strong></span> <span class='ocrx_word' id='word_1_237' title='bbox 810 2557 911 2626; x_wconf 89' lang='lat' dir='ltr'><strong>quem</strong></span> <span class='ocrx_word' id='word_1_238' title='bbox 938 2534 1042 2616; x_wconf 89' lang='lat' dir='ltr'><strong>colis,</strong></span> <span class='ocrx_word' id='word_1_239' title='bbox 1069 2546 1107 2604; x_wconf 90' lang='lat' dir='ltr'><strong>ut</strong></span> <span class='ocrx_word' id='word_1_240' title='bbox 1126 2533 1271 2634; x_wconf 86' lang='lat' dir='ltr'><strong>dignum</strong></span> 
     </span>
     <span class='ocr_line' id='line_1_27' title="bbox 47 2617 1271 2716; baseline 0.003 -30"><span class='ocrx_word' id='word_1_241' title='bbox 47 2617 179 2716; x_wconf 70' lang='lat' dir='ltr'><strong>mclaciat</strong></span> <span class='ocrx_word' id='word_1_242' title='bbox 201 2623 334 2694; x_wconf 90' lang='lat' dir='ltr'><strong>ditione</strong></span> <span class='ocrx_word' id='word_1_243' title='bbox 359 2645 432 2706; x_wconf 89' lang='lat' dir='ltr'><strong>sua,</strong></span> <span class='ocrx_word' id='word_1_244' title='bbox 451 2624 534 2711; x_wconf 87' lang='lat' dir='ltr'><strong>quia</strong></span> <span class='ocrx_word' id='word_1_245' title='bbox 553 2623 596 2693; x_wconf 88' lang='lat' dir='ltr'><strong>ab</strong></span> <span class='ocrx_word' id='word_1_246' title='bbox 616 2623 681 2693; x_wconf 88' lang='lat' dir='ltr'><strong>hac</strong></span> <span class='ocrx_word' id='word_1_247' title='bbox 706 2624 789 2693; x_wconf 89' lang='lat' dir='ltr'><strong>hora</strong></span> <span class='ocrx_word' id='word_1_248' title='bbox 815 2622 1005 2714; x_wconf 90' lang='lat' dir='ltr'><strong>pronihilo</strong></span> <span class='ocrx_word' id='word_1_249' title='bbox 1030 2623 1138 2692; x_wconf 88' lang='lat' dir='ltr'><strong>habeo</strong></span> <span class='ocrx_word' id='word_1_250' title='bbox 1165 2641 1271 2710; x_wconf 86' lang='lat' dir='ltr'><strong>tmpe-</strong></span> 
     </span>
     <span class='ocr_line' id='line_1_28' title="bbox 45 2704 1269 2800; baseline 0.007 -33"><span class='ocrx_word' id='word_1_251' title='bbox 45 2704 113 2775; x_wconf 84' lang='lat' dir='ltr'><strong>naha</strong></span> <span class='ocrx_word' id='word_1_252' title='bbox 129 2712 218 2800; x_wconf 90' lang='lat' dir='ltr'><strong>jussa</strong></span> <span class='ocrx_word' id='word_1_253' title='bbox 242 2728 276 2784; x_wconf 92' lang='lat' dir='ltr'><strong>et</strong></span> <span class='ocrx_word' id='word_1_254' title='bbox 301 2711 470 2784; x_wconf 90' lang='lat' dir='ltr'><strong>idolorum</strong></span> <span class='ocrx_word' id='word_1_255' title='bbox 497 2711 681 2782; x_wconf 89' lang='lat' dir='ltr'><strong>culturam.</strong></span> <span class='ocrx_word' id='word_1_256' title='bbox 706 2735 723 2778; x_wconf 80' lang='lat' dir='ltr'><strong>n</strong></span> <span class='ocrx_word' id='word_1_257' title='bbox 750 2711 809 2782; x_wconf 86' lang='lat' dir='ltr'><strong>Cui</strong></span> <span class='ocrx_word' id='word_1_258' title='bbox 834 2713 885 2781; x_wconf 87' lang='lat' dir='ltr'><strong>vir</strong></span> <span class='ocrx_word' id='word_1_259' title='bbox 910 2711 1044 2780; x_wconf 84' lang='lat' dir='ltr'><strong>Domini</strong></span> <span class='ocrx_word' id='word_1_260' title='bbox 1070 2709 1269 2800; x_wconf 90' lang='lat' dir='ltr'><strong>respondit:</strong></span> 
     </span>
     <span class='ocr_line' id='line_1_29' title="bbox 43 2797 1273 2892; baseline 0.003 -28"><span class='ocrx_word' id='word_1_261' title='bbox 43 2797 202 2886; x_wconf 70' lang='lat' dir='ltr'><strong>«superna</strong></span> <span class='ocrx_word' id='word_1_262' title='bbox 224 2801 337 2892; x_wconf 90' lang='lat' dir='ltr'><strong>pietas</strong></span> <span class='ocrx_word' id='word_1_263' title='bbox 358 2823 423 2871; x_wconf 89' lang='lat' dir='ltr'><strong>non</strong></span> <span class='ocrx_word' id='word_1_264' title='bbox 446 2801 537 2872; x_wconf 83' lang='lat' dir='ltr'><strong>vocis</strong></span> <span class='ocrx_word' id='word_1_265' title='bbox 561 2801 710 2870; x_wconf 83' lang='lat' dir='ltr'><strong>auditrix</strong></span> <span class='ocrx_word' id='word_1_266' title='bbox 733 2812 793 2881; x_wconf 91' lang='lat' dir='ltr'><strong>est,</strong></span> <span class='ocrx_word' id='word_1_267' title='bbox 812 2800 870 2870; x_wconf 89' lang='lat' dir='ltr'><strong>sed</strong></span> <span class='ocrx_word' id='word_1_268' title='bbox 896 2799 1009 2870; x_wconf 89' lang='lat' dir='ltr'><strong>cordis</strong></span> <span class='ocrx_word' id='word_1_269' title='bbox 1035 2800 1208 2879; x_wconf 89' lang='lat' dir='ltr'><strong>rimatrix;</strong></span> <span class='ocrx_word' id='word_1_270' title='bbox 1236 2810 1273 2868; x_wconf 92' lang='lat' dir='ltr'><strong>tu</strong></span> 
     </span>
     <span class='ocr_line' id='line_1_30' title="bbox 42 2888 1271 2978; baseline 0.005 -32"><span class='ocrx_word' id='word_1_271' title='bbox 42 2889 125 2976; x_wconf 78' lang='lat' dir='ltr'><strong>tamen</strong></span> <span class='ocrx_word' id='word_1_272' title='bbox 141 2889 166 2956; x_wconf 91' lang='lat' dir='ltr'><strong>si</strong></span> <span class='ocrx_word' id='word_1_273' title='bbox 187 2911 225 2959; x_wconf 87' lang='lat' dir='ltr'><strong>ex</strong></span> <span class='ocrx_word' id='word_1_274' title='bbox 250 2903 321 2960; x_wconf 92' lang='lat' dir='ltr'><strong>toto</strong></span> <span class='ocrx_word' id='word_1_275' title='bbox 346 2889 446 2960; x_wconf 91' lang='lat' dir='ltr'><strong>corde</strong></span> <span class='ocrx_word' id='word_1_276' title='bbox 463 2889 662 2970; x_wconf 64' lang='lat' dir='ltr'><strong>credideris</strong></span> <span class='ocrx_word' id='word_1_277' title='bbox 678 2889 843 2977; x_wconf 90' lang='lat' dir='ltr'><strong>quicquid</strong></span> <span class='ocrx_word' id='word_1_278' title='bbox 864 2889 1011 2978; x_wconf 84' lang='lat' dir='ltr'><strong>petieris,</strong></span> <span class='ocrx_word' id='word_1_279' title='bbox 1031 2888 1271 2978; x_wconf 84' lang='lat' dir='ltr'><strong>impetrabis.»</strong></span> 
     </span>
     <span class='ocr_line' id='line_1_31' title="bbox 43 2969 1270 3066; baseline 0.01 -34"><span class='ocrx_word' id='word_1_280' title='bbox 43 2969 83 3036; x_wconf 83' lang='lat' dir='ltr'><strong>Dte</strong></span> <span class='ocrx_word' id='word_1_281' title='bbox 101 2995 165 3044; x_wconf 86' lang='lat' dir='ltr'><strong>tero</strong></span> <span class='ocrx_word' id='word_1_282' title='bbox 186 2978 307 3050; x_wconf 88' lang='lat' dir='ltr'><strong>eadem</strong></span> <span class='ocrx_word' id='word_1_283' title='bbox 333 2991 517 3066; x_wconf 87' lang='lat' dir='ltr'><strong>antequam</strong></span> <span class='ocrx_word' id='word_1_284' title='bbox 552 2991 703 3050; x_wconf 90' lang='lat' dir='ltr'><strong>sumeret</strong></span> <span class='ocrx_word' id='word_1_285' title='bbox 730 2978 871 3058; x_wconf 91' lang='lat' dir='ltr'><strong>cibum,</strong></span> <span class='ocrx_word' id='word_1_286' title='bbox 903 2977 1064 3046; x_wconf 90' lang='lat' dir='ltr'><strong>omnibus</strong></span> <span class='ocrx_word' id='word_1_287' title='bbox 1099 2977 1159 3063; x_wconf 91' lang='lat' dir='ltr'><strong>qui</strong></span> <span class='ocrx_word' id='word_1_288' title='bbox 1191 2997 1270 3045; x_wconf 90' lang='lat' dir='ltr'><strong>curn</strong></span> 
     </span>
     <span class='ocr_line' id='line_1_32' title="bbox 43 3057 1270 3157; baseline 0.002 -27"><span class='ocrx_word' id='word_1_289' title='bbox 43 3057 194 3152; x_wconf 84' lang='lat' dir='ltr'><strong>Porphyrio</strong></span> <span class='ocrx_word' id='word_1_290' title='bbox 217 3078 382 3138; x_wconf 84' lang='lat' dir='ltr'><strong>venerant</strong></span> <span class='ocrx_word' id='word_1_291' title='bbox 405 3067 595 3157; x_wconf 89' lang='lat' dir='ltr'><strong>baptizatis,</strong></span> <span class='ocrx_word' id='word_1_292' title='bbox 622 3077 654 3136; x_wconf 90' lang='lat' dir='ltr'><strong>et</strong></span> <span class='ocrx_word' id='word_1_293' title='bbox 679 3067 751 3155; x_wconf 90' lang='lat' dir='ltr'><strong>ipse</strong></span> <span class='ocrx_word' id='word_1_294' title='bbox 767 3065 979 3157; x_wconf 85' lang='lat' dir='ltr'><strong>Porphyrius</strong></span> <span class='ocrx_word' id='word_1_295' title='bbox 999 3063 1191 3153; x_wconf 87' lang='lat' dir='ltr'><strong>baptizatus</strong></span> <span class='ocrx_word' id='word_1_296' title='bbox 1207 3077 1270 3133; x_wconf 90' lang='lat' dir='ltr'><strong>est.</strong></span> 
     </span>
     <span class='ocr_line' id='line_1_33' title="bbox 42 3145 1272 3240; baseline 0.011 -32"><span class='ocrx_word' id='word_1_297' title='bbox 42 3145 201 3240; x_wconf 88' lang='lat' dir='ltr'><strong>iterumque</strong></span> <span class='ocrx_word' id='word_1_298' title='bbox 224 3157 408 3226; x_wconf 80' lang='lat' dir='ltr'><strong>Missurum</strong></span> <span class='ocrx_word' id='word_1_299' title='bbox 433 3155 612 3226; x_wconf 90' lang='lat' dir='ltr'><strong>celebratis</strong></span> <span class='ocrx_word' id='word_1_300' title='bbox 637 3155 826 3236; x_wconf 89' lang='lat' dir='ltr'><strong>solemniis,</strong></span> <span class='ocrx_word' id='word_1_301' title='bbox 853 3175 969 3223; x_wconf 90' lang='lat' dir='ltr'><strong>secum</strong></span> <span class='ocrx_word' id='word_1_302' title='bbox 989 3175 1108 3223; x_wconf 88' lang='lat' dir='ltr'><strong>omnes</strong></span> <span class='ocrx_word' id='word_1_303' title='bbox 1135 3173 1272 3222; x_wconf 88' lang='lat' dir='ltr'><strong>mensae</strong></span> 
     </span>
     <span class='ocr_line' id='line_1_34' title="bbox 42 3233 1273 3335; baseline 0.011 -41"><span class='ocrx_word' id='word_1_304' title='bbox 42 3233 246 3334; x_wconf 79' lang='lat' dir='ltr'><strong>relectionibus</strong></span> <span class='ocrx_word' id='word_1_305' title='bbox 271 3245 392 3314; x_wconf 88' lang='lat' dir='ltr'><strong>adesse</strong></span> <span class='ocrx_word' id='word_1_306' title='bbox 418 3245 606 3335; x_wconf 87' lang='lat' dir='ltr'><strong>praecepit;</strong></span> <span class='ocrx_word' id='word_1_307' title='bbox 633 3243 814 3330; x_wconf 88' lang='lat' dir='ltr'><strong>omnisque</strong></span> <span class='ocrx_word' id='word_1_308' title='bbox 830 3243 961 3322; x_wconf 88' lang='lat' dir='ltr'><strong>civitas,</strong></span> <span class='ocrx_word' id='word_1_309' title='bbox 983 3241 1063 3310; x_wconf 85' lang='lat' dir='ltr'><strong>visis</strong></span> <span class='ocrx_word' id='word_1_310' title='bbox 1090 3241 1142 3309; x_wconf 90' lang='lat' dir='ltr'><strong>his</strong></span> <span class='ocrx_word' id='word_1_311' title='bbox 1169 3241 1273 3309; x_wconf 88' lang='lat' dir='ltr'><strong>mira-</strong></span> 
     </span>
     <span class='ocr_line' id='line_1_35' title="bbox 42 3322 1273 3423; baseline 0.007 -36"><span class='ocrx_word' id='word_1_312' title='bbox 42 3322 115 3406; x_wconf 70' lang='lat' dir='ltr'><strong>cutis,</strong></span> <span class='ocrx_word' id='word_1_313' title='bbox 133 3329 328 3404; x_wconf 86' lang='lat' dir='ltr'><strong>laetabatur.</strong></span> <span class='ocrx_word' id='word_1_314' title='bbox 346 3333 557 3423; x_wconf 82' lang='lat' dir='ltr'><strong>Porphyrius</strong></span> <span class='ocrx_word' id='word_1_315' title='bbox 581 3355 659 3401; x_wconf 90' lang='lat' dir='ltr'><strong>vero</strong></span> <span class='ocrx_word' id='word_1_316' title='bbox 683 3332 836 3418; x_wconf 90' lang='lat' dir='ltr'><strong>sequenti</strong></span> <span class='ocrx_word' id='word_1_317' title='bbox 861 3331 915 3400; x_wconf 91' lang='lat' dir='ltr'><strong>die</strong></span> <span class='ocrx_word' id='word_1_318' title='bbox 936 3329 1091 3419; x_wconf 86' lang='lat' dir='ltr'><strong>gaudens</strong></span> <span class='ocrx_word' id='word_1_319' title='bbox 1116 3341 1149 3397; x_wconf 87' lang='lat' dir='ltr'><strong>et</strong></span> <span class='ocrx_word' id='word_1_320' title='bbox 1176 3328 1273 3397; x_wconf 88' lang='lat' dir='ltr'><strong>exul-</strong></span> 
     </span>
     <span class='ocr_line' id='line_1_36' title="bbox 44 3416 1273 3508; baseline 0.01 -34"><span class='ocrx_word' id='word_1_321' title='bbox 44 3416 96 3480; x_wconf 86' lang='lat' dir='ltr'><strong>tans</strong></span> <span class='ocrx_word' id='word_1_322' title='bbox 114 3417 260 3508; x_wconf 84' lang='lat' dir='ltr'><strong>migraeit</strong></span> <span class='ocrx_word' id='word_1_323' title='bbox 284 3421 328 3491; x_wconf 89' lang='lat' dir='ltr'><strong>ad</strong></span> <span class='ocrx_word' id='word_1_324' title='bbox 355 3421 549 3491; x_wconf 92' lang='lat' dir='ltr'><strong>Dominum.</strong></span> <span class='ocrx_word' id='word_1_325' title='bbox 572 3421 637 3503; x_wconf 84' lang='lat' dir='ltr'><strong>oui</strong></span> <span class='ocrx_word' id='word_1_326' title='bbox 660 3433 773 3490; x_wconf 91' lang='lat' dir='ltr'><strong>autem</strong></span> <span class='ocrx_word' id='word_1_327' title='bbox 799 3441 878 3490; x_wconf 90' lang='lat' dir='ltr'><strong>cum</strong></span> <span class='ocrx_word' id='word_1_328' title='bbox 904 3441 943 3487; x_wconf 92' lang='lat' dir='ltr'><strong>eo</strong></span> <span class='ocrx_word' id='word_1_329' title='bbox 968 3417 1188 3498; x_wconf 88' lang='lat' dir='ltr'><strong>advenerant,</strong></span> <span class='ocrx_word' id='word_1_330' title='bbox 1205 3416 1273 3486; x_wconf 90' lang='lat' dir='ltr'><strong>lide</strong></span> 
     </span>
     <span class='ocr_line' id='line_1_37' title="bbox 45 3505 1272 3654; baseline 0.002 -82"><span class='ocrx_word' id='word_1_331' title='bbox 45 3515 147 3654; x_wconf 63' lang='lat' dir='ltr'><strong>ttclepta</strong></span> <span class='ocrx_word' id='word_1_332' title='bbox 168 3509 208 3578; x_wconf 91' lang='lat' dir='ltr'><strong>ad</strong></span> <span class='ocrx_word' id='word_1_333' title='bbox 233 3533 298 3580; x_wconf 92' lang='lat' dir='ltr'><strong>sua</strong></span> <span class='ocrx_word' id='word_1_334' title='bbox 331 3509 527 3579; x_wconf 87' lang='lat' dir='ltr'><strong>habitacula</strong></span> <span class='ocrx_word' id='word_1_335' title='bbox 551 3520 632 3580; x_wconf 89' lang='lat' dir='ltr'><strong>sunt</strong></span> <span class='ocrx_word' id='word_1_336' title='bbox 661 3508 810 3588; x_wconf 87' lang='lat' dir='ltr'><strong>reversi,</strong></span> <span class='ocrx_word' id='word_1_337' title='bbox 840 3505 1124 3598; x_wconf 88' lang='lat' dir='ltr'><strong>parvipendentes</strong></span> <span class='ocrx_word' id='word_1_338' title='bbox 1162 3505 1272 3596; x_wconf 91' lang='lat' dir='ltr'><strong>impe-</strong></span> 
     </span>
     <span class='ocr_line' id='line_1_38' title="bbox 45 3603 233 3682; baseline 0.037 -23"><span class='ocrx_word' id='word_1_339' title='bbox 45 3603 115 3659; x_wconf 77' lang='lat' dir='ltr'><strong>nara</strong></span> <span class='ocrx_word' id='word_1_340' title='bbox 131 3615 233 3682; x_wconf 74' lang='lat' dir='ltr'><strong>jussa.</strong></span> 
     </span>
    </p>

    <p class='ocr_par' dir='ltr' id='par_1_3' title="bbox 46 3677 1361 4482">
     <span class='ocr_line' id='line_1_39' title="bbox 73 3677 1274 3778; baseline -0.007 -18"><span class='ocrx_word' id='word_1_341' title='bbox 73 3677 161 3760; x_wconf 66' lang='grc' dir='ltr'><strong>ΜΒ.</strong></span> <span class='ocrx_word' id='word_1_342' title='bbox 185 3685 431 3778; x_wconf 86' lang='lat' dir='ltr'><strong>Divulgabatur</strong></span> <span class='ocrx_word' id='word_1_343' title='bbox 454 3701 566 3756; x_wconf 89' lang='lat' dir='ltr'><strong>autem</strong></span> <span class='ocrx_word' id='word_1_344' title='bbox 593 3685 684 3754; x_wconf 89' lang='lat' dir='ltr'><strong>lama</strong></span> <span class='ocrx_word' id='word_1_345' title='bbox 710 3685 791 3754; x_wconf 91' lang='lat' dir='ltr'><strong>tanti</strong></span> <span class='ocrx_word' id='word_1_346' title='bbox 818 3684 990 3753; x_wconf 86' lang='lat' dir='ltr'><strong>Porttihcis</strong></span> <span class='ocrx_word' id='word_1_347' title='bbox 1016 3681 1115 3772; x_wconf 88' lang='lat' dir='ltr'><strong>longe</strong></span> <span class='ocrx_word' id='word_1_348' title='bbox 1140 3681 1274 3768; x_wconf 83' lang='lat' dir='ltr'><strong>lateque</strong></span> 
     </span>
     <span class='ocr_line' id='line_1_40' title="bbox 46 3772 1273 3871; baseline -0.002 -29"><span class='ocrx_word' id='word_1_349' title='bbox 46 3773 212 3863; x_wconf 68' lang='lat' dir='ltr'><strong>cernundi</strong></span> <span class='ocrx_word' id='word_1_350' title='bbox 236 3775 348 3865; x_wconf 87' lang='lat' dir='ltr'><strong>spatia</strong></span> <span class='ocrx_word' id='word_1_351' title='bbox 381 3786 412 3845; x_wconf 92' lang='lat' dir='ltr'><strong>et</strong></span> <span class='ocrx_word' id='word_1_352' title='bbox 435 3774 576 3843; x_wconf 83' lang='lat' dir='ltr'><strong>virtutes</strong></span> <span class='ocrx_word' id='word_1_353' title='bbox 603 3795 689 3860; x_wconf 92' lang='lat' dir='ltr'><strong>quas</strong></span> <span class='ocrx_word' id='word_1_354' title='bbox 727 3795 786 3864; x_wconf 88' lang='lat' dir='ltr'><strong>per</strong></span> <span class='ocrx_word' id='word_1_355' title='bbox 809 3795 887 3842; x_wconf 91' lang='lat' dir='ltr'><strong>eum</strong></span> <span class='ocrx_word' id='word_1_356' title='bbox 918 3772 1072 3841; x_wconf 82' lang='lat' dir='ltr'><strong>Christus</strong></span> <span class='ocrx_word' id='word_1_357' title='bbox 1108 3772 1273 3871; x_wconf 86' lang='lat' dir='ltr'><strong>Dominus</strong></span> 
     </span>
     <span class='ocr_line' id='line_1_41' title="bbox 48 3845 1361 3954; baseline 0.01 -39"><span class='ocrx_word' id='word_1_358' title='bbox 48 3845 175 3954; x_wconf 75' lang='lat' dir='ltr'><strong>liciebat:</strong></span> <span class='ocrx_word' id='word_1_359' title='bbox 206 3885 285 3932; x_wconf 90' lang='lat' dir='ltr'><strong>nam</strong></span> <span class='ocrx_word' id='word_1_360' title='bbox 312 3863 401 3934; x_wconf 91' lang='lat' dir='ltr'><strong>sicut</strong></span> <span class='ocrx_word' id='word_1_361' title='bbox 436 3862 527 3932; x_wconf 84' lang='lat' dir='ltr'><strong>illine</strong></span> <span class='ocrx_word' id='word_1_362' title='bbox 558 3862 712 3943; x_wconf 85' lang='lat' dir='ltr'><strong>Eliseus,</strong></span> <span class='ocrx_word' id='word_1_363' title='bbox 745 3863 791 3932; x_wconf 90' lang='lat' dir='ltr'><strong>ita</strong></span> <span class='ocrx_word' id='word_1_364' title='bbox 826 3861 879 3930; x_wconf 90' lang='lat' dir='ltr'><strong>hic</strong></span> <span class='ocrx_word' id='word_1_365' title='bbox 907 3859 1198 3948; x_wconf 85' lang='lat' dir='ltr'><strong>prudentissimus</strong></span> <span class='ocrx_word' id='word_1_366' title='bbox 1224 3860 1275 3928; x_wconf 82' lang='lat' dir='ltr'><strong>tir</strong></span> <span class='ocrx_word' id='word_1_367' title='bbox 1359 3865 1361 3870; x_wconf 81' lang='grc'>’</span> 
     </span>
     <span class='ocr_line' id='line_1_42' title="bbox 48 3945 1272 4042; baseline 0.004 -29"><span class='ocrx_word' id='word_1_368' title='bbox 48 3946 67 4002; x_wconf 70' lang='grc' dir='ltr'><strong>δ.</strong></span> <span class='ocrx_word' id='word_1_369' title='bbox 90 3945 152 4042; x_wconf 89' lang='lat' dir='ltr'><strong>Syri</strong></span> <span class='ocrx_word' id='word_1_370' title='bbox 180 3950 300 4021; x_wconf 89' lang='lat' dir='ltr'><strong>haeres</strong></span> <span class='ocrx_word' id='word_1_371' title='bbox 335 3952 498 4020; x_wconf 83' lang='lat' dir='ltr'><strong>virtutum</strong></span> <span class='ocrx_word' id='word_1_372' title='bbox 529 3951 684 4020; x_wconf 86' lang='lat' dir='ltr'><strong>extiterat</strong></span> <span class='ocrx_word' id='word_1_373' title='bbox 712 3973 751 4020; x_wconf 88' lang='lat' dir='ltr'><strong>ac</strong></span> <span class='ocrx_word' id='word_1_374' title='bbox 776 3947 1010 4039; x_wconf 90' lang='lat' dir='ltr'><strong>spiritualium</strong></span> <span class='ocrx_word' id='word_1_375' title='bbox 1037 3970 1214 4020; x_wconf 88' lang='lat' dir='ltr'><strong>successor</strong></span> <span class='ocrx_word' id='word_1_376' title='bbox 1238 3949 1272 4018; x_wconf 93' lang='lat' dir='ltr'><strong>in</strong></span> 
     </span>
     <span class='ocr_line' id='line_1_43' title="bbox 50 4033 1271 4128; baseline 0.007 -30"><span class='ocrx_word' id='word_1_377' title='bbox 50 4033 173 4126; x_wconf 79' lang='lat' dir='ltr'><strong>turibus</strong></span> <span class='ocrx_word' id='word_1_378' title='bbox 195 4042 397 4128; x_wconf 85' lang='lat' dir='ltr'><strong>gratiarum.</strong></span> <span class='ocrx_word' id='word_1_379' title='bbox 419 4040 563 4110; x_wconf 89' lang='lat' dir='ltr'><strong>Ordines</strong></span> <span class='ocrx_word' id='word_1_380' title='bbox 582 4051 695 4108; x_wconf 90' lang='lat' dir='ltr'><strong>autem</strong></span> <span class='ocrx_word' id='word_1_381' title='bbox 724 4037 1031 4108; x_wconf 71' lang='lat' dir='ltr'><strong>mediolanensium</strong></span> <span class='ocrx_word' id='word_1_382' title='bbox 1056 4037 1153 4108; x_wconf 88' lang='lat' dir='ltr'><strong>urbis</strong></span> <span class='ocrx_word' id='word_1_383' title='bbox 1171 4037 1271 4116; x_wconf 84' lang='lat' dir='ltr'><strong>Cleri,</strong></span> 
     </span>
     <span class='ocr_line' id='line_1_44' title="bbox 51 4123 1275 4216; baseline 0 -20"><span class='ocrx_word' id='word_1_384' title='bbox 51 4131 87 4196; x_wconf 81' lang='lat' dir='ltr'><strong>qn</strong></span> <span class='ocrx_word' id='word_1_385' title='bbox 106 4123 142 4192; x_wconf 85' lang='lat' dir='ltr'><strong>ab</strong></span> <span class='ocrx_word' id='word_1_386' title='bbox 162 4127 277 4196; x_wconf 91' lang='lat' dir='ltr'><strong>eodem</strong></span> <span class='ocrx_word' id='word_1_387' title='bbox 303 4127 437 4198; x_wconf 80' lang='lat' dir='ltr'><strong>fueraut</strong></span> <span class='ocrx_word' id='word_1_388' title='bbox 460 4128 648 4208; x_wconf 89' lang='lat' dir='ltr'><strong>constituti,</strong></span> <span class='ocrx_word' id='word_1_389' title='bbox 668 4127 878 4214; x_wconf 88' lang='lat' dir='ltr'><strong>quotidianis</strong></span> <span class='ocrx_word' id='word_1_390' title='bbox 901 4125 1054 4196; x_wconf 90' lang='lat' dir='ltr'><strong>e&#39;usdem</strong></span> <span class='ocrx_word' id='word_1_391' title='bbox 1083 4125 1275 4216; x_wconf 87' lang='lat' dir='ltr'><strong>augebatur</strong></span> 
     </span>
     <span class='ocr_line' id='line_1_45' title="bbox 53 4147 1273 4308; baseline 0.011 -36"><span class='ocrx_word' id='word_1_392' title='bbox 53 4202 301 4296; x_wconf 65' lang='lat' dir='ltr'><strong>exhortationibus</strong></span> <span class='ocrx_word' id='word_1_393' title='bbox 326 4216 359 4286; x_wconf 92' lang='lat' dir='ltr'><strong>in</strong></span> <span class='ocrx_word' id='word_1_394' title='bbox 377 4215 460 4286; x_wconf 88' lang='lat' dir='ltr'><strong>lidei</strong></span> <span class='ocrx_word' id='word_1_395' title='bbox 476 4213 721 4308; x_wconf 88' lang='lat' dir='ltr'><strong>religionisque</strong></span> <span class='ocrx_word' id='word_1_396' title='bbox 740 4217 861 4307; x_wconf 88' lang='lat' dir='ltr'><strong>gratia.</strong></span> <span class='ocrx_word' id='word_1_397' title='bbox 880 4147 929 4286; x_wconf 82' lang='lat' dir='ltr'><strong>td</strong></span> <span class='ocrx_word' id='word_1_398' title='bbox 943 4236 1030 4302; x_wconf 90' lang='lat' dir='ltr'><strong>quos</strong></span> <span class='ocrx_word' id='word_1_399' title='bbox 1047 4213 1136 4284; x_wconf 90' lang='lat' dir='ltr'><strong>idem</strong></span> <span class='ocrx_word' id='word_1_400' title='bbox 1154 4215 1273 4286; x_wconf 89' lang='lat' dir='ltr'><strong>beatus</strong></span> 
     </span>
     <span class='ocr_line' id='line_1_46' title="bbox 56 4301 1272 4390; baseline 0.003 -23"><span class='ocrx_word' id='word_1_401' title='bbox 56 4303 84 4384; x_wconf 76' lang='lat' dir='ltr'><strong>&#39;l</strong></span> <span class='ocrx_word' id='word_1_402' title='bbox 102 4317 152 4384; x_wconf 92' lang='lat' dir='ltr'><strong>pro</strong></span> <span class='ocrx_word' id='word_1_403' title='bbox 172 4324 286 4375; x_wconf 90' lang='lat' dir='ltr'><strong>eorum</strong></span> <span class='ocrx_word' id='word_1_404' title='bbox 308 4327 353 4384; x_wconf 40' lang='lat' dir='ltr'><strong>,ac</strong></span> <span class='ocrx_word' id='word_1_405' title='bbox 376 4304 530 4376; x_wconf 83' lang='lat' dir='ltr'><strong>fidelium</strong></span> <span class='ocrx_word' id='word_1_406' title='bbox 558 4305 731 4376; x_wconf 91' lang='lat' dir='ltr'><strong>mentibus</strong></span> <span class='ocrx_word' id='word_1_407' title='bbox 747 4304 1007 4385; x_wconf 86' lang='lat' dir='ltr'><strong>confirmandis,</strong></span> <span class='ocrx_word' id='word_1_408' title='bbox 1031 4303 1101 4374; x_wconf 90' lang='lat' dir='ltr'><strong>ibat</strong></span> <span class='ocrx_word' id='word_1_409' title='bbox 1117 4301 1272 4390; x_wconf 79' lang='lat' dir='ltr'><strong>frequen-</strong></span> 
     </span>
     <span class='ocr_line' id='line_1_47' title="bbox 57 4381 1270 4482; baseline -0.006 -18"><span class='ocrx_word' id='word_1_410' title='bbox 57 4381 115 4464; x_wconf 76' lang='lat' dir='ltr'><strong>llS,</strong></span> <span class='ocrx_word' id='word_1_411' title='bbox 137 4389 244 4480; x_wconf 88' lang='lat' dir='ltr'><strong>ibique</strong></span> <span class='ocrx_word' id='word_1_412' title='bbox 273 4393 462 4464; x_wconf 91' lang='lat' dir='ltr'><strong>multorum</strong></span> <span class='ocrx_word' id='word_1_413' title='bbox 495 4392 705 4464; x_wconf 87' lang='lat' dir='ltr'><strong>mirabilium</strong></span> <span class='ocrx_word' id='word_1_414' title='bbox 732 4394 871 4463; x_wconf 84' lang='lat' dir='ltr'><strong>virtutes</strong></span> <span class='ocrx_word' id='word_1_415' title='bbox 896 4414 1055 4482; x_wconf 86' lang='lat' dir='ltr'><strong>operans.</strong></span> <span class='ocrx_word' id='word_1_416' title='bbox 1083 4389 1124 4459; x_wconf 86' lang='lat' dir='ltr'><strong>ad</strong></span> <span class='ocrx_word' id='word_1_417' title='bbox 1152 4392 1270 4461; x_wconf 91' lang='lat' dir='ltr'><strong>urbem</strong></span> 
     </span>
    </p>
   </div>
   <div class='ocr_carea' id='block_1_3' title="bbox 0 0 1490 4826">
    <p class='ocr_par' dir='ltr' id='par_1_4' title="bbox 0 0 1490 4826">
     <span class='ocr_line' id='line_1_48' title="bbox 0 0 1490 4826; baseline 0 0"><span class='ocrx_word' id='word_1_418' title='bbox 0 0 1490 4826; x_wconf 95' lang='lat' dir='ltr'><strong> </strong></span> 
     </span>
    </p>
   </div>
  </div>
 </body>
</html>
