2934 4810
17 273 82 338 bun.
101 277 118 339 l
134 278 203 340 urb
379 290 644 340 naumouosrurr
668 292 882 340 rmusrurrun
956 223 965 242 ι
1127 269 1230 339 tuat*

17 375 92 450 tispue
111 375 256 438 miraculis
277 373 388 451 clarus,
410 375 488 453 apud
511 373 614 437 hostes
641 374 679 437 ab
694 375 751 436 hoc
764 375 831 437 diro
846 375 987 453 contagio
1002 375 1123 452 purgati
1142 375 1274 449 luerent,

17 454 85 514 stiam
100 455 206 516 meruit
224 454 377 516 honorari.
641 454 768 533 Legatos
791 455 826 516 ad
849 455 959 534 Papam
980 454 1155 517 Paschalem
1187 456 1276 516 mise·

43 530 74 606 ls,
88 532 255 596 utSucrates
268 533 398 606 tradita
412 533 579 596 Theodosio
589 531 614 593 ll
641 542 715 596 ruut
728 535 927 612 deprecantes
941 541 976 596 ut
990 533 1179 596 Bernardnm
1196 533 1276 595 illias

17 609 169 690 inperatore
195 614 311 755 legatus
331 614 368 676 ad
390 614 548 675 Persarum
567 629 615 675 re·
643 613 795 676 Ecclesiae
809 613 986 677 Antistitem
1008 614 1144 692 eligeret.
1168 612 1278 676 Conse-

17 703 76 766 yen,
103 691 216 770 lsdeger
238 707 297 767 em,
321 695 430 755 missus
455 693 539 767 luit,
561 693 614 770 qni
643 701 745 756 cratus
758 695 860 773 itaque
874 693 999 756 Parmae
1013 693 1187 773 Episcopus,
1208 691 1278 754 Ber·

17 773 615 851 >ammoniamvirnmsingularipietate
644 773 758 836 nardus
792 789 859 836 eam
892 773 1056 836 Ecclesiam
1090 773 1276 834 sanctissime

17 851 158 922 praeditum
184 868 250 916 esse
279 853 559 924 animaduerterat,
583 854 615 914 iu
643 851 884 915 administravit.
908 851 1102 916 Cumautem
1117 851 1278 915 finisvitaa

17 943 109 993 summo
128 932 242 994 honore
264 931 379 1006 habuit,
402 932 442 994 ita
457 937 493 994 ut
507 930 615 1010 religio
643 932 700 993 sibi
713 932 863 995 diuinitus
878 934 1031 995 revelatus
1045 932 1278 1011 appropinquas·

17 1005 151 1072 christiana
167 1027 219 1090 per
237 1015 336 1089 ipsum
359 1012 391 1074 in
408 1011 529 1074 Perside
549 1025 616 1090 pro·
644 1019 700 1085 set,
712 1027 803 1090 quem
818 1014 881 1074 suis
893 1013 1059 1086 monachis,
1071 1025 1146 1092 quos
1156 1011 1233 1090 apud
1247 1025 1279 1074 sc

17 1099 159 1166 auguratur,
173 1099 202 1153 et
215 1091 294 1169 llagi
308 1097 483 1154 metuerent
499 1107 538 1152 ne
553 1091 616 1154 tta-
647 1097 791 1170 perpetuo
805 1092 952 1155 retinebat
973 1099 1007 1154 nt
1020 1091 1172 1154 consuetis
1192 1090 1279 1153 Ordi-

17 1167 97 1255 uthae
117 1185 202 1234 suasu
226 1173 289 1248 ipse
310 1187 365 1232 rex
390 1170 481 1232 fldem
504 1169 615 1233 Christi
647 1172 692 1233 nis
719 1172 872 1234 exercitiis
899 1187 968 1234 cum
995 1172 1101 1233 iisdem
1137 1179 1277 1246 uacaret,

17 1257 146 1324 cuperet.
166 1249 295 1313 Plurimi
317 1251 509 1314 eumiecisse
534 1251 617 1314 ulde-
646 1250 860 1328 praedixerat,
882 1253 972 1313 sacris
999 1253 1163 1323 munitus,
1195 1252 1277 1312 inter

17 1339 50 1386 ,ur
73 1326 98 1388 S.
119 1329 246 1392 loannes
275 1328 524 1408 chrysostomus,
546 1345 614 1392 nam
647 1330 837 1408 psallentium
852 1346 970 1403 manns,
985 1332 1120 1393 animam
1135 1329 1196 1391 Deo
1211 1330 1278 1391 red·

20 1405 163 1482 uEpistola
185 1407 222 1471 tt
243 1410 279 1470 ad
303 1407 521 1488 Olympiadem,
545 1411 618 1474 haec
645 1410 736 1484 didit;
759 1415 791 1471 et
806 1413 838 1471 in
853 1409 977 1472 ecclesia
1002 1410 1188 1484 cathedrali,
1213 1424 1275 1470 uon

17 1483 38 1542 le
49 1487 142 1550 codam
163 1489 303 1568 scripsit:
333 1511 345 1543 u
359 1489 528 1552 llarutham
545 1489 615 1569 Epi·
644 1489 757 1568 absque
771 1489 873 1567 populi
885 1499 916 1550 et
930 1489 1013 1561 cleri,
1036 1490 1199 1551 viduarum
1216 1503 1278 1550 ma-

17 1577 124 1641 nepum,
139 1577 286 1647 quantum
301 1571 333 1629 in
350 1574 378 1629 te
393 1569 494 1640 luerit,
515 1579 617 1632 curate
646 1570 728 1631 xime
749 1575 781 1629 et
795 1584 974 1647 pauperum,
997 1569 1129 1646 planctu,
1144 1567 1279 1645 sepultus

17 1647 84 1719 itane
104 1649 242 1711 omnibus
269 1647 375 1709 officiis
396 1648 555 1728 complecti
579 1663 617 1710 ue
645 1657 700 1710 est.
717 1647 1144 1728 (exhortatoressuos).

17 1718 118 1799 lasiuas,
140 1735 291 1790 uteume
315 1727 458 1790 barathro
477 1727 618 1790 extrahas
818 1795 827 1808 ¹

17 1801 127 1875 ‘rosana
151 1807 283 1884 tortasse
309 1823 460 1869 carcarem
492 1807 556 1885 suit
584 1804 618 1868 ob
673 1833 760 1876 sonus

17 1887 291 1948 :metaumaucensis
313 1892 468 1966 cumipse
491 1888 617 1966 Chryso-

17 1965 110 2040 trumo),
137 1982 208 2030 narn
230 1969 295 2045 ejus
316 1967 408 2046 opert
429 1968 467 2030 eb
488 1967 619 2029 Persidis
686 1966 865 2029 Manrrnon.
884 2001 920 2012 -
935 1965 1061 2028 llutalae
1083 1965 1113 2027 iu
1130 1965 1279 2044 Cappado-

17 2044 112 2120 regotia
127 2059 310 2126 magnopere
330 2061 418 2124 egeo.
441 2045 541 2125 hique
555 2047 579 2109 si
602 2063 617 2108 a
647 2047 692 2107 cla
708 2048 803 2108 sancti
817 2045 940 2107 Saeuus
955 2045 1090 2117 Abbatis,
1106 2046 1157 2124 qui
1181 2044 1212 2106 iu
1227 2045 1279 2106 Pa·

17 2123 101 2184 cheri
126 2133 231 2202 potest,
254 2143 290 2187 ex
305 2141 342 2187 eo
357 2125 508 2202 intellige,
533 2125 620 2204 quid·
648 2124 774 2186 laestine
795 2125 875 2187 miro
890 2125 1057 2187 sanctitatis
1071 2125 1212 2202 exemplo
1234 2142 1282 2187 re·

17 2213 67 2260 iarn
93 2203 150 2266 illic
178 2207 274 2284 ipsius
296 2205 397 2267 studio
417 2213 508 2284 atqua
530 2207 621 2283 opera
648 2205 730 2266 fulsit
753 2211 785 2266 et
800 2221 852 2282 pru
875 2204 935 2266 tide
958 2202 1109 2266 Catholica
1136 2207 1282 2268 aduersus

17 2281 156 2366 perlectum
170 2287 226 2359 sit;
248 2292 280 2346 et
294 2300 349 2346 cur
374 2285 451 2347 istuc
472 2285 620 2364 proiectus
649 2283 868 2361 impugnantes
878 2290 1010 2346 sanctam
1027 2283 1182 2361 Synodum
1195 2282 1283 2346 Chal·

17 2365 52 2429 ll,
65 2359 101 2423 lac
114 2366 224 2441 sciam;
247 2371 280 2428 et
293 2379 368 2426 num
383 2365 410 2425 ei
423 2367 495 2426 duas
509 2367 619 2444 episto·
649 2365 848 2426 sedunensem
869 2371 992 2424 strenue
1013 2361 1170 2426 laboravit.
1193 2362 1282 2438 (Vide

20 2451 53 2510 ³³,
66 2457 131 2520 quas
142 2445 177 2507 ad
193 2459 266 2506 eum
281 2445 362 2518 misi,
377 2444 557 2518 reddideris,
577 2445 621 2507 lac
649 2442 789 2513 Surium,
805 2459 874 2522 pag.
899 2442 979 2518 ΗΞ).

17 2531 51 2576 ne
72 2523 156 2586 velim
180 2525 359 2586 certiorem.
376 2549 388 2578 e
415 2521 446 2584 S.
469 2522 622 2586 hlarnthas

17 2611 60 2658 am
80 2617 93 2662 a
114 2602 256 2678 Graecis,
284 2618 375 2681 qnam
397 2617 412 2665 a
435 2601 551 2664 Latinis
572 2619 620 2665 co·
778 2610 807 2672 S.
824 2607 1151 2684 CRISPlNhllaarrn.

20 2675 79 2738 nli·
652 2716 799 2794 Martyrii
816 2715 950 2795 palorum
971 2713 1100 2777 obtinuit
1118 2732 1198 2778 carco
1213 2713 1281 2778 sut.

17 2839 32 2902 Ξ.
48 2843 269 2912 nnnhnnuns
288 2849 342 2912 Ea.
360 2865 396 2910 sa
421 2848 622 2911 Caunruaurs.
691 2841 871 2980 Maurgnou.
897 2874 934 2885 -
959 2839 1107 2982 Thgbleste
1129 2841 1160 2902 iu
1181 2841 1283 2981 lma

652 2929 772 2983 sauctae
807 2935 949 2982 ursrrnan
965 2935 1004 2980 no
1028 2921 1170 2982 lissimae
1194 2920 1286 2981 oemi-

108 2955 253 3018 Mmm
267 2953 522 3016 ⁶⁸⁶⁰”n⁰¹¹33''
654 3017 723 3074 nae,
744 3016 821 3078 quae
851 2997 1041 3075 temporibus
1061 2999 1235 3061 Diocletiani
1257 3005 1287 3062 et

39 3071 216 3146 Esurruoc.
233 3079 412 3142 -Parmae
433 3079 527 3140 sancti
547 3077 624 3140 Esu-
653 3081 849 3149 Maximiani,
874 3093 945 3140 cum
971 3077 1141 3140 sacriticare
1170 3079 1285 3155 nollet,

17 3167 86 3216 tsuur
99 3155 265 3223 cardinalis
286 3164 316 3220 et
335 3157 471 3236 ejusdem
493 3159 626 3220 ciuitatis
651 3160 736 3238 jussu
765 3157 891 3220 heulini
918 3157 1107 3220 Proconsulis
1140 3157 1285 3220 decollata

17 3229 150 3315 ipiscopi,
179 3237 436 3315 congregationis
464 3237 625 3300 vallisum·
653 3245 716 3302 est:
739 3253 829 3317 qnam
850 3243 969 3299 sanctus
990 3235 1180 3314 augustiuus
1199 3252 1287 3315 saepe

17 3327 99 3376 >rusae
112 3315 236 3381 Ordinis
248 3318 343 3380 sancti
357 3315 524 3379 Benedicti.
654 3317 793 3381 laudibus
807 3317 950 3380 celebrat.

36 3391 237 3481 bernarduse
262 3397 356 3460 nobili
379 3397 564 3460 Ubertorum
585 3396 626 3458 la·
695 3395 864 3475 crispinam
880 3398 960 3458 inter
976 3396 1288 3474 hirlcanasllartyres

17 3473 90 3548 nulia,
118 3476 301 3551 Florentiae,
323 3481 488 3538 natusest.
511 3474 626 3539 Calanta
655 3477 887 3539 celeberrimam
913 3476 1007 3538 luisse
1028 3482 1153 3538 testatur
1167 3475 1198 3539 S.
1222 3475 1287 3537 hu·

17 3555 104 3616 asculi
119 3556 292 3630 nobilitate,
311 3558 408 3619 uitam
429 3555 628 3619 monasticam
656 3557 801 3634 gostinus
822 3556 915 3619 uariis
936 3556 969 3617 in
990 3555 1073 3632 locis,
1089 3558 1184 3636 ipsam
1205 3569 1287 3618 sum·

19 3643 37 3689 n
61 3632 323 3698 lallisUmbrusae
344 3635 489 3698 coenobio
516 3634 628 3714 ample·
656 3637 715 3698 mis
742 3635 883 3699 laudibus
902 3635 1061 3710 extollens,
1085 3637 1234 3698 nimirum
1256 3635 1289 3696 in

17 3723 77 3782 ms,
101 3717 307 3778 sanctissimae
334 3716 415 3777 vitae
441 3714 628 3794 singularem
658 3716 703 3779 Ps.
729 3713 785 3778 rab
804 3722 833 3778 et
855 3717 885 3777 in
908 3716 955 3777 Ps.
974 3715 1052 3790 1373
1076 3717 1106 3778 in
1129 3715 1226 3778 Serm.
1250 3711 1289 3774 53

17 3786 163 3880 luctuiuam
179 3793 327 3871 adiunxit.
343 3793 499 3858 Generalis
514 3795 560 3856 sul
576 3792 629 3857 Or·
657 3795 692 3858 de
705 3793 803 3859 cauta
818 3796 957 3869 Domlur';
979 3796 1010 3855 iu
1032 3793 1123 3858 Libro
1143 3795 1177 3857 dc
1196 3793 1292 3875 Virgi-

16 3867 78 3930 huae
98 3889 229 3936 munere
250 3874 338 3951 iungi
360 3877 484 3937 meruit.
507 3873 554 3937 hb
574 3873 630 3936 Ur·
657 3876 716 3938 nit.
725 3902 737 3950 ,·
752 3884 782 3937 et
796 3875 880 3937 alibi.
897 3873 1074 3948 lnPs.120,
1091 3876 1174 3948 haec,
1190 3875 1293 3936 exem·

17 3961 77 4010 canu
97 3951 147 4030 Pp.
165 3951 201 4026 ll,
224 3955 275 4032 qui
300 3969 372 4016 eum
393 3956 519 4016 maximi
542 3954 630 4016 lacie-
658 3955 700 4035 pli
729 3954 845 4033 gratia,
879 3953 1051 4016 habentur:
1078 3955 1294 4017 «saeviebant

17 4036 62 4100 rat,
76 4029 235 4112 Presbyter
248 4031 416 4096 cardinalis
438 4033 520 4096 tituli
535 4037 630 4096 sancti
661 4042 870 4114 persecutores
884 4033 916 4096 in
930 4031 1111 4111 Crispinum,
1135 4035 1220 4112 cujus
1240 4033 1294 4095 ho·

17 4101 185 4195 Zhrysogoui
215 4112 274 4175 luit
298 4113 507 4176 renunciatus.
535 4111 631 4174 Simo·
658 4114 709 4176 die
732 4113 867 4176 natalitia
892 4113 1095 4188 celebramns;
1118 4113 1294 4176 saeviebant

17 4191 632 4272 uacaeluls,quaetunctemporisubique
661 4195 693 4254 in
716 4193 881 4254 foeminam
905 4193 1033 4254 diuitem
1056 4199 1087 4255 et
1110 4193 1292 4255 delicatam:

17 4269 205 4344 grassabatur,
227 4273 392 4336 acerrimus
414 4274 471 4335 luit
493 4271 632 4350 profliga-
659 4273 713 4335 sed
734 4273 818 4334 lortis
842 4278 928 4344 erat,
950 4273 1018 4346 unia
1042 4271 1187 4332 Dominus
1208 4281 1295 4348 tegu-

17 4359 62 4408 ur.
83 4347 281 4425 Parmenses‚
304 4353 354 4430 qui
383 4351 521 4428 ejusdem
543 4353 634 4429 opera
662 4357 802 4414 mentum
814 4351 915 4429 ejus...
938 4350 1022 4412 Hanc
1043 4353 1137 4422 enim,
1160 4347 1293 4425 Fratres,

82 4473 244 4552 Martyral.
266 4473 380 4538 illustr.
