2994 4832
262 295 303 358 82
574 311 614 356 ua
639 311 666 356 s.
693 311 818 356 annona
842 309 988 357 sucurre.
1015 309 1125 358 conon.
1342 291 1414 355 nno.
1434 293 1448 354 l
1489 355 1490 358 ,

218 396 357 484 algoris,
384 394 466 480 dqm
491 391 614 472 inedia,
642 393 777 480 sitique,
797 415 902 482 super
926 395 1056 463 haecet
1082 394 1208 484 vigiliis
1222 405 1358 463 aestuat:
1381 414 1451 481 quae

217 497 339 554 cuncta
373 485 408 550 iu
433 503 472 550 eo
499 480 635 551 futurae
662 483 908 553 constructioni
941 481 1131 553 necessario
1171 483 1378 572 parabamur.
1401 479 1450 549 Sed
1489 481 1490 568 l

217 572 372 644 coelestis
400 577 507 650 Pater,
529 571 589 659 qui
614 593 700 658 quos
721 571 961 660 praedestinat,
988 572 1050 640 hos
1074 585 1107 640 et
1130 583 1248 641 vocat:
1282 569 1366 660 quod
1390 582 1453 636 ante

217 677 371 750 tempora
387 657 555 728 secularia
573 659 837 729 misericorditer
854 662 888 728 iu
906 666 1047 729 lunone
1063 660 1244 750 disposuit,
1259 661 1292 729 iu
1312 659 1373 727 frne
1387 669 1452 726 tem·

215 771 337 841 porum
364 747 627 818 immutabiliter
655 747 865 838 adimplevit.
900 753 945 818 De
976 749 1034 818 illo
1058 750 1188 838 quippe
1220 747 1363 818 veridica
1392 766 1455 814 voce
1489 749 1490 828 l

215 838 363 907 dicitur:
395 843 466 907 lllon
492 847 539 906 est
571 839 748 927 snpientia,
771 861 836 910 non
860 848 908 906 ast
929 839 1122 928 prodentia,
1150 861 1213 906 non
1233 847 1280 906 est
1305 837 1455 905 cornillan
1489 831 1490 904 l

217 937 332 996 contro
355 927 530 996 Dominum
553 925 672 1014 (Pron.
703 926 785 1014 xm).
820 927 1010 1013 Eo⁸itaque
1042 927 1257 1015 adspirante.
1287 923 1456 994 avunculus

216 1014 359 1106 praefati
377 1014 486 1103 pueri,
506 1013 791 1103 Babinbergensis
809 1015 977 1084 Ecclesiae
1001 1017 1202 1096 canonicus,
1224 1015 1377 1104 patriam,
1398 1033 1457 1100 pro·

216 1106 365 1194 pinques
389 1116 421 1171 et
446 1113 541 1171 notos
565 1104 711 1172 invisere
731 1103 881 1183 veniens,
904 1104 964 1173 ubi
989 1105 1149 1173 conscius
1174 1125 1247 1173 esse
1271 1102 1377 1191 coepit
1393 1121 1458 1189 erga

214 1197 390 1262 lunonem
413 1189 590 1260 deliberati
615 1193 720 1282 patris
736 1191 884 1274 consilii,
905 1194 1062 1282 protinus
1080 1191 1237 1272 indoluit,
1254 1214 1294 1260 ae
1321 1212 1354 1258 re
1367 1189 1458 1257 ferens

215 1293 283 1351 tarn
306 1281 462 1368 egregiae
487 1278 612 1350 indolis
637 1280 815 1349 infantiam
843 1279 1029 1350 mundanis
1050 1282 1212 1370 primitus
1228 1214 1457 1349 coubciendanr

216 1372 373 1461 negotiis
393 1391 432 1436 ac
453 1389 519 1438 non
547 1371 671 1457 potius,
698 1368 787 1460 quod
812 1367 966 1438 futurum
995 1382 1066 1438 erat
1089 1369 1133 1438 ob
1158 1369 1346 1438 multorum
1371 1363 1460 1458 profe-

213 1473 320 1539 ctum,
347 1457 592 1528 Ecclesiasticis
617 1457 869 1526 informandam
899 1457 1106 1548 disciplinis.
1127 1457 1343 1546 Quapropter
1366 1453 1460 1543 explo-

213 1561 286 1617 rata
310 1545 574 1637 opportunitate,
597 1546 760 1616 secretius
779 1547 985 1615 couveniens
1009 1567 1168 1636 puerum,
1188 1559 1220 1616 et
1240 1546 1367 1616 blande
1388 1553 1462 1612 conr-

214 1636 364 1725 plexaus,
383 1636 432 1704 sic
448 1635 644 1722 interrogat:
662 1659 679 1702 tt
695 1635 827 1717 Quibus
845 1633 979 1715 studiis,
994 1636 1163 1722 quibusve
1178 1631 1459 1724 occupationibus.

212 1728 307 1794 luno
332 1724 394 1804 fili,
417 1723 589 1792 inservis?
616 1747 632 1790 v
658 1729 703 1792 Eo
727 1722 875 1793 dulciter
897 1736 929 1792 et
949 1725 1149 1792 innocenter
1171 1723 1359 1802 arridente,
1376 1741 1465 1790 avun·
1489 1751 1490 1796 t

212 1813 315 1883 culus
338 1833 496 1882 sermone
520 1811 652 1881 tantillo
677 1813 759 1881 satis
783 1834 937 1901 congruo
959 1811 1115 1901 puerulo,
1135 1811 1176 1880 de
1200 1812 1360 1882 coelestis
1386 1805 1465 1897 regui
1489 1797 1490 1824 ¹

212 1901 344 2002 glorio,
375 1901 425 1970 vel
451 1902 570 1990 poeuis
594 1901 795 1982 inferorum,
824 1900 970 1970 breviter
1002 1901 1201 1990 praemisso,
1229 1901 1464 1994 subsequenter

211 1990 340 2061 mtulit:
363 1989 554 2060 «Placetne
581 1991 640 2059 tibi
661 1989 806 2059 servitus
829 1989 1085 2078 omnipotentis,
1104 2001 1136 2059 et
1152 1989 1328 2060 clericalis
1351 1988 1465 2058 ordinis
1489 1999 1490 2084 l

211 2079 395 2169 disciplina
421 2078 470 2147 vel
497 2077 692 2148 habituslv
713 2078 807 2161 Quod
834 2100 912 2147 cum
940 2077 996 2146 ille
1017 2078 1161 2148 libenter
1176 2089 1361 2159 annueret,
1378 2095 1466 2146 avun·
1489 2099 1490 2144 t

211 2167 312 2239 culus
327 2191 364 2238 ex
379 2168 570 2237 abundanti
591 2166 716 2236 laetitia
736 2167 924 2258 gratiarum
951 2181 1025 2235 vota
1050 2167 1151 2236 corde
1174 2179 1206 2236 et
1228 2188 1289 2236 ore
1313 2172 1382 2236 Deo
1408 2185 1467 2253 per·
1489 2163 1490 2244 l

211 2256 357 2339 solvens,
384 2257 434 2326 sic
459 2255 597 2325 demum
623 2277 808 2325 conversus
831 2254 871 2324 ad
898 2274 991 2337 eum,
1018 2256 1128 2325 citt«
1160 2261 1206 2323 Eu
1234 2277 1301 2344 ego
1330 2245 1490 2345 proxima}

210 2344 287 2414 luce
311 2341 522 2424 recessurus,
550 2344 770 2434 professionis
793 2356 825 2412 et
849 2342 981 2413 ordinis
1006 2344 1072 2413 mei
1096 2343 1223 2423 locum,
1246 2349 1317 2415 [leo
1345 2339 1490 2434 prospe-l

210 2447 318 2512 rante,
344 2448 561 2521 quantocyus
583 2434 696 2502 adibo:
724 2447 761 2502 tu
780 2454 869 2514 vero,
889 2431 950 2515 frli,
978 2431 1175 2502 domesticis
1199 2433 1350 2522 abjectis
1375 2433 1490 2520 impe-t

209 2521 384 2602 dimeutls,
415 2521 502 2590 clam
530 2533 623 2610 patre
649 2535 706 2591 tuo
731 2520 929 2602 discedens,
957 2521 992 2590 iu
1019 2521 1139 2590 itinere
1163 2543 1217 2590 me
1242 2525 1490 2604 transeunteml

208 2609 427 2699 praestolare,
446 2609 510 2678 hoc
530 2623 660 2679 certum
682 2625 794 2679 mente
809 2609 951 2690 babens,
972 2631 1150 2696 nunquam
1178 2621 1208 2678 te
1232 2611 1277 2680 ab
1300 2610 1366 2681 illo
1390 2609 1470 2677 dese·

208 2699 366 2780 rendum,
394 2700 459 2769 sub
488 2699 587 2783 cujus
614 2700 831 2788 protectionis
857 2698 930 2768 alas
954 2719 1047 2767 nunc
1063 2697 1232 2786 confugis,
1248 2700 1490 2792 quoadusqueq

207 2787 242 2854 iu
271 2809 365 2876 speru
391 2799 423 2856 et
447 2787 590 2887 gloriam
615 2788 715 2856 totius
740 2787 876 2878 generis
902 2787 969 2867 tui,
993 2808 1060 2857 non
1084 2787 1184 2856 modo
1209 2789 1490 2876 temporalibusl

208 2874 265 2944 sed
288 2888 320 2944 et
336 2887 481 2944 aeternis
502 2877 535 2943 in
562 2875 657 2945 coelo
681 2875 871 2945 commodis
896 2888 928 2944 et
947 2875 1173 2965 dignitatibus
1199 2877 1443 2968 amplificeris.
1460 2873 1490 2950 »t

207 2962 294 3046 Quid
314 2963 437 3053 plural
453 2968 547 3032 Anno
573 2985 659 3053 puer
684 2985 749 3033 nou
760 2964 946 3120 (pueriliter
961 2964 1156 3054 aufugiens,
1175 2978 1214 3034 ut
1239 2966 1473 3054 praemonitus

206 3051 327 3133 fuerat,
347 3053 435 3122 iuter
458 3053 581 3122 fruteta
599 3051 741 3122 salicum
784 3052 906 3134 elituit,
927 3052 1036 3122 donec
1056 3075 1075 3122 a
1101 3066 1347 3142 praetereunte
1367 3047 1490 3138 furtirnl

206 3141 363 3211 sublatus
388 3142 570 3222 avunculo,
591 3143 623 3211 in
643 3141 759 3212 schola
775 3141 1117 3231 babinbergensium,
1133 3143 1191 3228 qui
1211 3155 1297 3212 tunc
1319 3141 1490 3233 temporisl

205 3229 290 3300 disci
320 3231 421 3315 linae,
440 3230 615 3320 religionis
632 3253 670 3301 ac
688 3231 792 3300 studii
816 3229 945 3300 fervore
969 3231 1103 3301 cunctis
1118 3230 1152 3298 in
1170 3235 1364 3302 Germania
1392 3250 1478 3323 prae·

203 3255 390 3476 gollebaut,
409 3320 585 3390 succiduis
608 3320 819 3409 temporibus
844 3341 1008 3408 magnum
1034 3319 1203 3389 Ecclesiae
1227 3319 1479 3391 documentum

217 3423 363 3488 uterus,
394 3409 435 3478 ad
466 3409 595 3480 litteras
630 3410 759 3498 positus
783 3421 845 3478 est.
872 3412 909 3476 lu
935 3429 1003 3495 qno
1027 3408 1141 3477 studio
1178 3429 1237 3498 per
1261 3410 1480 3479 incrementa

203 3507 410 3587 temporum,
436 3510 649 3568 accrescente
673 3496 778 3568 simul
804 3496 925 3565 ardore
948 3496 1116 3578 discendi,
1136 3519 1200 3586 ope
1224 3509 1257 3565 et
1286 3499 1411 3589 gratia
1434 3505 1490 3600 ool

203 3587 285 3656 mite
302 3586 397 3656 illius
413 3587 525 3655 intimi
541 3587 708 3676 magistri,
722 3587 764 3656 de
778 3607 846 3672 quo
859 3586 982 3654 veritas
996 3599 1147 3667 testatur,
1162 3586 1317 3674 Spiritus
1337 3589 1403 3658 ubi
1418 3585 1490 3668 vulq

203 3675 322 3762 spirat:
351 3675 518 3744 maximas
543 3675 773 3746 humanorum
792 3674 1053 3761 divinorumque
1077 3674 1296 3743 voluminum
1318 3678 1419 3748 acris
1435 3671 1490 3744 in!

202 3765 295 3851 genii
318 3764 518 3834 adolescens
536 3765 650 3834 bausit
669 3763 818 3846 divitias,
838 3763 931 3834 uude
948 3776 1064 3853 postea
1081 3785 1143 3834 suo
1161 3776 1322 3853 tempore
1340 3765 1482 3835 creditis

201 3851 267 3949 sibi
294 3853 429 3942 populis
453 3865 622 3923 eructaret
648 3875 733 3923 nova
757 3865 789 3921 et
812 3865 934 3922 vetera.
961 3852 1130 3940 Quicquid
1165 3852 1207 3922 ad
1238 3854 1490 3926 exercendum

182 3941 394 4028 eugenium,
411 3940 575 4029 quicquid
600 3942 642 4011 ad
670 3941 901 4010 nobilitandos
927 3962 1037 4011 mores
1060 3954 1268 4030 competens,
1288 3956 1328 4012 et
1350 3946 1486 4034 jucun-

199 4027 283 4098 dum
309 4029 452 4098 auribus
477 4030 525 4100 vel
547 4030 656 4100 oculis
681 4051 754 4102 sese
774 4030 945 4109 offerebat,
965 4030 1075 4100 statim
1106 4043 1144 4098 ut
1168 4031 1244 4118 apis
1268 4031 1487 4130 prudentis-

199 4115 286 4186 sima
308 4118 483 4208 ingeniose
502 4119 724 4207 perlustrans,
743 4119 874 4189 alveolo
889 4119 1003 4188 cordis
1021 4118 1148 4200 intulit,
1167 4132 1200 4189 et
1223 4139 1299 4188 suts
1317 4121 1487 4208 quaudo·

198 4225 265 4290 quo
288 4208 394 4274 armis
418 4207 551 4276 Goliath
581 4207 862 4278 infandissimum
883 4207 1123 4297 jugulaturus
1147 4208 1225 4308 jugi
1247 4209 1490 4296 meditatione

198 4303 363 4361 torrentes
378 4290 591 4378 eloquentiae
605 4295 781 4378 secularis,
801 4297 898 4382 quasi
915 4317 975 4386 per
992 4309 1150 4366 naturam
1177 4309 1281 4368 victor
1304 4299 1490 4374 obtinuit}

243 4383 260 4465 ξ
295 4385 337 4450 2.
374 4381 434 4448 His
466 4395 498 4452 et
533 4383 734 4471 hujusmodi
771 4383 979 4474 profectibus
1014 4385 1049 4452 iu
1085 4385 1193 4455 altum
1227 4383 1326 4458 velut
1355 4389 1490 4458 cedrus}
