2932 4812
230 321 294 386 612
503 336 542 384 oa
566 335 593 382 s.
622 335 796 384 sviviisriio
821 335 901 382 rara
925 334 963 382 iir
987 333 1136 382 coxrxss.
1295 311 1366 378 bit.
1385 311 1410 374 tt

185 445 264 493 cum
291 421 471 491 indixisset
497 421 661 490 omnibus
682 420 870 500 silentium,
898 430 930 489 et
954 418 1107 489 sedasset
1133 417 1333 494 tumultum,
1357 413 1415 481 dicit

184 511 344 582 ludaeis:
373 515 483 580 «Non
505 520 587 579 sunt
610 509 713 579 verba
737 521 866 578 vestrae
893 509 1113 599 Scripturas:
1141 512 1213 598 Epo
1241 505 1377 603 occidam.
1397 513 1416 569 et

184 603 296 670 oivcre
319 601 446 689 sociam
469 598 581 686 (Desit.
607 598 720 686 xxiii),
740 610 778 668 ut
798 598 831 666 in
853 619 923 684 qua
947 598 990 668 sit
1008 602 1097 667 Deus
1113 596 1325 684 omnipotens
1341 605 1415 659 intio-

185 691 311 760 ductus
329 689 391 758 hoc
415 687 583 755 diceret»
602 687 655 755 llli
680 699 808 767 autem,
836 686 919 755 haec
939 687 987 755 ita
1011 707 1046 754 se
1059 685 1200 766 habere,
1220 682 1342 754 assensi
1355 693 1416 750 snit.

187 801 205 845 tt
228 779 262 848 Si
296 799 388 866 ergo,
415 774 501 845 dixit
531 775 719 865 sylvester,
752 797 792 844 eii
816 780 882 844 Deo
903 798 922 844 a
947 776 1089 845 Zambre
1119 771 1306 864 perfectum
1334 770 1418 840 loitit

187 877 386 943 moreretur,
416 885 475 952 per
493 863 648 954 ejusdem
667 886 788 934 rursus
807 864 1056 934 invocationem
1083 863 1151 944 fiet,
1175 876 1213 932 ut
1239 863 1308 952 ipse
1322 877 1418 947 quoqu

188 955 378 1026 reviviscat.
405 959 462 1022 Est
485 954 576 1022 enim
612 953 788 1023 beneficus
815 957 924 1033 Deus,
953 973 1019 1022 non
1059 951 1251 1023 maleficus.
1292 947 1416 1020 llludrst

185 1046 276 1114 enim
302 1044 333 1112 ei
359 1046 493 1124 natura,
517 1043 580 1112 hoc
599 1064 676 1112 vero
690 1055 822 1132 praeter
843 1055 1015 1111 naturam.
1035 1046 1073 1110 Et
1098 1040 1300 1111 benefacere
1319 1035 1415 1135 quiden

184 1145 236 1203 est
252 1133 282 1200 ei
295 1131 542 1211 voluntai·ium;
559 1130 759 1200 malefacere
774 1144 902 1210 autem,
924 1130 1111 1199 violentum
1130 1143 1163 1199 et
1177 1129 1415 1200 involuntarium.

187 1223 238 1290 Fit
261 1233 374 1290 autem
402 1241 654 1306 nonnunquam
682 1232 821 1310 propter
845 1218 1042 1306 aliquorum
1070 1219 1270 1289 utilitatem.
1304 1217 1334 1285 Si
1354 1233 1418 1308 erpi.

185 1309 277 1396 quod
295 1322 346 1379 est
371 1322 502 1399 praeter
526 1320 698 1388 naturam,
726 1321 758 1377 et
777 1309 908 1397 quoda
937 1314 1001 1377 Deo
1027 1329 1094 1378 non
1120 1329 1185 1377 sua
1210 1319 1329 1396 sponte
1348 1323 1421 1400 suso·

186 1399 291 1489 pitur,
311 1413 380 1467 tam
401 1398 499 1466 facile
525 1397 711 1487 perfectum
742 1411 830 1467 esta
854 1397 1015 1478 zambre,
1049 1396 1188 1466 facilius
1216 1395 1370 1466 efficietur
1386 1389 1419 1483 il

185 1487 278 1575 quod
303 1499 353 1556 est
376 1487 407 1554 ei
425 1486 616 1558 secundum
641 1498 814 1568 naturam,
841 1498 872 1555 et
896 1486 1072 1556 decaetero
1096 1507 1199 1574 quem
1230 1485 1359 1554 nominc
1378 1483 1419 1548 th.

185 1588 224 1647 ut
256 1577 330 1665 ipse
357 1575 451 1657 dicit,
478 1575 603 1644 occidit
622 1586 773 1656 taurum,
805 1575 834 1644 si
856 1596 977 1654 rursus
1003 1574 1227 1644 vivificaverit
1255 1571 1421 1642 invocationi

185 1665 447 1754 omnipotentis,
477 1686 530 1732 me
549 1684 686 1752 quoque
709 1664 850 1734 habebit
866 1665 942 1751 ejus
960 1663 1073 1734 verbis
1097 1665 1377 1733 assentienteml

230 1756 248 1840 ξ
272 1755 350 1826 85.
377 1753 438 1823 llis
459 1755 508 1822 sic
524 1752 655 1822 dictisa
674 1752 730 1821 nei
749 1753 944 1843 interprete,
968 1753 1148 1822 Zambres:
1177 1775 1195 1819 a
1216 1751 1365 1840 Strophis
1379 1767 1420 1812 rcr-

186 1843 323 1919 borum,
352 1843 475 1931 inquit,
496 1842 601 1910 fretus
623 1840 802 1930 sylvester,
831 1863 851 1912 o
872 1848 1073 1931 Imperator,
1094 1863 1155 1931 per
1172 1863 1211 1911 ea
1240 1839 1311 1912 vult
1340 1837 1420 1908 adin·

186 1931 286 2001 brare
311 1931 357 2012 id,
377 1931 467 2018 quod
495 1931 595 2000 modo
620 1929 746 2000 factum
772 1942 823 2000 est
848 1931 1077 2010 miraculum,
1102 1931 1158 2000 bei
1185 1931 1336 2000 nominis
1363 1928 1421 1994 iiii·

186 2021 331 2090 catione.
360 2020 423 2088 Sed
455 2041 522 2088 non
558 2041 647 2108 opus
674 2030 725 2088 est
749 2040 842 2088 nunc
868 2020 1000 2100 verbis,
1038 2039 1101 2088 nec
1125 2040 1248 2090 eorum
1281 2029 1385 2088 ornatu
1401 2030 1421 2076 a·

187 2109 449 2196 probabilitate:
477 2108 575 2176 factis
599 2119 713 2178 autem
739 2129 826 2198 opus
850 2123 913 2178 est.
943 2114 981 2178 Et
1006 2109 1034 2178 si
1058 2121 1197 2194 quaest
1226 2109 1289 2180 tibi
1306 2111 1422 2176 virtuso

186 2199 364 2287 Episcope,
383 2210 415 2266 et
433 2202 527 2277 lesu,
554 2197 614 2283 qui
639 2219 659 2264 a
684 2211 715 2265 te
738 2197 874 2276 colitur,
901 2219 977 2266 eain
1009 2195 1107 2266 factis
1125 2197 1284 2266 ostende.
1300 2222 1317 2264 ii
1333 2192 1423 2254 -tlt

187 2287 249 2367 vis,
278 2287 389 2373 inquit
413 2285 471 2354 ille
494 2285 740 2364 beatissimus,
767 2285 946 2356 ostendam
975 2285 1098 2355 Christi
1124 2286 1302 2362 virtutem,
1330 2287 1425 2354 tirna-

186 2377 277 2445 tione
301 2376 376 2461 ejus
405 2375 524 2442 bovem
551 2374 739 2454 vivificans,
772 2396 875 2461 quem
912 2389 948 2444 tu
974 2374 1230 2444 interfecistil»
1256 2395 1332 2441 -a
1354 2367 1425 2438 teila

186 2477 267 2534 siint
285 2465 379 2544 haec,
406 2485 425 2532 o
451 2461 641 2550 sylvester,
673 2463 786 2549 inquit
816 2465 987 2546 ZambreS,
1017 2475 1049 2532 et
1073 2465 1189 2535 inanis
1221 2464 1360 2534 'actatin
1379 2461 1423 2526 lto

187 2565 296 2644 potest
311 2553 402 2622 enim
430 2551 515 2630 fieri,
543 2565 580 2621 ut
596 2565 717 2622 taurus
741 2552 942 2623 vivificetur.
965 2576 982 2618 a
1004 2553 1039 2620 lli
1061 2565 1175 2622 autem
1206 2487 1293 2624 dicit
1318 2563 1424 2640 magnos

187 2642 453 2712 Constantinus:
478 2662 494 2705 a
517 2640 550 2708 si
567 2661 648 2729 crgo
666 2641 756 2727 quod
779 2652 816 2711 tu
829 2641 918 2710 dicis
935 2642 1008 2710 lieri
1024 2663 1092 2710 non
1119 2663 1232 2731 posse,
1252 2641 1355 2732 possit
1373 2641 1425 2724 Epi·

186 2753 313 2820 scopus
339 2730 381 2798 ad
407 2751 495 2819 opus
519 2729 710 2810 deducere,
737 2731 858 2820 ejusne
888 2731 999 2800 verbis
1032 2731 1253 2812 assentieris,
1291 2744 1325 2800 et
1354 2733 1425 2822 batti

185 2841 260 2889 esse
284 2819 501 2889 confiteberis
517 2839 608 2897 eum,
636 2819 696 2904 qui
717 2819 760 2888 ab
788 2820 862 2909 ipso
886 2819 1130 2909 praedicatur?
1147 2843 1165 2885 ii
1180 2859 1226 2870 -
1243 2843 1260 2885 n
1277 2825 1376 2890 Certe.
1393 2831 1427 2880 ii·

180 2909 271 2994 quit,
298 2929 317 2976 o
339 2913 538 2996 Imperator,
561 2907 643 2996 juro
668 2928 728 2996 per
751 2908 910 2990 salutem,
940 2909 969 2978 si
995 2908 1111 3003 videro
1135 2909 1229 2978 hunc
1257 2920 1427 2980 taumiac-

186 3017 339 3084 surgere,
367 2997 440 3152 ipse
463 3017 600 3084 quoque
624 2995 797 3066 Christum
818 2997 948 3067 fatebor
975 3002 1092 3078 Deum,
1117 3007 1150 3066 et
1179 3019 1233 3066 me
1264 2997 1426 3068 submittant

187 3085 349 3174 sylvestri
398 3086 537 3175 ogmati.
559 3108 577 3152 i>
595 3089 665 3154 lloc
690 3105 810 3156 omnes
827 3107 965 3175 quoque
980 3085 1200 3156 affirmarunt
1218 3086 1348 3157 ludaei.
1362 3087 1426 3150 funt

186 3195 267 3264 ergo
293 3178 460 3255 Sanctus,
486 3195 565 3244 cum
592 3195 684 3262 genu
708 3175 871 3258 flexisset,
898 3189 931 3244 et
956 3175 1028 3245 solo
1052 3189 1157 3266 caput
1194 3175 1389 3248 demisisset,
1409 3173 1427 3231 fl

184 3261 304 3333 oculos
325 3263 500 3352 irrigasset
524 3265 675 3333 fluxione
698 3263 889 3334 calidarum
923 3264 1182 3353 lacrymarum,
1210 3269 1316 3334 Deum
1342 3273 1427 3352 pet-5¹?

186 3353 305 3422 oravit.
331 3353 456 3421 Deinde
476 3373 634 3442 surgens,
653 3363 685 3420 et
711 3372 836 3423 manus
861 3354 895 3422 in
925 3353 1034 3422 altum
1059 3353 1194 3432 tollens,
1222 3354 1309 3424 dixit
1330 3357 1427 3423 cunctis

186 3443 428 3512 audientibus:
457 3463 473 3506 <i
497 3442 638 3510 Domine
661 3446 745 3511 lesu
770 3441 911 3522 Christe,
938 3443 1059 3530 quies
1088 3443 1145 3512 [lei
1170 3441 1268 3515 filins
1287 3453 1320 3513 et
1346 3445 1426 3534 Deus

182 3532 242 3600 cui
264 3531 362 3601 facile
381 3542 432 3599 est
456 3530 628 3599 vivificare
652 3542 684 3599 et
709 3543 817 3600 morte
833 3529 980 3612 afficere,
1002 3545 1178 3619 percutere
1202 3543 1235 3602 et
1252 3523 1427 3608 sanaratih

186 3619 330 3710 placeat,
358 3634 396 3690 ut
413 3620 468 3688 hic
488 3619 562 3698 bos,
583 3619 644 3706 qui
664 3617 842 3690 daemonis
859 3619 1072 3690 invocatione
1098 3632 1207 3691 morte
1223 3620 1290 3691 luit
1308 3621 1426 3691 aflectus.

187 3731 206 3778 a
223 3721 341 3780 sancto
358 3721 391 3778 et
409 3708 545 3779 vivifico
559 3719 592 3777 et
607 3707 802 3779 venerando
820 3722 878 3779 tuo
897 3709 1039 3779 nomine
1058 3708 1262 3781 vivificetur.
1284 3703 1427 3780 lamenin

188 3811 325 3888 tempus
342 3810 403 3878 est,
431 3809 468 3866 ut
484 3811 542 3866 tua
565 3796 792 3868 ostendantur
817 3797 984 3878 miracula
1010 3797 1050 3867 ad
1078 3799 1225 3869 salutern
1258 3799 1425 3870 multorum·

186 3900 327 3989 propter
350 3907 453 3974 quam
473 3888 595 3976 ipsein
616 3899 739 3956 terram
757 3887 979 3972 descendisti;
997 3887 1192 3958 exaudime
1209 3911 1342 3960 servum
1359 3899 1427 3955 tniir

186 3979 304 4133 iipihac
330 3977 425 4076 liora,
454 3989 490 4044 ut
507 3975 766 4045 sanctissimum
793 3987 892 4048 tuum
919 3997 1044 4046 nomen
1071 3976 1173 4047 sitin
1201 3979 1323 4068 majori
1346 3972 1426 4045 attin

187 4088 207 4133 a
236 4077 428 4135 miratione.
457 4087 475 4129 i>

231 4156 249 4236 ξ
273 4158 355 4224 86.
384 4159 518 4222 Etcum
538 4153 620 4222 haec
636 4153 788 4236 dixisset,
808 4175 915 4245 prope
934 4166 1070 4225 taurum
1089 4155 1269 4238 accedens
1289 4175 1359 4227 voce
1372 4147 1428 4220 sub

188 4235 263 4334 lata·
279 4240 504 4309 exclamavit:
532 4241 597 4310 «Si
622 4252 672 4310 est
697 4264 797 4312 verus
817 4248 918 4325 Deus
940 4263 1042 4330 quem
1072 4265 1136 4335 ego
1157 4247 1334 4335 praedico,
1355 4242 1427 4310 tisis

187 4321 353 4405 Christus,
373 4329 433 4413 qui
458 4340 560 4397 natus
583 4341 689 4399 estex
709 4332 812 4402 llaria
829 4332 978 4422 Virgine,
997 4354 1100 4423 surge
1117 4347 1149 4403 el
1170 4348 1222 4406 sta
1237 4355 1335 4424 supra
1351 4325 1427 4424 pedet

188 4415 275 4483 tuos,
295 4421 353 4480 tua
370 4415 503 4502 abjecta
525 4415 668 4487 feritate.
690 4441 708 4486 »
733 4419 893 4492 Protinus
913 4421 1029 4510 itaque
1051 4434 1166 4493 motus
1190 4437 1315 4498 taurus.
1335 4416 1426 4489 exiliit.
