2954 4816
285 275 349 340 ll2
646 293 685 338 nn
709 293 736 338 s.
763 290 938 338 nnnsrnsm
961 287 1107 338 narrans
1335 267 1402 334 llllC.
1420 270 1449 330 lb

243 379 354 478 prima
382 387 590 468 prostratum
615 376 874 467 congressione,
901 397 979 446 eum
1005 375 1157 465 abripuit
1180 375 1338 464 impetus,
1362 383 1392 438 ut
1408 369 1451 438 soli

244 488 313 536 true
329 467 591 558 gratificaretur,
613 467 779 557 jubetque
795 478 833 536 ut
849 486 929 534 cum
945 465 981 534 in
997 464 1169 534 desertum
1195 461 1301 533 locum
1319 459 1450 556 dmissent

241 557 514 657 Chrysogonum,
540 556 572 624 ci
587 565 691 644 caput
707 575 761 624 am
790 565 937 635 utarent,
957 554 1085 623 invitus
1104 573 1183 622 eum
1208 550 1321 641 majori
1341 547 1450 617 afficiens

241 645 420 726 beneficio,
441 665 546 734 quam
571 644 711 733 quando
735 577 858 714 luhens
880 643 973 713 dona
994 642 1173 713 offerebat:
1199 639 1377 710 existimans
1395 635 1448 712 lore,

242 747 280 803 ut
294 754 372 803 eum
394 734 429 802 in
447 753 545 802 suam
572 731 764 802 traduceret
778 733 995 803 sententiam.
1012 736 1119 820 Atque
1135 729 1199 800 hoc
1217 727 1346 816 quidem
1363 725 1449 820 lactan

241 833 302 903 est,
321 834 421 912 prout
438 821 512 912 ipse
527 821 675 891 decrevit
689 821 723 888 *ε
750 834 782 891 et
805 842 942 892 sacrum
960 818 1047 891 illud
1071 840 1199 909 corpus
1220 814 1378 908 projicitur
1389 815 1414 881 in
1426 811 1450 878 l·

242 923 312 980 tore
336 910 453 992 maris,
476 911 537 980 ubi
563 911 666 979 etiam
698 923 767 980 tres
789 931 923 980 sorores
945 921 978 978 et
1007 909 1145 989 animis,
1179 917 1212 977 et
1234 904 1415 996 corporibus.
1427 909 1450 998 ,et

246 999 368 1089 pietate
384 1002 417 1068 in
434 1003 663 1079 Deum,suam
688 999 862 1070 habebant
886 998 1132 1068 habitationem
1151 1018 1232 1068 cum
1251 995 1382 1084 quodam
1396 986 1451 1058 tolo

242 1088 314 1158 viro
330 1090 386 1176 pio
400 1101 434 1158 et
448 1089 656 1178 presbytero.
677 1088 857 1159 Sororibus
871 1100 986 1158 autem
1003 1101 1100 1158 erant
1118 1086 1259 1156 nomina
1280 1083 1312 1118 *¹*
1326 1087 1450 1174 lgaptttl

242 1176 394 1258 Chionia,
420 1188 453 1246 et
475 1181 587 1247 Irene.
614 1177 677 1246 llic
700 1199 779 1248 vero
802 1176 926 1258 Zoilus
956 1197 1035 1246 cum
1064 1176 1131 1246 sibi
1158 1172 1318 1244 revelatas
1340 1181 1450 1240 marttns

241 1266 451 1357 Chrysogoni
476 1265 640 1355 reliquias
663 1265 858 1337 sustulisset
880 1287 951 1335 una
977 1286 1057 1334 cum
1082 1263 1205 1354 capite,
1235 1276 1268 1332 et
1292 1263 1324 1329 in
1348 1239 1450 1358 quadan

240 1375 345 1445 capsa
367 1369 448 1424 cum
464 1365 593 1442 quanto
609 1355 760 1456 oportuit
783 1354 912 1425 honore
927 1353 1153 1444 deposuisset,
1181 1348 1354 1422 abscondit
1372 1368 1399 1414 m
1417 1361 1452 1412 su

241 1442 464 1513 domuncula.
478 1448 584 1533 Atque
595 1445 790 1514 tricesimus
802 1443 943 1532 quidem
960 1455 1032 1512 erat
1047 1442 1120 1512 dies
1134 1463 1175 1510 ex
1191 1463 1261 1530 quo
1276 1441 1352 1509 sitae
1364 1435 1451 1504 lnerau

243 1531 425 1620 reliquiae:
462 1532 655 1602 insomnis
682 1545 798 1602 autem
835 1532 1032 1622 presbytero
1057 1530 1147 1601 Zoilo
1183 1542 1312 1618 marytr
1333 1537 1452 1614 apparent

242 1620 496 1712 Chrysogonus,
519 1621 602 1692 haec
618 1621 649 1690 ei
670 1623 765 1691 visus
796 1635 846 1691 ast
869 1621 999 1690 dicere:
1022 1620 1153 1691 «Scias
1177 1620 1324 1710 impium
1350 1621 1451 1700 lmpeu·

244 1725 348 1779 torem
375 1709 635 1792 Diocletianum,
661 1733 740 1780 cum
761 1709 805 1781 de
824 1710 948 1780 Christi
972 1707 1109 1780 ancillis
1132 1721 1165 1778 et
1182 1709 1363 1782 sororibus.
1384 1707 1451 1771 lmtt

242 1805 353 1888 lgape
376 1811 409 1868 et
432 1798 574 1869 Chionia
591 1798 693 1868 luerit
705 1799 815 1869 lactus
832 1799 967 1881 certior,
989 1799 1080 1868 intra
1097 1789 1219 1867 noverb
1237 1797 1310 1866 dics
1327 1793 1452 1888 illasqu-

240 1907 307 1974 qne
324 1887 407 1957 velle
430 1887 733 1978 comprehendere.
760 1894 810 1957 ‘lu
833 1901 947 1958 autem
968 1886 1074 1968 effice,
1100 1899 1140 1958 ut
1160 1884 1336 1955 Anastasia
1356 1887 1402 1980 ber
1419 1893 1451 1942 an·

242 1975 320 2046 oilla
346 1998 403 2048 eas
422 1991 520 2046 curet
540 1998 601 2066 pro
625 1977 768 2058 viribus,
790 1990 823 2047 ct
839 1977 881 2047 ad
906 1987 1078 2047 certarnen
1104 1973 1362 2063 suscipiendum
1376 1959 1451 2037 eisd·

241 2064 300 2134 dat
323 2065 491 2146 animum,
518 2065 627 2135 donec
647 2065 774 2135 luerint
799 2065 976 2135 redimitae
990 2085 1116 2134 corona
1140 2064 1311 2153 martyrii;
1333 2061 1452 2148 ipsam

242 2153 366 2223 bonam
385 2175 480 2241 spem
506 2155 682 2243 concipias
702 2154 784 2235 lore,
812 2169 849 2224 ut
873 2155 1098 2224 suavissimos
1117 2152 1252 2224 fructus
1275 2151 1411 2244 laborum
1425 2161 1453 2236 tt

241 2242 361 2332 cipias.
389 2247 471 2312 Nam
499 2265 566 2312 non
589 2242 698 2313 multo
728 2257 804 2334 post
838 2256 1008 2333 tempore,
1035 2257 1068 2312 et
1091 2265 1111 2324 a
1135 2240 1334 2324 laboribus,
1357 2257 1406 2334 qut
1424 2229 1452 2295 hl

242 2341 333 2412 mot,
361 2330 587 2413 liberaberis,
621 2332 718 2402 etad
752 2332 922 2404 Christum
950 2331 1134 2402 adduceris
1167 2353 1249 2401 cum
1281 2330 1323 2398 iis
1350 2346 1398 2414 qut
1422 2333 1453 2406 td

241 2419 373 2489 Christo
397 2418 627 2490 decertarunt.
650 2443 667 2487 n

284 2510 364 2596 ἐϋ.
393 2513 543 2578 Fuerunt
571 2510 654 2579 haec
676 2531 812 2597 quoque
836 2510 972 2600 cognita
998 2507 1211 2579 venerandae
1232 2509 1267 2576 in
1288 2500 1454 2598 prinisln·

171 2675 175 2684 ,
241 2597 376 2678 stasiae,
403 2610 435 2667 et
457 2597 575 2667 divino
610 2599 733 2688 spiritu
760 2611 872 2678 mota,
900 2599 991 2668 venit
1027 2599 1139 2669 statim
1167 2595 1213 2666 ad
1246 2586 1454 2686 domunculam.

240 2707 344 2772 quam
370 2686 524 2756 nondum
543 2686 759 2778 adspexerat:
786 2699 818 2757 et
842 2687 1008 2756 accedens
1032 2687 1073 2756 ad
1101 2685 1339 2776 presbyterum
1359 2673 1454 2776 tollunt

240 2775 426 2860 quaerebat
458 2797 611 2857 sorores;
637 2790 670 2845 et
702 2776 842 2866 rogabat
866 2776 907 2844 de
932 2777 973 2846 iis
996 2795 1085 2861 quae
1122 2776 1156 2845 in
1182 2775 1315 2845 somnis
1342 2768 1397 2839 sibt
1418 2775 1457 2824 vm

240 2863 384 2932 lucrant.
405 2867 487 2932 Cum
512 2875 626 2934 autem
653 2863 793 2936 vidisset
810 2864 970 2956 virgines,
988 2877 1020 2934 et
1034 2864 1146 2934 locum
1164 2863 1199 2931 in
1211 2885 1290 3021 ¹guo
1314 2861 1450 2944 sitaettfl,ss

242 2951 453 3040 Chrysogoni
477 2952 654 3039 reliquias,
676 2975 755 3023 cnm
783 2953 860 3024 illas
879 2953 1018 3040 quidem
1045 2973 1170 3044 magna
1189 2975 1209 3021 a
1237 2953 1363 3022 actione
1378 2955 1406 3041 et
1418 2955 1458 3026 pt

241 3052 307 3109 tate
326 3038 510 3122 adorasset,
530 3063 609 3110 curn
634 3042 684 3111 eis
708 3055 822 3112 autem
848 3063 952 3112 unam
980 3054 1111 3111 noctem
1138 3040 1364 3132 transegisset,
1384 3043 1454 3132 atstl

240 3127 488 3219 congratulata,
516 3131 556 3199 ad
589 3130 744 3222 martyrii
769 3131 898 3201 sortiter
926 3129 1107 3200 subeunda
1136 3132 1325 3200 certamina
1349 3129 1458 3205 aninum

241 3217 323 3288 satis
347 3217 555 3300 addidisset,
589 3219 737 3308 prolecta
766 3232 817 3290 est
848 3219 1050 3306 Aquilejam.
1078 3219 1258 3288 basanim
1287 3236 1362 3287 curn
1383 3201 1459 3306 nult

240 3305 318 3377 aliis
331 3307 459 3378 sciebat
474 3329 614 3377 cursum
634 3319 830 3398 peracturos
844 3309 1010 3400 martyrii,
1028 3305 1242 3397 providentia
1253 3323 1380 3395 quoque
1393 3307 1453 3364 sinit

242 3397 365 3485 ipsam,
385 3417 464 3466 cum
483 3397 573 3466 bona
596 3411 628 3467 et
651 3397 744 3468 lacili
771 3399 962 3478 occasione,
989 3397 1240 3466 transmittente
1260 3395 1301 3466 ad
1321 3395 1451 3461 certabet

240 3491 344 3572 Atque
361 3486 436 3575 ipsa
451 3485 591 3572 quidem
616 3485 910 3576 proficiscebatur,
930 3498 962 3556 et
985 3487 1045 3573 qui
1070 3483 1268 3576 praedictus
1284 3475 1451 3560 toitctuea,

240 3574 327 3644 vitae
347 3573 427 3643 finis
446 3575 600 3664 contigit.
628 3580 710 3645 llam
736 3597 815 3645 cum
845 3575 908 3645 hoc
933 3579 999 3645 Deo
1019 3575 1065 3644 ita
1090 3574 1201 3643 visum
1226 3585 1332 3651 esset,
1360 3573 1453 3635 croeso

239 3664 354 3732 avita
375 3664 559 3754 praesenti.
586 3665 754 3747 Quoniam
786 3676 901 3734 autem
937 3685 1047 3753 neque
1086 3661 1129 3732 de
1159 3666 1273 3753 hgape
1295 3673 1326 3730 et
1359 3659 1452 3738 lrent?

240 3750 381 3822 Chionia
405 3753 580 3843 oportebat
608 3767 731 3824 temere
746 3753 877 3823 dictum
902 3773 977 3823 esse
1001 3775 1020 3820 a
1045 3751 1286 3840 Chrysogono:
1311 3765 1381 3818 cum
1396 3737 1458 3806 del‘

241 3841 442 3922 rescivisset,
468 3843 528 3929 qui
552 3863 673 3912 omnes
698 3841 871 3932 impietate
885 3841 1073 3932 superavit,
1100 3839 1338 3916 Diocletianus,
1362 3833 1449 3924 eassll

240 3930 300 4000 tim
326 3931 481 4012 accersit,
503 3943 535 4000 et
558 3931 648 4002 sistit
670 3942 749 4000 anto
767 3927 931 4011 tribunal,
958 3942 990 4000 et
1007 3929 1185 4000 admirans
1207 3949 1323 3999 earum
1347 3918 1439 4009 habtll

239 4031 271 4090 et
290 4017 464 4109 spiritum,
487 4031 519 4088 et
544 4032 717 4109 praeterea
741 4019 902 4109 speciem,
921 4030 954 4088 et
977 4039 1065 4108 quae
1094 4017 1129 4088 in
1150 4040 1268 4088 earum
1299 4011 1383 4109 vultu
1400 4020 1447 4085 n,

240 4108 308 4188 bat,
328 4107 494 4208 gratiam,
516 4119 548 4178 et
568 4108 697 4196 alioqui
720 4129 798 4178 cum
818 4108 882 4178 hoc
902 4107 1014 4188 sciret,
1032 4106 1124 4195 quod
1143 4127 1277 4176 morum
1294 4109 1428 4194 gravitas,
1441 4102 1459 4146 θ’

239 4195 406 4286 dignitate
436 4195 612 4285 praeditus
634 4219 674 4267 ac
705 4217 891 4288 generosus
922 4196 1060 4274 animus
1090 4215 1270 4284 nunquam
1289 4187 1415 4260 vincitur
1433 4193 1456 4238 tt

268 4357 280 4382 ⁸
295 4357 317 4398 S.
325 4354 470 4406 chrysogoni
478 4357 557 4398 natale
567 4359 605 4398 dte
616 4361 642 4400 at
652 4357 788 4400 novembris
797 4361 916 4400 recolitur.

266 4409 293 4436 ⁸·
308 4411 395 4452 Harum
405 4421 512 4452 sororum
521 4410 660 4462 martyrium
671 4421 759 4462 quaere
770 4410 807 4453 dle
818 4414 926 4464 saprtttt,
936 4413 961 4452 tn
971 4413 1020 4454 t'ot.
1031 4421 1060 4459 rr,
1069 4411 1174 4462 pan-tta
1183 4413 1226 4451 etc.
