2934 4810
12 327 54 390 ic.
77 326 183 391 Seri
362 343 628 392 nnumeotoerun
652 345 867 392 renusrnnruu
1115 322 1218 390 ioue*

14 429 91 488 tionis
112 443 168 490 usu
190 425 370 499 cleritatem,
394 427 660 504 praescripsittaci
677 426 855 489 Diocletiani
882 431 1019 504 tempora
1042 427 1195 503 integram
1219 427 1264 486 in·

12 515 149 568 ntamem
165 518 336 567 ceterarum
360 507 511 566 virtutum
533 508 596 584 epi·
625 505 830 584 violatamuue
855 505 979 585 pacifice
1006 513 1180 568 servarunt.
1204 505 1262 567 Lo·

12 587 127 664 spolium
152 585 250 664 gloria
272 585 360 646 valiis
384 593 521 658 ornatus,
543 587 593 646 seo
624 587 688 647 cius
699 601 783 656 roro,
795 594 828 648 ut
838 601 873 646 ex
884 585 951 647 aliis
964 585 1099 646 historiis
1110 586 1261 660 eruimus,

12 664 594 743 spitaiismaxime‚quippequidomum
624 674 727 727 sancto
763 665 825 727 lloe
858 665 976 742 unierit
1010 663 1263 728 claudiocestriae

15 745 105 808 buerit
116 754 264 825 perpetuo
276 750 429 821 patentem
443 751 533 822 atoue
544 761 594 806 en·
623 743 729 823 (vulgo
747 745 919 820 Gloeester),
943 744 995 805 obi
1011 744 1176 807 tumulatus
1190 745 1259 807 luit.

13 827 90 888 sitam
104 826 207 901 aegris
223 823 412 897 bominibus,
431 825 596 900 egentibus
624 823 753 887 Minime
768 841 859 904 porro
875 825 995 886 veritati
1019 833 1261 886 consentaneum

12 908 176 982 peregrinis.
191 904 354 966 Ecclesiam
367 913 521 981 praeterea
534 921 595 965 me·
626 906 759 980 videtur,
775 906 876 984 ipsum
891 905 1032 979 Lucium,
1050 906 1084 966 aci
1103 903 1213 965 illinisti
1227 905 1261 966 tl·

12 984 597 1063 olenensemeximieexcoluit,tantique
624 983 693 1045 iem
723 1002 927 1056 conversum,
960 1000 1056 1062 regno
1084 985 1260 1057 abdicasse,

12 1069 45 1124 uit
68 1081 130 1127 eum
161 1064 268 1126 beatus
298 1062 474 1124 Ambrosius
501 1070 537 1125 ut
564 1069 594 1122 in
624 1063 1259 1142 atquetiermaniaeuuasriamprovincius,

15 1147 117 1219 ucione,
133 1149 163 1206 in
180 1146 366 1206 Asianorum
388 1145 595 1220 arrogantiam
624 1141 897 1218 Noricumscilicet‚
910 1143 1261 1206 Vindelieiametiiboe·

16 1232 103 1284 iectus
117 1225 325 1302 profiteretur:
357 1222 477 1294 unbsit,
494 1230 596 1284 uttra·
627 1223 697 1284 tiam
713 1226 897 1300 peragrasse,
922 1232 955 1284 ut
976 1223 1176 1298 Evangelium
1201 1222 1262 1285 iliis

17 1319 39 1362 m
63 1305 276 1365 haereditatem
306 1303 464 1380 Dionysii,
487 1305 539 1382 qui
564 1303 594 1362 in
626 1303 742 1380 populis
770 1304 1031 1381 praedicaremus
1054 1303 1178 1366 demum
1201 1300 1261 1364 Cu·

12 1383 73 1444 silio
94 1387 122 1442 in
142 1399 228 1445 causa
252 1381 321 1443 iidei
344 1381 507 1444 deiuoctus
528 1391 596 1456 est;
625 1381 712 1444 riae*
726 1383 907 1450 consedisse.
922 1383 971 1445 ubi
990 1384 1105 1459 primos
1119 1382 1261 1460 lnitEpi·
1335 1423 1339 1432 ·

12 1464 178 1524 scetiotem
207 1461 359 1538 Eustorgii
390 1459 595 1533 Coniessoris;
623 1477 738 1539 scopus.
761 1461 949 1524 Probabilius
973 1478 990 1522 e
1014 1461 1131 1524 duobus
1160 1463 1261 1524 Lociis

12 1542 179 1603 nereditatem
194 1540 331 1603 Miroclis
345 1549 434 1618 atoue
455 1543 595 1603 omnium
626 1557 748 1620 prorsus
761 1543 925 1615 distinctis,
950 1542 1041 1603 Lucio
1055 1542 1172 1603 scilicet
1193 1543 1260 1603 Bri-

16 1627 53 1681 tro
68 1621 197 1683 Dueliom
212 1623 461 1696 egrimoniorum.»
488 1619 597 1700 Sepul·
626 1631 791 1683 taunorum
817 1638 896 1700 rege,
911 1628 941 1683 et
956 1623 1047 1683 Lucio
1063 1621 1206 1684 Rhoetiae
1223 1624 1261 1683 Α-

16 1709 84 1761 sest
108 1705 137 1762 in
161 1702 287 1764 Basilica
314 1701 455 1762 Pontiana
487 1702 511 1760 *.
540 1701 596 1761 Per
625 1701 736 1779 postolo
751 1710 780 1762 et
799 1701 908 1763 Curiae
932 1704 1029 1779 primo
1052 1701 1195 1764 Antistite
1216 1711 1260 1763 at·

15 1777 71 1840 iem
83 1790 211 1859 tempora
230 1779 446 1842 Constantinus
457 1779 595 1857 Magnus,
623 1797 683 1858 que
698 1779 827 1859 Martyre
851 1799 930 1843 unos
946 1781 1087 1860 idemque
1114 1782 1262 1844 conflatus

12 1861 101 1919 reterns
122 1859 226 1923 Crucis
255 1866 374 1922 ostento
403 1869 543 1933 erectus,
566 1867 597 1920 et
625 1859 693 1920 lnit.
1035 1891 1041 1900 ·

12 1953 38 1994 ns
51 1939 171 2016 effigiem
186 1941 339 2019 prosigue
355 1939 537 2020 praeissem,
550 1941 595 2000 in·

12 2031 87 2089 gnem
108 2021 143 2082 (ie
168 2021 303 2081 nostibus
325 2020 483 2081 victoriam
507 2019 594 2092 tulit,
724 2019 754 2081 8.
778 2017 984 2082 estuantis
1005 2019 1157 2081 Euenus.

12 2109 73 2171 tuoe
95 2101 213 2161 tandem
239 2100 363 2160 decreto
385 2099 545 2160 lleilioloni
567 2116 598 2160 e·
711 2127 776 2188 Vim
807 2126 937 2204 sunm
974 2141 1055 2186 mm„
1091 2126 1176 2187 1131¹

16 2179 50 2248 to,
64 2193 111 2253 par
126 2181 269 2242 ecciesiae
285 2179 400 2241 redona
414 2190 465 2240 est.
480 2203 492 2234 a

665 2257 848 2321 Menrrnoe.
865 2258 1003 2319 -Senis
1020 2260 1050 2319 in
1069 2258 1175 2321 Tuscia
1191 2275 1258 2320 san·

23 2331 177 2400 ilanrrnoe.
195 2375 232 2384 -
258 2336 289 2398 ln
313 2337 425 2414 nogia
447 2337 476 2398 S.
498 2337 596 2399 Brnmr
626 2341 664 2399 oti
680 2337 824 2400 Gneoeur
840 2338 999 2401 Eremitae.

16 2411 62 2471 ¹imi
83 2415 214 2497 Episcopi
239 2418 484 2480 Dorcestriensis.
508 2418 597 2494 (Vide
665 2418 758 2479 Natus
772 2427 815 2479 est
831 2417 978 2491 Ciusclini,
996 2417 1143 2478 Senonum
1161 2419 1192 2479 iu
1207 2435 1257 2497 op·

14 2493 108 2567 crr'mn,
129 2514 194 2576 pag.
212 2499 277 2574 68).
626 2497 705 2575 pino.
729 2496 761 2558 ln
779 2499 876 2573 primo
890 2497 1109 2559 adolescentiae
1131 2507 1212 2559 aestu
1228 2501 1260 2560 iu

625 2578 726 2639 omnia
753 2578 824 2638 vitia
851 2579 928 2653 ruit;
952 2585 982 2638 at
1009 2578 1136 2637 (ternum
1159 2578 1189 2636 in
1213 2594 1260 2639 re·

39 2663 65 2722 S.
77 2663 201 2728 litenis
216 2667 442 2728 ssfflpgppoaeu
459 2665 536 2726 Rex,
625 2660 705 2734 giam
722 2659 846 2719 virtutis
862 2658 954 2730 viam,
971 2655 1052 2717 coeio
1065 2672 1135 2717 eum
1153 2656 1257 2734 impel-

626 2736 718 2808 lente,
735 2753 883 2809 reversus,
901 2736 931 2798 in
947 2735 1142 2797 solitudinem
1155 2752 1256 2814 quom·

625 2816 693 2877 tiam
709 2817 841 2888 secessit,
865 2816 915 2876 nbi
930 2815 1023 2892 longi
1045 2815 1156 2888 incilia,
1180 2816 1258 2877 mui-

24 2887 234 2961 ilaarruoe.—
252 2896 362 2959 Curiae
386 2898 416 2957 in
432 2894 595 2958 Germania
628 2896 723 2973 lisque
755 2896 939 2957 cruciatibus
965 2896 1122 2957 commissa
1145 2896 1259 2958 scelera

19 2971 66 3054 riuti
89 2972 168 3038 Lucu
182 2977 401 3040 Britannorum
418 2975 522 3054 Degis,
544 2978 594 3054 qui
625 2975 770 3052 expiavit.
793 2975 824 3036 iu
852 2976 900 3036 illa
925 2975 1089 3036 solitucline
1111 2974 1187 3036 obiit
1207 2992 1260 3038 on·

15 3061 85 3110 roms
106 3071 138 3116 on
159 3057 194 3118 iis
215 3057 349 3132 Regibus
369 3053 480 3117 Christi
504 3056 593 3116 iltlem
626 3070 700 3116 num
723 3072 817 3132 agens
837 3071 910 3116 suae
924 3056 1029 3116 aetatis
1052 3057 1258 3131 trigesimum.

15 3132 106 3220 iiiiii,
122 3135 430 3215 temporeEieutberir
447 3135 554 3212 Papae.
624 3131 764 3209 Ejustlem
791 3142 899 3210 capot,
927 3137 956 3194 in
981 3135 1065 3197 theca
1087 3143 1258 3211 argentea,

23 3201 49 3294 lu
64 3208 185 3276 ilistorio
206 3216 317 3278 Eccles.
334 3216 483 3277 Venerab.
498 3213 596 3276 Bedae
624 3216 753 3289 gemmis
767 3215 897 3287 baccata,
915 3213 1078 3284 inclusum,
1094 3215 1193 3276 adbuc
1208 3215 1260 3277 Se·

16 3295 83 3353 gitur
97 3290 225 3366 Lucium,
249 3297 465 3356 Britannorum
489 3309 594 3370 regern
625 3295 671 3354 nis
691 3309 883 3367 magnacum
904 3294 1100 3356 ueneratione
1121 3294 1259 3357 adserva·

21 3379 77 3428 rina
92 3369 149 3433 luce
166 3376 333 3452 pertusum,
349 3373 515 3453 Epistulam
539 3376 594 3433 roi·
624 3379 682 3435 tur.
695 3373 730 3450 (E
745 3374 847 3436 Fastis
867 3373 978 3435 Erotes.
993 3374 1159 3449 Senensis).

16 3455 46 3502 se
59 3448 89 3506 ai
103 3448 205 3528 Papam
222 3455 433 3517 Eleutheriunr
449 3453 493 3528 **,
515 3451 593 3516 obse·

16 3536 67 3606 ρης
84 3535 116 3588 up
133 3551 181 3606 W
204 3538 273 3613 ejus
293 3533 475 3597 mandatum
505 3533 594 3596 cm,
648 3526 749 3567 eornm
767 3527 862 3567 nouos
1131 3527 1231 3567 utrumn

17 3615 91 3664 corros
103 3610 273 3689 efficeretur.
291 3613 319 3676 S.
333 3613 525 3676 Eleutherius
543 3614 595 3673 ita·
662 3611 843 3677 Mnnrrnoe.
861 3645 899 3659 -
920 3610 1021 3674 Sancti
1043 3611 1134 3674 Peren
1160 3611 1260 3674 Carnu-

17 3691 46 3766 te¹
63 3687 206 3755 ministros
234 3697 265 3757 in
295 3693 484 3757 Britanniam
513 3691 594 3752 illico
622 3708 720 3754 soeoor
744 3693 879 3769 Episcopi
903 3699 935 3753 et
955 3690 1150 3766 contessoris,
1173 3693 1261 3769 cujus

22 3767 60 3818 rsit
71 3770 114 3840 pii
130 3786 229 3847 regern
250 3773 395 3850 aliosque,
417 3775 468 3850 qui
495 3771 594 3834 adbuc
622 3773 768 3834 memoria
784 3780 895 3850 quarto
909 3770 1010 3834 Nonas
1025 3773 1201 3834 Decembris
1214 3787 1260 3834 re·

17 3835 116 3922 olorum
131 3853 240 3915 coitum
264 3854 498 3930 profitebantur,
514 3852 593 3912 obri·
622 3859 775 3914 censetur.
801 3852 887 3924 <Vide
903 3851 1043 3924 Surium,
1059 3868 1127 3931 pag.
1154 3852 1218 3928 78).

18 3931 96 3984 ruriam
121 3929 295 4008 religionem
328 3933 474 3994 docerent
504 3940 593 4008 stoue

21 4001 58 4056 ut
72 4001 244 4094 baptismatis
259 4013 339 4074 unda
351 4013 520 4074 abluerem.
536 4011 593 4072 Ex·
661 4043 699 4054 -
721 4009 917 4074 Niconooiae
935 4014 1031 4091 passio
1046 4011 1076 4072 S.
1094 4011 1262 4071 Desarene

18 4087 52 4134 itt
68 4079 192 4152 Britanni
207 4099 374 4171 susceptam
388 4091 480 4154 iidem
497 4108 593 4169 osque
621 4089 959 4170 Virginisetllortyris,
971 4107 1050 4170 quae
1066 4091 1099 4151 in
1120 4105 1259 4166 persecu·

67 2765 131 2831 otiis
145 2771 201 2836 sub
216 2773 307 2850 finem
322 2771 437 2833 soeculi
450 2771 507 2832 ill.

18 4232 64 4304 'Et
80 4240 98 4280 8.
112 4245 208 4292 liicoclis
226 4251 337 4304 prosapie
362 4251 477 4304 originem
499 4255 594 4294 dumosa
621 4252 699 4292 natale
713 4251 846 4292 celebratur
860 4253 897 4291 die
908 4254 933 4292 26
942 4248 1007 4300 maii.
1017 4249 1118 4291 console
1128 4249 1261 4298 Nummio·

25 4293 126 4346 Elttplrunli
139 4310 240 4365 Episcopi
250 4313 382 4358 miciacensis
392 4319 498 4362 matrem.
509 4313 542 4356 ait
550 4319 593 4358 Eu·
619 4317 679 4365 pium
690 4315 777 4354 illustr.
787 4323 838 4364 pag.
848 4315 959 4354 soar-ott

19 4355 61 4436 'iiius
70 4363 89 4402 in
98 4371 192 4416 ejusdem
202 4379 222 4418 s.
234 4377 358 4430 Epiphanii
368 4381 428 4419 vita.
648 4378 661 4407 *
671 4374 808 4418 Germanice
818 4377 886 4425 Char,
896 4377 947 4416 rtet.
958 4377 1031 4416 Coti-o.
1043 4374 1100 4414 urbs
1109 4372 1261 4419 eustanum,

28 4421 63 4460 *S
71 4426 204 4481 Eleutherion
213 4441 261 4482 viii
269 4444 365 4485 metus
376 4443 412 4486 est
423 4453 458 4482 an.
475 4439 520 4484 18⁶.
536 4442 592 4492 llius
603 4482 609 4507 ι
621 4441 756 4486 (trisonem,
765 4447 808 4480 seu
817 4439 961 4480 Rhoetorrtm
972 4437 1040 4479 sedes
1051 4431 1200 4487 principatu.
