3046 4838
255 295 297 358 ta
618 312 656 356 ua
680 312 707 356 s.
731 287 834 356 burcio
859 311 908 356 ar.
935 309 1064 358 norton.
1344 293 1421 356 ott.
1446 294 1455 354 l

209 396 339 466 coelos:
366 408 398 465 et
422 395 451 464 si
476 393 533 463 ille
554 415 620 463 non
647 394 809 474 dedisset,
829 394 916 463 nihil
935 395 1053 481 utique
1078 395 1228 464 haberet.
1255 401 1338 464 [leus
1361 410 1460 472 autem

211 498 336 564 noster,
359 483 418 570 qui
438 483 602 572 dignatur
619 495 726 552 totum
744 481 837 564 dare,
857 483 1009 553 decimas
1029 484 1071 552 de
1087 506 1149 554 suo
1165 484 1330 574 dignatur
1345 507 1363 552 a
1377 485 1463 552 nobis

211 588 374 664 repetere,
408 593 475 640 non
508 571 574 640 sibi
598 572 728 661 utique,
757 573 814 640 sed
848 573 958 653 nobis,
988 571 1196 661 profuturas.
1225 573 1278 642 Sic
1302 573 1389 641 enim
1414 595 1464 661 per

211 663 411 751 prophetam
434 659 601 750 promisit,
621 659 760 730 dicens:
778 663 904 750 Inferte
927 683 1056 732 ornnem
1072 662 1237 731 decinam
1260 663 1296 730 in
1325 663 1463 730 torrem

210 775 332 832 meum,
355 761 385 820 et
409 753 451 818 sit
476 751 567 818 ribus
591 751 626 818 in
651 750 745 818 durno
769 773 862 831 ntea,
882 762 913 820 et
937 751 1076 841 probate
1100 773 1152 819 me
1177 773 1279 841 saper
1302 751 1370 832 boc,
1398 752 1465 818 dicit

211 842 381 920 Donn'nus,
398 840 430 908 si
447 861 511 908 non
535 861 697 928 aperuero
721 840 811 907 vobis
836 849 1026 908 cataractas
1050 843 1144 919 coeli,
1167 851 1198 908 et
1223 841 1366 930 effudero
1388 840 1466 907 vobis

211 929 467 998 benedictionem
502 949 607 1018 usqae
635 928 681 996 nd
706 929 950 997 abundantiam
978 928 1115 1016 (illotae.
1137 929 1201 1016 111).
1229 928 1370 999 Reddite
1397 949 1466 1015 ergo

213 1018 357 1087 libenter
369 1016 691 1102 exomoibus,quae
704 1017 885 1105 possidetis
898 1039 1001 1106 super
1014 1017 1250 1104 terram,quod
1268 1023 1332 1086 [teo
1345 1029 1465 1108 gratum

212 1106 430 1196 cognoscitis.
457 1104 564 1175 Nolite
591 1104 633 1172 de
654 1106 749 1174 omni
780 1105 972 1176 substantia
998 1119 1107 1175 restra
1131 1105 1292 1175 haudure
1316 1106 1465 1184 decimas,

214 1216 255 1264 ue
280 1195 374 1264 vobis
400 1216 518 1263 novem
551 1207 662 1282 partes
690 1193 902 1276 auferantur,
929 1209 961 1263 et
985 1194 1057 1264 sola
1081 1194 1215 1264 decima
1236 1211 1416 1264 remaneat.
1441 1193 1466 1260 Si

214 1282 403 1353 voluntarie
430 1282 611 1363 dederitis,
644 1282 722 1370 plus
746 1304 881 1371 semper
905 1283 1001 1352 vobis
1027 1285 1193 1353 Dominus
1217 1283 1324 1354 dabit.
1356 1285 1387 1353 Si
1411 1303 1465 1350 uon

212 1371 386 1452 dederitis,
413 1385 495 1457 quot
522 1392 688 1460 pauperes
717 1373 751 1440 iu
773 1370 869 1454 locis,
889 1373 1018 1474 quibus
1042 1373 1216 1455 habitatis,
1236 1372 1327 1443 lame
1356 1371 1466 1440 mortui

214 1462 363 1540 luerint,
395 1473 440 1530 tot
464 1459 728 1530 homicidiorum
762 1461 806 1528 rei
836 1461 942 1530 eritis.
965 1466 1072 1550 Atque
1096 1461 1239 1550 iusuper
1263 1463 1420 1531 immittet
1441 1460 1467 1526 iu

214 1573 272 1619 vos
310 1550 473 1618 Dominus
499 1548 726 1637 pestilentiam
760 1562 791 1617 et
820 1548 970 1631 famem,
1004 1565 1037 1618 et
1070 1550 1220 1639 perdetis
1246 1562 1355 1621 totum
1390 1547 1467 1636 quod

214 1639 358 1720 habetis,
379 1639 484 1707 immo
510 1638 601 1726 ipsas
620 1639 722 1706 etiam
743 1637 878 1707 animas
895 1650 1035 1710 vestras.
1051 1639 1147 1721 Quod
1167 1661 1209 1708 ne
1226 1641 1322 1710 vobis
1337 1640 1467 1712 eveniat,

214 1725 359 1796 libenter
382 1728 470 1796 bono
494 1727 610 1796 animo
634 1726 733 1806 detis,
753 1749 821 1815 quo
846 1727 981 1797 animas
997 1742 1127 1798 vestras
1145 1729 1283 1816 possitis
1302 1727 1467 1798 redimere.

214 1821 279 1886 Nec
305 1816 456 1916 eligatis
485 1815 540 1884 cui
569 1815 838 1884 misericordiam
866 1817 1055 1906 praestetis,
1085 1839 1125 1886 ue
1149 1817 1234 1887 sorte
1266 1817 1471 1907 praetereatis

213 1927 291 1975 eum
306 1927 366 1995 qur
384 1916 533 1974 meretur
549 1905 723 1992 accipere:
744 1905 826 1994 quia
848 1906 986 1975 nescitis
1006 1906 1040 1975 in
1059 1927 1126 1992 quo
1152 1906 1306 1976 Christus
1324 1906 1471 1995 dignetur

214 1995 468 2083 eleemosynam
489 1993 654 2080 accipere.

259 2085 277 2169 ἓ
303 2089 375 2155 21.
401 2087 473 2150 «ln
501 2081 555 2150 his
579 2093 691 2150 autem
719 2081 902 2162 omnibus,
930 2103 1018 2170 quae
1034 2084 1199 2152 Dominus
1214 2083 1364 2153 exerceri
1376 2082 1471 2170 jubet.

215 2173 438 2260 benignitatis
463 2169 625 2260 operibus
645 2170 729 2238 nihil
749 2169 806 2240 ille
830 2177 964 2328 guaerit
980 2170 1088 2250 aliud,
1110 2173 1177 2240 nisi
1193 2171 1340 2242 salutem
1357 2173 1471 2240 anima-

217 2283 293 2328 rum
321 2273 523 2338 vestrarum,
541 2273 573 2327 et
598 2272 635 2328 ut
659 2261 807 2328 timeatis
831 2261 839 2326 i
858 2258 941 2328 lum'
957 2281 1103 2348 semper,
1122 2274 1154 2330 et
1170 2261 1373 2331 custodiatis
1391 2279 1473 2328 meu-

217 2349 296 2418 data
313 2349 400 2436 ejus.
419 2346 513 2431 Quod
536 2347 564 2416 si
586 2346 744 2428 secernis,
760 2348 855 2416 dabit
872 2347 978 2428 vobis,
993 2349 1082 2418 siout
1098 2371 1157 2437 per
1173 2363 1332 2419 sanctum
1351 2355 1472 2438 Moysen
1505 2371 1506 2393 t

217 2437 392 2526 pollicitus
419 2449 480 2516 est,
505 2435 639 2524 pluvias
671 2438 882 2526 temporibus
906 2438 991 2517 suis,
1018 2451 1050 2506 et
1079 2450 1168 2508 terra
1199 2439 1317 2596 gignet
1349 2457 1473 2597 gprmeu

215 2547 331 2608 suum,
357 2540 389 2595 et
415 2525 526 2615 pomis
550 2525 688 2594 arbores
710 2525 946 2614 replebuntur,
964 2539 996 2594 et
1019 2527 1182 2596 omuibus
1230 2549 1307 2597 onis
1332 2551 1352 2596 a
1380 2525 1474 2596 uoda-

217 2615 309 2684 bitis.
332 2615 428 2684 nabit
454 2635 570 2703 pacem
599 2615 631 2680 in
664 2614 793 2684 sinibus
819 2615 957 2685 vestris:
984 2613 1173 2696 dormietis,
1192 2627 1224 2685 et
1250 2639 1315 2686 non
1343 2618 1405 2687 erit
1427 2612 1476 2702 qui
1504 2685 1505 2702 2

217 2716 393 2783 exterreat,
412 2716 444 2772 et
468 2703 541 2790 ipse
567 2701 734 2773 habitabit
759 2704 847 2772 inter
870 2725 939 2772 vos.
960 2707 1082 2773 Contra
1107 2727 1196 2786 vero,
1224 2706 1253 2774 si
1279 2727 1348 2774 uon
1377 2719 1477 2774 custo·
1504 2707 1505 2779 l

216 2791 348 2861 dieritis
373 2802 552 2880 praecepta
577 2791 672 2878 ejuS,
701 2793 837 2861 venient
860 2793 894 2860 in
917 2813 976 2860 vos
1002 2791 1135 2882 plagae,
1162 2794 1205 2862 ab
1230 2793 1350 2864 eodem
1376 2799 1475 2880 Moyse

219 2879 422 2968 praedictae,
456 2878 683 2968 pestilentiae,
710 2879 837 2961 sames,
865 2880 1021 2970 gladius,
1057 2883 1189 2971 eritque
1223 2883 1357 2952 coelum
1396 2879 1504 2960 vobis¹

216 2968 378 3050 ferreum,
397 2981 429 3037 et
454 2981 540 3036 terra
566 2989 682 3037 aenea:
706 2981 794 3038 terra
814 2991 878 3038 uon
907 2968 1052 3058 proferet
1076 2992 1229 3061 germen,
1249 2984 1380 3062 segetes
1423 2967 1477 3037 eri·
1503 3011 1504 3018 κ

218 3057 316 3136 bunt,
335 3071 367 3126 et
385 3057 480 3126 labor
498 3069 607 3126 vester
620 3058 733 3128 omnis
749 3058 864 3126 inanis
881 3059 955 3128 erit.
977 3063 1015 3128 Et
1039 3081 1145 3149 super
1169 3059 1252 3129 baec
1277 2993 1476 3130 infestabunt
1503 3093 1504 3165 l

219 3167 276 3216 vos
301 3146 425 3226 hostes,
452 3157 484 3214 et
508 3145 645 3235 gladius
670 3147 846 3216 devorabit
874 3169 942 3228 voS,
962 3161 995 3216 et
1018 3149 1082 3217 erit
1113 3161 1200 3217 terra
1225 3162 1333 3219 vestra
1356 3148 1478 3218 deserta

217 3247 319 3324 atque
342 3235 506 3304 desolata.
533 3239 572 3302 Et
597 3248 677 3304 tuuc
705 3258 785 3325 prae
812 3237 972 3326 augustia
998 3234 1213 3315 clamabitis,
1246 3259 1306 3306 nec
1330 3235 1478 3306 exaudiet

218 3347 275 3392 vos
297 3327 470 3404 [lominus
489 3324 580 3392 sieut
596 3346 657 3412 per
674 3325 874 3413 prophetam
897 3325 1059 3406 minatur,
1076 3325 1208 3394 diceus:
1228 3331 1269 3396 m
1282 3329 1411 3416 facturn
1425 3333 1476 3400 est,
1502 3345 1503 3418 j

216 3416 302 3482 sieut
327 3416 456 3482 locatus
479 3423 537 3494 est,
565 3422 596 3480 ct
620 3435 685 3482 non
701 3415 902 3483 andierunt:
928 3415 975 3481 sic
1000 3415 1205 3495 clamabunt,
1232 3425 1264 3484 et
1294 3439 1358 3485 non
1382 3429 1503 3483 eran

217 3503 320 3582 diona,
340 3504 420 3570 dicit
444 3503 602 3570 Dominus
621 3501 738 3590 (laen.
759 3502 829 3590 vn).
850 3507 888 3570 Et
913 3502 1100 3591 paralium
1121 3503 1335 3592 prophetam,
1363 3505 1411 3572 sic
1434 3499 1479 3568 di·
1502 3509 1503 3551 t

218 3605 371 3660 centem:
398 3596 468 3660 Non
493 3600 540 3658 est
568 3591 761 3660 abbreviata
787 3613 907 3660 manns
934 3592 1074 3672 Domini,
1097 3602 1134 3659 ut
1162 3596 1298 3662 salvare
1324 3600 1477 3682 nequent:

216 3703 322 3769 raeque
350 3690 544 3770 approbata
563 3689 610 3748 est
634 3683 728 3748 noris
752 3681 835 3770 esur,
853 3689 889 3748 nt
913 3703 977 3748 non
994 3681 1186 3749 obaudiat.-
1211 3683 1270 3750 sed
1296 3683 1502 3772 iniquitaten

216 3779 347 3836 vestrae
370 3771 555 3837 diuiserunt
583 3770 669 3837 litter
699 3791 755 3838 vor
781 3779 812 3838 et
836 3774 940 3843 Deam
968 3779 1126 3849 vestrum,
1157 3780 1189 3838 et
1217 3781 1356 3860 peccata
1381 3778 1479 3836 vestro

218 3857 458 3926 absconderunt
481 3860 604 3947 sacient
621 3859 694 3947 ejus
718 3858 857 3938 anobis,
876 3881 916 3926 ne
932 3857 1113 3926 eccudiret
1128 3856 1211 3946 (isa.
1232 3863 1310 3942 mx).
1329 3863 1367 3928 Ut
1385 3857 1480 3947 igitur

219 3944 285 4013 ista
310 3943 406 4013 vobis
430 3967 498 4013 nou
516 3947 730 4034 contingant,
747 3945 917 4016 custodite
936 3967 1023 4035 quae
1043 3959 1222 4034 praecepta
1242 3960 1334 4016 sunt:
1353 3944 1481 4034 implete

218 4033 277 4100 Dei
303 4033 476 4113 mandata,
496 4047 534 4103 ut
560 4033 690 4114 vivatis,
717 4047 750 4103 et
775 4035 860 4104 bene
885 4035 929 4103 sit
950 4035 1056 4114 vobis,
1084 4033 1249 4124 nullaque
1278 4035 1372 4104 vobis
1398 4031 1501 4102 cala-t

219 4120 322 4189 mitas
346 4121 489 4190 accidat.
508 4123 731 4212 Omnipotens
748 4123 840 4195 euim
861 4129 949 4192 Deus
968 4122 1166 4192 consolatur
1192 4146 1252 4213 per
1277 4123 1479 4214 prophetam,

218 4209 266 4276 ita
281 4209 412 4277 dicens:
427 4213 466 4278 Si
483 4214 721 4300 poenitentiam
736 4215 842 4300 eperit
858 4233 940 4302 pens
954 4214 1018 4280 illa
1033 4215 1157 4282 amalo
1173 4235 1244 4294 suo,
1259 4213 1347 4304 qrtod
1363 4213 1482 4280 locutas
1500 4237 1501 4323 g

218 4317 293 4364 sunt
318 4298 478 4366 aduersus
506 4322 592 4378 corn,
622 4324 724 4387 opum
749 4310 779 4368 et
810 4325 869 4390 epo
916 4302 1131 4370 candentium
1157 4323 1258 4392 super
1281 4305 1381 4380 malo,
1403 4293 1483 4388 nitori

219 4386 369 4473 captiua·
384 4397 418 4453 ut
441 4391 586 4474 sincerem
611 4391 643 4456 ei
660 4389 796 4478 atinent.
816 4323 919 4478 xviiii.
941 4393 1042 4471 Hace,
1062 4388 1194 4470 fratres,
1215 4413 1349 4482 semper
1372 4388 1480 4458 auimo
