2994 4832
70 269 129 332 tlt.
151 271 168 333 5
421 287 462 332 nu
487 286 514 333 s.
542 287 619 333 sara
644 287 717 332 aaa.
745 286 783 332 ur
808 283 899 334 conr.
1195 267 1258 332 lii

66 393 122 461 crgo
137 371 332 440 theoctistus
355 371 537 442 annuisset
550 371 676 440 Joanni
695 370 907 460 petitionem,
927 370 1049 440 Sabam
1067 371 1301 458 quoqueemi-

63 461 100 528 sit.
116 465 176 530 lloc
191 474 313 541 autem,
332 474 370 530 ut
386 459 551 538 diximus,
570 459 674 528 siebat
693 471 765 530 arte
793 459 949 616 maligni,
976 472 1015 529 ut
1038 462 1081 530 ab
1104 481 1144 528 eo
1165 459 1226 546 qui
1250 469 1301 530 est

59 553 163 630 arlico,
196 570 298 618 cursu
321 571 400 618 eum
430 549 641 637 reprimeret,
663 561 696 617 et
723 549 757 616 in
786 569 869 616 mun
896 570 927 628 o,
953 548 1044 617 etin
1077 548 1119 616 iis
1143 569 1233 634 quae
1256 548 1297 617 ad

59 636 307 707 huncurundum
338 637 523 727 pertinent,
552 659 631 706 eum
661 648 857 724 occuparet.
885 637 948 706 Sed
980 636 1041 723 qui
1073 635 1244 726 profunda
1269 649 1301 707 et

56 726 161 795 occulta
177 727 293 815 aperit,
323 747 390 795 non
417 726 573 814 permisit
596 737 634 795 ut
658 725 731 814 ejus
756 724 898 794 laterent
924 725 1082 795 insidiae.
1110 729 1193 796 Nam
1219 749 1299 796 cum

54 837 84 882 cr
102 815 277 885 Palaestina
303 813 443 904 profecti
468 828 608 904 agerent
631 813 864 894 Alexandriae,
882 827 915 882 et
938 812 1041 884 ambo
1064 815 1223 904 occupati
1248 837 1299 884 es·
1385 825 1388 832 '

52 919 109 972 sent
129 905 159 973 in
179 903 385 992 quaerendis
407 902 510 972 rebus
528 904 686 978 loannis,
714 904 948 992 agnoscitura
974 903 1174 992 parentibus
1191 903 1298 975 Sabas

51 992 261 1074 admirabilis,
294 993 353 1080 qui
391 1013 504 1082 nuper
528 991 612 1062 illuc
645 992 836 1082 migrarant
862 1003 999 1080 propter
1027 993 1295 1082 expeditionem,

50 1082 119 1150 sicut
132 1081 199 1169 jam
213 1095 292 1150 ante
308 1080 535 1151 ostendimus.
553 1085 635 1150 Cum
649 1093 762 1150 autem
780 1082 830 1149 sic
845 1081 1008 1150 evasisset
1025 1094 1125 1151 notus
1145 1081 1295 1170 paternis

49 1170 147 1250 oculis,
168 1170 231 1240 suit
256 1191 377 1238 rursus
394 1169 503 1238 Sabae
533 1170 744 1258 principium
767 1169 958 1239 secundum
988 1171 1241 1240 certaminum:
1266 1183 1298 1240 et

49 1281 111 1328 cum
127 1259 241 1349 majori
259 1270 341 1328 tunc
367 1258 516 1328 luctatus
536 1257 600 1327 luit
613 1259 826 1340 necessitate,
844 1279 947 1345 quam
970 1281 1057 1347 quae
1081 1259 1191 1329 fuerat
1217 1281 1297 1328 eum

51 1360 148 1434 patruo
163 1362 194 1418 et
209 1346 393 1417 avunculo.
422 1345 599 1416 Instabant
622 1347 714 1415 enim
734 1358 903 1434 parentes,
923 1347 1005 1437 quid
1033 1369 1099 1416 non
1118 1346 1293 1430 facientes,

48 1451 125 1504 auta
147 1458 212 1524 qua
236 1450 308 1506 arte
331 1448 364 1505 et
381 1435 635 1506 machinatione
658 1435 887 1517 abstinentes,
916 1447 954 1505 ut
979 1437 1086 1506 Sabae
1112 1436 1296 1526 persuade·

49 1538 116 1600 rent,
133 1539 169 1595 ut
189 1524 289 1594 vellet
305 1546 384 1594 cum
410 1525 459 1594 eis
490 1523 656 1606 habitare,
678 1536 710 1593 et
735 1524 913 1594 decaetero
939 1525 1030 1613 apud
1060 1547 1118 1596 eos
1142 1524 1292 1616 degens,

48 1614 137 1700 patris
151 1615 334 1705 susciperet
351 1613 522 1695 militiam,
545 1624 578 1683 et
596 1635 657 1704 pro
686 1613 746 1683 illo
767 1613 992 1684 habitaret*l
1024 1613 1085 1683 llle
1114 1636 1192 1684 vero
1215 1636 1296 1684 curn

46 1713 121 1771 esset
141 1703 252 1774 celeris
269 1715 302 1774 et
317 1702 407 1772 acris
433 1702 574 1792 ingenii,
600 1701 777 1792 cognoscit
801 1701 865 1771 hoc
889 1701 996 1773 luisse
1023 1703 1250 1793 excogitatum
1277 1725 1297 1770 a

49 1791 189 1890 maligno,
207 1803 243 1862 ut
260 1803 441 1882 parentum
468 1791 704 1862 misericordia
722 1789 887 1861 relaxaret
903 1803 1095 1861 contentam
1114 1792 1189 1879 ejus
1202 1813 1294 1860 exer-

50 1879 230 1960 citationem,
253 1893 285 1949 et
309 1878 518 1969 spiritalium
545 1902 659 1950 rerum
692 1879 902 1950 desiderium
930 1879 1086 1949 redderet
1108 1879 1292 1971 frigidius;

52 1981 78 2034 et
96 1990 194 2038 eorum
217 1969 360 2056 quidem
373 1968 483 2038 amori
498 1971 672 2059 sapienter
690 1969 834 2127 opponit
855 1969 912 2037 llei
937 1968 1160 2048 desiderium,
1178 1969 1296 2038 dicens

56 2075 86 2120 se
105 2057 200 2127 timere
218 2057 305 2128 illud
333 2069 564 2148 praeceptum,
590 2057 682 2146 quod
715 2057 737 2126 il
755 2080 793 2127 os
816 2057 936 2128 statuit
958 2079 997 2126 eo
1020 2079 1095 2128 esse
1119 2056 1293 2147 indignos,

57 2143 106 2226 qui
127 2143 313 2217 desiderium
346 2161 526 2236 parentum
543 2147 574 2215 ei
602 2145 810 2236 praeferunt,
838 2158 870 2216 et
891 2167 957 2215 non
983 2167 1120 2216 crucem
1149 2144 1297 2216 sustule-

57 2246 261 2313 mnt,cteum
284 2247 368 2305 sunt
391 2235 520 2316 secuti.;
552 2235 749 2328 mundanae
778 2247 891 2305 autem
919 2234 1000 2305 huic
1029 2235 1182 2314 militiae,
1220 2255 1296 2303 vere

56 2321 211 2408 angelicam
226 2339 259 2394 et
278 2323 447 2408 divinam5
470 2324 499 2392 si
524 2325 692 2394 terrestris
718 2324 820 2414 Regis
846 2323 955 2403 miles,
979 2323 1108 2403 dicens,
1137 2324 1198 2410 qui
1214 2343 1295 2392 con-

53 2421 169 2494 spectus
179 2411 233 2482 luit
257 2411 415 2484 ordinem
441 2412 608 2494 deserere,
633 2435 776 2503 magnas
795 2411 858 2481 luit
879 2433 1006 2502 poenas
1020 2435 1027 2492 ;
1037 2425 1215 2570 guantum
1245 2425 1296 2482 est

50 2499 224 2584 periculum,
252 2503 283 2570 si
308 2501 387 2588 quis
411 2501 498 2591 ejus
528 2501 588 2588 qui
605 2515 656 2570 est
680 2523 757 2571 vere
785 2505 864 2580 Rex,
893 2500 992 2570 miles
1017 2523 1034 2570 e
1062 2512 1169 2581 ectus
1203 2502 1294 2570 etin

45 2607 183 2660 numeros
198 2591 293 2662 illius
319 2589 536 2679 adscriptus·
555 2591 732 2680 proprium
765 2588 921 2660 ordinem
951 2589 1137 2677 reliquerit,
1163 2601 1196 2660 et
1226 2601 1294 2658 tarn

42 2696 161 2761 parvam
177 2679 334 2749 militiam
356 2700 395 2748 ea
419 2679 685 2768 permutaverit?
709 2677 799 2747 Illud
825 2677 964 2749 tandem
985 2679 1108 2768 adjecit
1126 2679 1180 2760 iis,
1207 2700 1295 2765 quae

38 2763 116 2835 dicta
137 2767 281 2848 lucrant,
308 2765 399 2854 quod
436 2789 498 2836 nec
521 2789 579 2837 eos
606 2767 747 2856 quidem
776 2767 952 2837 decaetero
986 2781 1142 2858 parentes
1175 2789 1295 2838 vocare

36 2856 231 2937 sustinuerit,
252 2857 281 2927 si
298 2877 357 2927 eos
380 2855 532 2944 amplius
557 2856 678 2928 viderit
695 2868 853 2946 rogantes
873 2868 905 2925 et
921 2858 1177 2938 contendentes,
1206 2869 1245 2928 ut
1274 2880 1295 2926 a

37 2943 142 3029 pulcra
160 2945 216 3014 illa
241 2945 380 3014 deliciet
405 2944 539 3014 militia.

70 3033 166 3118 §u
192 3039 274 3104 Cum
309 3034 480 3104 nescirent
506 3055 588 3123 ergo
622 3045 791 3122 parentes,
818 3033 902 3121 quid
932 3048 1082 3123 agerent,
1118 3048 1295 3106 cesserunt

34 3118 88 3188 filii
109 3123 338 3203 constantiae,
369 3135 402 3192 et
428 3121 565 3192 tandem
597 3121 647 3191 vel
681 3120 776 3190 inviti
811 3135 1055 3192 concesserunt
1077 3123 1230 3209 quidem,
1257 3135 1296 3193 ut

34 3209 151 3282 abiret:
170 3235 248 3282 eum
267 3225 382 3281 autem
409 3211 627 3281 vehementer
652 3223 827 3301 rogarunt,
848 3223 885 3280 ut
902 3233 984 3281 suae
1012 3210 1178 3300 pecuniae
1204 3210 1295 3280 acci-

33 3313 115 3384 perat
138 3301 267 3388 aliquid
294 3301 336 3368 ad
387 3299 557 3369 arandum
583 3299 758 3379 viaticum,
778 3319 847 3386 quo
871 3321 959 3388 opus
978 3300 1079 3369 habet
1096 3300 1295 3389 peregrina·

31 3387 79 3454 tio.
97 3395 199 3476 Atque
218 3389 266 3458 illi
292 3322 431 3476 quitlem
459 3402 617 3489 prompto
640 3401 672 3458 et
688 3387 795 3456 alacri
817 3389 934 3456 animo
959 3390 1067 3458 Sabae
1084 3388 1295 3476 praebebant

32 3477 140 3566 ugron
168 3499 311 3548 aureos:
339 3477 412 3567 ipse
437 3499 490 3546 ur
515 3477 626 3546 tribus
655 3476 817 3564 acceptis,
844 3477 985 3563 eisque,
1016 3476 1108 3563 quod
1134 3489 1294 3564 rogarent

31 3579 188 3650 parentes,
215 3589 260 3636 ne
283 3589 341 3636 eos
360 3566 559 3657 despiceret,
594 3564 694 3636 solvit
717 3564 920 3635 Alexandria
945 3587 1014 3634 una
1043 3587 1121 3636 curn
1147 3570 1291 3634 loanne.

30 3655 115 3734 Quod
140 3668 251 3726 autem
274 3666 414 3745 propter
439 3667 597 3743 parentes
617 3677 674 3724 eos
699 3665 766 3723 tres
791 3675 912 3724 aureos
937 3655 1118 3742 acceperit,
1147 3675 1213 3722 non
1244 3665 1294 3722 est

32 3743 140 3826 procul
159 3744 357 3831 quaerenda
383 3744 548 3832 probatio.
577 3748 658 3813 Cum
685 3744 776 3812 enim
799 3744 871 3832 jam
898 3743 1045 3811 venisset
1069 3743 1100 3809 io
1126 3755 1294 3811 monaste-

31 3831 124 3914 rium,
144 3855 201 3902 eos
223 3833 338 3902 ferens
363 3831 421 3901 dat
443 3833 476 3900 in
505 3853 630 3902 manus
654 3832 856 3912 theoctisto,
886 3831 958 3920 ipse
985 3830 1069 3899 nihil
1094 3830 1209 3900 volens
1233 3831 1294 3901 ha-

30 3920 99 3990 bere
124 3925 322 4011 proprium:
350 3933 381 3990 et
399 3921 526 4008 alioqui
548 3943 590 3990 ne
609 3921 782 4011 malignus
799 3920 879 3989 hinc
893 3919 1062 4008 acciperet
1076 3921 1292 3990 occasionem

31 4011 225 4100 suggerendi
242 4012 272 4080 ei
298 4009 537 4098 cogitationem
554 4009 726 4078 avaritiae.
745 4012 821 4077 Jarn
844 4030 922 4078 vero
944 4008 1060 4078 decem
1085 4030 1194 4078 annos
1218 4008 1292 4077 illio

33 4113 161 4168 sanctus
186 4111 397 4187 transegerat
420 4097 536 4178 Sabas,
563 4111 595 4167 et
622 4099 742 4170 beatus
768 4118 787 4166 e
815 4097 900 4168 vivis
926 4109 1115 4167 excesserat
1138 4097 1294 4167 Theocti·

34 4200 113 4254 stus:
138 4209 238 4274 quem
264 4209 346 4258 cum
375 4199 490 4258 sancte
515 4209 661 4276 magnus
686 4184 875 4276 sepeliisset
903 4187 1122 4275 Euthymius,
1149 4207 1209 4276 pro
1233 4185 1294 4254 illo

37 4277 203 4357 ruemdam
229 4276 353 4356 llario,
381 4274 491 4344 virum
517 4297 582 4344 non
610 4273 926 4365 parvifaciendum,
954 4273 1056 4364 elegit
1083 4273 1293 4366 praelectum

52 4401 63 4418 ¹
76 4401 150 4449 Forte,
164 4401 278 4442 nlit'torcl.
