3046 4838
83 305 175 370 bttt
441 329 485 374 ux
509 329 662 376 summo
686 331 735 376 ur.
762 329 893 378 novior.
1218 313 1260 378 29

79 409 247 496 maximaque
276 432 295 479 a
327 413 548 502 temporibus
572 413 811 484 Brunechildis
840 413 1098 484 infelicissimae
1129 415 1302 506 Reginae,

79 498 214 582 usquead
236 510 386 588 tempora
416 501 601 592 Dagoberti
628 503 730 593 Regis
762 502 910 573 violabat
939 503 1004 572 hoc
1034 504 1234 592 contagium
1262 503 1304 586 fi,-

74 583 128 653 den
147 586 347 658 catholicam.
377 589 526 660 Solliciti
562 602 673 660 tarnen
706 605 825 679 contra
849 592 913 662 hoc
937 591 1165 681 invigilabant
1195 593 1305 662 sancti

73 673 116 741 viri
141 674 181 742 Eli
206 676 255 747 'us
279 689 312 747 et
342 679 556 750 hudoiiuus:
590 692 623 748 et
650 681 829 750 communi
853 703 933 752 curn
958 681 1101 750 caeteris
1125 680 1305 752 catholicis

71 761 161 830 virish
203 765 244 833 ito
265 765 429 847 consilio,
458 781 706 860 suggesserunt
730 770 881 860 principi
904 781 937 838 et
956 769 1181 859 optimatibus
1215 770 1302 860 ejus,

69 863 95 917 ut
113 851 174 920 hoc¹
187 854 396 924 mortiferum
420 857 516 926 virus
539 858 606 927 cito
621 858 848 948 extirparetur
871 881 891 928 a
910 879 1052 947 corpore
1068 857 1203 937 Christi,
1218 879 1307 944 quae

67 951 103 1005 est
121 940 307 1012 universatis
330 945 501 1014 Ecclesia.
536 947 665 1016 Habuit
688 947 803 1032 itaque
826 947 984 1018 ellectum
1020 969 1139 1016 eorum
1164 946 1222 1035 pia
1248 969 1306 1035 pe-

66 1027 130 1108 titio,
152 1041 181 1098 et
194 1029 336 1102 libenter
351 1033 593 1114 obtinuerunt,
621 1035 713 1122 quod
731 1035 848 1105 devote
870 1047 1087 1125 rogaverunt.
1111 1039 1205 1104 Tunc
1227 1056 1308 1126 ergo

65 1114 168 1202 placuit
181 1120 352 1202 omnibus,
382 1123 515 1192 unuin
541 1123 671 1212 Spiritu
702 1128 824 1194 Sancto
847 1129 986 1215 accepto
1010 1122 1167 1205 consilio,
1202 1123 1307 1192 simul

63 1225 124 1300 cum
145 1207 238 1296 Regis
263 1208 426 1298 imperio,
453 1221 493 1280 ut
510 1211 640 1292 nullus,
670 1212 777 1300 pretio
800 1211 890 1294 data,
917 1213 961 1282 ad
994 1211 1203 1282 sacerdotale
1234 1210 1308 1280 olli·

63 1313 135 1358 cium
147 1295 398 1368 admitteretur:
417 1321 529 1386 neque
544 1321 613 1381 eos,
630 1302 690 1386 qui
715 1313 753 1369 ut
769 1300 843 1390 lupi
861 1324 1001 1391 rapaces
1018 1299 1133 1370 dando
1150 1322 1305 1382 munera,

63 1383 217 1452 mercanda
238 1388 430 1458 censebant
454 1388 544 1457 dona
579 1389 727 1480 Spiritus
743 1391 877 1460 Sancti:
897 1389 956 1458 sed
985 1389 1063 1460 illos
1088 1389 1221 1478 potius,
1248 1389 1308 1490 qui

62 1481 152 1539 essent
171 1471 246 1542 boni
271 1476 465 1546 testimonii
499 1476 574 1557 viri,
601 1490 633 1547 et
661 1477 973 1568 irreprehensibilis
996 1478 1100 1560 vitae,
1127 1477 1170 1548 ad
1197 1490 1309 1567 pontr-

63 1553 162 1626 lcatus
182 1562 412 1635 ministerium
438 1563 482 1634 eli
509 1577 615 1634 erent.

99 1647 170 1730 §2
191 1651 319 1722 Exinde
345 1653 457 1743 igitur
474 1588 709 1742 elegeramus
736 1654 897 1724 meritum
922 1653 1113 1726 sanctitatis
1129 1654 1171 1723 ad
1197 1675 1308 1724 sacer·

64 1731 155 1803 dotale
176 1737 324 1811 officium
351 1741 488 1811 cunctis
515 1741 615 1811 bonis
639 1742 801 1832 operibus
826 1741 1019 1832 praeditum
1054 1755 1210 1814 sanctum
1240 1743 1309 1812 Eli-

65 1821 141 1908 gium
155 1824 179 1906 ⁸,
198 1827 268 1914 jarn
295 1829 435 1900 lumine
458 1830 606 1920 Spiritus
623 1831 737 1900 Sancti
761 1831 977 1910 irradiatum,
1003 1843 1042 1901 ut
1062 1843 1233 1920 praeesset
1249 1836 1310 1900 Ec-

67 1907 165 1982 clesiae
187 1919 404 1988 Noviomeusi
423 1917 469 1986 ⁹.
493 1925 709 1990 Decesserant
731 1920 823 1990 enim
849 1941 888 1990 eo
912 1941 1003 1990 anno
1027 1921 1205 2000 laberius,
1233 1921 1311 2009 ejus

69 1997 146 2093 urbis
163 2006 310 2078 antistes.
344 2006 529 2096 Elegerunt
555 2021 669 2077 autem
696 2030 776 2078 curn
801 2029 841 2076 eo
864 2021 897 2078 et
921 2007 1124 2078 hudoiinurn
1156 2007 1310 2106 sodalem

73 2103 142 2168 elus,
160 2093 209 2176 qui
231 2095 422 2166 vocabatur
441 2095 545 2178 Dado,
572 2107 611 2165 ut
639 2108 807 2186 praeesset
831 2096 1001 2168 Ecclesiae
1027 2097 1308 2186 Rotlromagensr.

73 2175 127 2242 Hoc
146 2200 209 2267 ergo
227 2184 335 2255 modo
352 2183 529 2254 aurificem
549 2184 694 2255 invitum
712 2185 906 2266 detonsum,
925 2185 1178 2256 constituerunt
1199 2195 1312 2270 custo,-

71 2259 130 2365 tlttn
151 2270 276 2342 urbium
306 2293 369 2341 seu
393 2273 690 2362 municipiorum,
717 2294 864 2360 quorum
897 2273 980 2343 haec
1004 2285 1086 2343 sunt
1117 2272 1309 2352 vocabula,

70 2353 348 2448 leronauduensis
362 2359 416 2397 *³⁵*
432 2361 572 2443 scilicet,
589 2382 677 2448 quae
700 2372 751 2434 est
776 2361 974 2452 metropolis
992 2362 1093 2442 urbs,
1120 2366 1312 2431 Tornacen·

71 2459 108 2506 sis
121 2441 184 2527 Μ’,
199 2471 288 2536 quae
305 2449 484 2536 quondam
502 2449 626 2542 regalis
650 2449 715 2520 luit
738 2451 878 2551 civitam
911 2449 1146 2544 Noviomansis
1162 2463 1194 2518 et
1211 2449 1313 2520 Flau-

68 2524 184 2614 drensis,
208 2537 403 2608 (laudensis
427 2550 528 2626 atque
551 2539 819 2608 Cortoriacensrs
835 2537 934 2607 *W
957 2539 1006 2608 Ob
1038 2539 1101 2609 hoc
1118 2552 1233 2609 autern
1260 2537 1311 2606 vel

67 2619 187 2712 maxime
206 2649 287 2696 eum
318 2625 374 2696 his
399 2626 483 2696 locis
518 2625 686 2696 dederunt
710 2639 904 2718 pastorem,
934 2625 1025 2714 quod
1058 2628 1135 2717 ejus
1161 2626 1313 2716 regionis

66 2708 173 2780 tncolae
197 2736 323 2804 magna
347 2714 462 2785 adhuc
485 2737 524 2784 ex
556 2727 650 2804 parte
706 2715 882 2786 entilitatis
907 2737 1022 2786 errore
1049 2715 1309 2794 detinerentur,

65 2796 203 2887 vanisque
219 2803 523 2892 superstitionibus
542 2805 625 2874 satis
641 2739 748 2876 dediti
772 2816 896 2886 essent,
918 2818 950 2874 et
964 2817 1139 2892 tamquam
1161 2815 1314 2895 agrestes

66 2879 137 2954 ferae
158 2890 283 2960 nullius
298 2891 485 2962 salutarem
511 2913 704 2962 sermonem
722 2892 950 2964 admitterent.
973 2897 1093 2980 ltaque
1112 2893 1311 2974 virbeatus,

65 2991 128 3042 tum
151 2999 183 3048 se
206 2979 302 3048 nullo
333 2979 434 3050 modo
454 2981 498 3050 ab
521 2981 683 3070 imposito
713 3003 856 3052 munere
879 2992 1037 3050 excutere
1065 2994 1190 3070 posset,
1213 3004 1254 3050 ne
1278 2982 1315 3050 in

21 3070 22 3137 ζ
67 3057 336 3138 ulloacatholica
353 3067 473 3157 regula
496 3068 632 3138 deviare
662 3070 843 3152 videratur,
878 3091 944 3140 non
972 3091 1007 3140 se
1032 3070 1190 3228 permisit
1219 3070 1316 3160 prius

66 3155 248 3226 sacerdotem
269 3158 477 3239 consecrari,
491 3178 595 3243 quam
617 3159 683 3228 sub
707 3157 889 3230 clericatus
904 3179 1030 3228 normu
1046 3181 1077 3240 a,
1100 3158 1216 3246 aliqua
1233 3171 1317 3228 tem·

67 3241 142 3323 poris
161 3245 333 3315 curricula
356 3246 534 3336 exegisset.
553 3251 598 3314 Eo
612 3246 718 3338 igitur
731 3259 883 3336 tempore
909 3258 1092 3328 transacta,
1108 3258 1140 3317 et
1157 3245 1317 3318 ludoe'no

67 3333 242 3414 apartibus
267 3333 556 3424 transligeritanis
586 3356 731 3417 reverso,
759 3335 901 3422 jamque
924 3357 963 3406 eo
989 3336 1188 3436 presbytero
1213 3357 1231 3404 a
1257 3333 1318 3434 do-

20 3440 23 3510 t,
69 3417 301 3491 ninobeodato
325 3424 546 3492 llatasceosis
570 3421 676 3460 aaa*
699 3423 798 3494 urbis
826 3425 993 3514 Episcopo
1023 3423 1205 3505 ordinato,
1233 3427 1318 3492 lnrto

68 3508 198 3592 consilio,
216 3512 345 3600 pariter
358 3511 424 3581 sub
438 3511 543 3581 unius
559 3511 627 3582 dici
642 3511 788 3584 articulo
801 3512 1028 3602 Apostolicam
1043 3511 1318 3584 benedictionem

69 3599 191 3680 gratuito
216 3611 419 3670 meruerunt
435 3621 474 3670 eo
490 3612 653 3690 tempora,
670 3623 738 3688 quo
756 3601 848 3691 apud
864 3599 991 3672 Gallias
1007 3624 1027 3672 a
1045 3613 1170 3672 cuncto
1191 3597 1320 3702 populo

70 3683 248 3772 lagationes
277 3688 553 3758 celebrabantur.
586 3690 830 3760 convenientes
854 3691 959 3782 igitur
982 3689 1089 3762 simul
1121 3691 1156 3760 in
1187 3691 1321 3762 civitate

71 3771 312 3898 ¹¹⁰²Qll³¹¹⁸i
335 3777 596 3864 quartodecimo
612 3777 668 3848 die
691 3779 821 3848 mensis
839 3779 940 3860 tertii,
963 3800 1055 3850 anno
1080 3779 1178 3850 tertio
1202 3777 1320 3849 Clodo-

70 3861 106 3928 tei
227 3920 235 3946 ,
245 3865 428 3954 juvenculi
443 3865 557 3938 adhuc
571 3867 684 3957 Regis,
698 3865 754 3936 die
767 3867 944 3938 Dominico
958 3880 1037 3938 ante
1050 3868 1213 3950 litanias,
1233 3869 1322 3936 inter

72 3961 198 4022 catervas
216 3953 347 4044 populi,
376 3955 465 4024 inter
490 3956 630 4046 agmina
654 3955 878 4038 clericorum,
901 3957 990 4028 inter
1014 3956 1138 4026 choros
1170 3955 1322 4047 psallen-

73 4035 140 4106 tium
162 4043 349 4114 consecrati
370 4063 492 4114 sumus
515 4044 622 4133 gratis
640 4046 683 4117 ab
703 4045 882 4136 Episcopis
906 4045 1033 4136 pariter
1053 4045 1232 4134 Episcopi,
1259 4065 1322 4134 ego

95 4161 173 4206 'Anao
186 4169 231 4208 m.
659 4172 686 4198 ⁸·
700 4171 760 4212 Gall.
775 4173 858 4223 Nonou.

20 4230 24 4301 p
76 4213 129 4314 “¹ss
138 4219 322 4316 ffiffissm
341 4223 428 4274 gallice
450 4223 592 4266 vermandois
609 4225 749 4276 appellatur,
765 4225 822 4266 urbo
834 4221 978 4275 -prinotpotta
991 4225 1028 4266 cst
1038 4235 1072 4270 es.
1083 4231 1154 4273 quam
1165 4222 1326 4272 saint-Quinto·

96 4319 139 4347 ”⁸⁸
152 4325 206 4366 Gall.
219 4329 332 4380 Tomy.
656 4331 727 4360 *Μ*
743 4329 803 4370 Gall.
817 4329 881 4368 θαμά
895 4328 919 4370 el
933 4329 1049 4382 Cattrlroy.

100 4373 167 4404 “““““
175 4379 281 4422 tortuosa
292 4381 419 4432 legendum
428 4383 464 4424 ast
474 4385 648 4432 Mottmmr'a,
658 4386 729 4435 vulgo
739 4384 828 4424 Maron.

20 4473 21 4500 ,
102 4425 182 4458 unu„
194 4435 258 4477 anno
268 4433 364 4478 anicet
374 4433 518 4480 cmtrttoto.
