2946 4798
238 297 303 361 488
551 311 591 359 ne
616 313 643 360 s.
671 313 791 360 voanna
814 313 866 359 ar.
893 313 930 360 ar
954 311 1107 359 evaneat.
1298 289 1369 354 out.
1388 291 1418 352 ll

240 403 257 487 ξ
282 401 360 470 Ιθ.
389 403 511 468 Verum
528 397 557 466 si
574 417 629 466 res
652 396 808 486 diligenti
831 396 1106 466 consideratione
1127 391 1336 484 perpenditur
1349 392 1419 480 (cun

197 487 284 558 beati
303 487 408 576 Moysi
435 507 517 574 pace
540 485 677 575 loquar)
699 491 848 556 loannes
875 485 985 576 potior
1008 485 1192 554 invenitur.
1211 481 1270 552 llle
1288 479 1419 567 siquiden
1469 551 1470 562 χ

196 576 353 646 minister
374 575 483 644 extitit
506 573 603 666 legis,
629 575 686 644 hic
714 574 927 664 praedicator
957 587 1007 644 est
1032 573 1172 664 gratiae.
1198 571 1259 641 llle
1281 579 1420 661 praecepta
1469 595 1470 636 v

196 665 310 746 tradit,
336 665 465 751 quibus
491 677 627 754 peccata
654 664 879 754 punirentur:
912 663 973 732 iste
1004 661 1230 750 poenitentiae
1254 659 1419 748 baptismum
1469 683 1470 686 ¹

194 753 350 834 eontulit,
370 775 437 839 quo
460 753 587 834 omnia,
601 752 748 822 crimina
772 751 979 822 delerentur.
998 751 1060 821 llle
1075 749 1296 821 annuntiator
1315 759 1357 818 est
1371 767 1420 814 un·

194 844 286 922 brae,
308 843 363 910 bic
388 841 545 912 minister
559 855 610 911 est
627 841 789 911 veritatis.
817 840 877 910 llle
901 841 988 911 dixit
1006 841 1167 910 Domino:
1192 842 1231 909 Si
1248 837 1351 907 incerti
1365 855 1420 924 yra-

195 935 277 1002 tiom
294 933 329 1000 in
348 941 522 1020 conspectu
542 941 610 1010 too,
634 931 766 1000 ostende
782 932 870 999 rnilvt'
881 933 1004 1019 sociem
1019 941 1125 1010 tuom,
1146 939 1183 998 ul
1195 931 1297 998 sciam
1318 936 1362 994 te:
1384 920 1419 992 ved

197 1021 354 1108 protinus
373 1019 522 1088 audivit:
549 1025 619 1090 lt'on
643 1021 767 1109 poteris
795 1019 908 1089 videre
921 1020 1043 1107 sociem
1066 1041 1200 1098 meom;
1223 1040 1286 1086 aon
1308 1012 1419 1084 enmo'-
1469 1043 1470 1048 ¹

195 1111 282 1178 debit
298 1131 351 1177 me
368 1110 474 1189 bomo,
498 1119 529 1178 el
552 1110 640 1177 vivet
655 1109 779 1197 (Eood.
794 1107 924 1196 xxx111);
941 1109 1004 1178 iste
1017 1129 1094 1176 vero
1110 1112 1218 1176 Deum
1236 1107 1419 1175 incernam.

196 1219 262 1267 non
281 1197 393 1266 solum
414 1196 496 1266 vidit
519 1209 552 1266 et
568 1197 711 1276 audivit,
730 1196 789 1266 sed
817 1197 919 1266 etiam
940 1196 1101 1267 manibus
1124 1193 1349 1272 contrectavit,
1364 1191 1422 1257 slent

197 1287 268 1376 ipse
292 1298 454 1367 testatur,
482 1285 620 1355 dicens:
648 1287 740 1368 (laod
765 1287 832 1374 [uit
856 1287 897 1355 ob
918 1287 1035 1366 initio,
1063 1286 1152 1377 qood
1176 1286 1341 1360 vidimus,
1367 1275 1423 1370 quet

195 1377 399 1454 audiuimus,
418 1375 506 1466 quod
530 1377 635 1444 oculis
651 1376 772 1444 nostris
793 1376 1040 1476 perspeximus,
1061 1385 1092 1442 el
1108 1395 1231 1443 monas
1248 1383 1423 1442 nostraene

195 1474 420 1534 trectooerovrl
444 1465 484 1533 de
505 1465 603 1532 l'erlvo
628 1465 728 1543 citae,
757 1473 788 1532 el
803 1465 961 1546 videmus,
982 1473 1013 1533 et
1030 1473 1206 1542 testemur,
1235 1472 1266 1531 et
1287 1456 1424 1529 mrnmrlio·
1469 1482 1470 1525 3

193 1575 267 1622 mur
292 1555 380 1622 volvis
404 1554 509 1621 vilem
533 1564 718 1632 oeternum,
745 1573 832 1643 quoe
856 1563 929 1622 eret
953 1577 975 1621 o
1000 1553 1046 1621 ad
1068 1557 1227 1630 Putrem,
1255 1561 1285 1620 et
1307 1543 1424 1639 apperuit
1469 1589 1470 1616 1

194 1645 296 1712 euobis.
333 1647 372 1711 Et
397 1663 463 1710 non
486 1639 598 1711 solum
631 1645 736 1711 lleum
766 1641 941 1710 hominem
969 1575 1097 1710 (dotum
1125 1639 1239 1711 oculis
1269 1634 1424 1709 carnalibus
1469 1671 1470 1682 .

195 1731 288 1814 vidit,
316 1730 432 1800 sedet
458 1731 571 1820 ipsum
597 1729 758 1812 Verbum,
784 1729 876 1820 quod
900 1743 973 1800 erat
996 1729 1089 1817 apud
1116 1734 1263 1808 Patrem,
1291 1749 1345 1818 per
1365 1716 1422 1809 quod
1469 1791 1470 1794 ,

195 1818 282 1889 lacta
307 1819 539 1898 sumamma,
567 1817 736 1888 illustrata
760 1817 927 1890 divinitus
953 1831 1065 1888 mente
1088 1819 1280 1910 conspexit.
1301 1819 1423 1903 liquet:

193 1909 307 1979 adbuc
331 1908 543 2008 comparatio
561 1905 783 1998 producatur,
803 1912 936 1998 Moyses
951 1906 1173 1978 tabernaculo
1192 1917 1351 1998 proceret,
1366 1893 1423 1986 quel
1469 1937 1470 1966 ;

194 1997 304 2068 nubes
328 1997 513 2088 operiebat,
535 1997 580 2066 ita
597 1997 839 2084 utaliquando
857 2017 919 2066 nec
940 1996 1015 2086 ipse
1039 2001 1170 2086 Moyses
1189 2008 1303 2087 posset
1326 1993 1423 2081 intrare.
1469 2031 1470 2056 i

195 2086 284 2156 siout
308 2087 342 2154 in
365 2085 477 2155 Exodo
502 2085 642 2176 legitur:
677 2087 763 2168 Ouio
794 2087 926 2176 operuit
957 2087 1059 2155 nuber
1090 2087 1342 2155 tabernaculum
1369 2085 1424 2147 leil·
1469 2111 1470 2114 ¹

193 2178 318 2254 monii,
347 2185 377 2244 el
400 2177 514 2266 glorio
539 2177 672 2244 Domini
694 2177 845 2265 impleuit
870 2175 959 2244 illud
981 2175 1112 2260 (Marad.
1141 2173 1221 2264 xe),
1251 2196 1311 2242 nec
1338 2174 1425 2258 poterat

194 2264 329 2354 ingredi
354 2267 486 2360 Moyses
512 2277 635 2332 tectum
659 2261 815 2345 foederis
844 2263 936 2332 nube
958 2264 1133 2353 operiente
1156 2263 1295 2343 omnia;
1318 2265 1424 2330 Joanne

194 2375 271 2423 vero
299 2351 449 2422 melioris
475 2351 687 2420 tabernaculi
711 2365 826 2422 eustos
851 2351 983 2432 lactus,
1017 2351 1134 2422 beatae
1158 2353 1287 2422 Mariae
1315 2345 1426 2417 minister

192 2442 311 2522 extitit,
331 2463 434 2532 quam
458 2463 526 2510 non
548 2440 704 2510 videlicet
718 2462 883 2532 corporea
897 2441 1003 2530 hujus
1019 2441 1108 2511 aeris
1126 2443 1241 2511 nubes
1257 2427 1425 2512 obtenturi

195 2531 343 2620 Spiritus
368 2533 514 2600 Sanctus
536 2529 753 2599 invisibiliter
776 2529 1007 2600 obumbravit.
1034 2535 1073 2600 Et
1093 2529 1205 2619 gloria
1232 2526 1368 2604 Domini,
1385 2520 1427 2588 lu*
1469 2583 1470 2588 ,

191 2633 242 2688 est
259 2619 352 2690 lilius
378 2617 447 2699 Dei,
470 2619 531 2706 qui
556 2618 620 2688 hoc
646 2618 922 2698 tabernaculum,
950 2639 1018 2688 aon
1049 2603 1427 2700 pernecessariam

193 2731 306 2778 veram
332 2729 469 2777 carnem
497 2721 723 2797 suscepturus
752 2707 917 2798 implevit,
945 2728 1013 2777 non
1039 2709 1166 2778 mansit
1191 2709 1261 2778 sub
1285 2693 1429 2776 a‘e'rtsol·
1469 2739 1470 2750 .

192 2798 283 2886 gine,
305 2795 362 2866 sed
383 2797 496 2883 potius
516 2796 551 2865 in
578 2795 665 2866 Solis
690 2796 833 2876 lumine,
853 2796 943 2866 sicut
961 2817 1021 2886 per
1037 2797 1245 2885 Prophetam
1270 2787 1430 2863 dicitur:lt

191 2891 259 2955 sole
282 2887 394 2975 posuit
418 2887 674 2956 talernaculum
697 2885 958 2974 scommata).
985 2889 1047 2954 Per
1072 2885 1169 2954 illurn
1198 2905 1324 2954 manna
1345 2879 1430 2948 daton
1469 2925 1470 2930 η

191 2986 333 3076 esttunc
351 2974 539 3044 Israelitico
558 2974 685 3064 populo
699 2998 706 3042 :
721 2996 799 3044 ecce
812 2987 941 3132 poento
951 2973 1137 3065 gloriosius
1152 2973 1258 3044 babet
1268 2974 1326 3042 iste
1339 2981 1430 3037 manna
1469 3007 1470 3038 ;

194 3084 227 3132 m
246 3061 417 3150 sepulcro.
441 3068 480 3132 Et
495 3063 578 3150 quid
599 3062 721 3154 plural
739 3062 799 3132 llle
827 3063 935 3132 aciem
954 3085 1053 3133 suam
1075 3061 1237 3144 obnubit,
1258 3083 1298 3131 ne
1314 3057 1432 3128 videaur
1458 3094 1459 3099 =

192 3175 212 3220 a
233 3151 383 3252 populo:
412 3151 474 3220 iste
487 3153 591 3222 etiam
616 3152 806 3222 divinitatis
823 3149 948 3222 revelat
971 3152 1169 3233 essentiam,
1186 3165 1228 3222 ut
1248 3156 1332 3220 Deus
1346 3145 1381 3214 ab
1393 3141 1430 3234 be·
1469 3185 1470 3188 =

194 3241 348 3310 minibus
365 3253 584 3330 agnoscatur.
605 3245 711 3328 Atque
728 3255 764 3312 ut
782 3239 871 3311 idem
899 3253 1063 3342 repetam,
1090 3240 1148 3310 ille
1166 3239 1379 3330 splendorem
1395 3247 1430 3297 sut

194 3329 308 3400 vultus
333 3328 469 3410 obtexit,
494 3352 537 3398 no
560 3330 604 3400 ab
630 3329 688 3400 illa
707 3329 804 3419 plebe
829 3340 1107 3419 conspiceretur:
1134 3329 1198 3400 ista
1225 3329 1283 3398 Dei
1305 3323 1430 3418 Verbum·

192 3419 284 3509 quod
299 3430 349 3490 est
363 3418 476 3508 imago
494 3421 615 3500 Patris,
634 3419 798 3509 splendor
813 3420 954 3510 gratiae,
973 3431 1005 3488 et
1023 3418 1136 3508 ligura
1151 3415 1357 3488 substantiae
1369 3427 1430 3498 eyes.

194 3509 375 3597 perspicue
392 3507 562 3590 revelavit,
582 3520 621 3578 ut
636 3531 656 3578 a
674 3508 772 3579 nobis
785 3526 1040 3598 agnosceretur.
1061 3512 1236 3577 Postremo
1253 3505 1308 3576 Dei
1326 3499 1430 3571 Filium
1469 3541 1470 3546 κ

191 3617 294 3684 quem
311 3599 376 3668 iste
396 3618 477 3686 prae
494 3597 657 3666 manibus
682 3597 813 3678 habuit,
836 3619 917 3666 cum
941 3617 1011 3684 quo
1031 3595 1229 3666 diutissime
1247 3595 1431 3682 conversatus

194 3697 256 3767 est,
284 3709 302 3754 a
324 3709 392 3773 quo
416 3685 519 3755 unice
535 3700 638 3775 atque
653 3685 847 3778 specialiter
863 3685 1010 3756 dilectus
1028 3697 1091 3766 est,
1108 3683 1167 3755 ille
1182 3683 1321 3771 quidem
1340 3679 1432 3748 obnixe

191 3795 230 3844 ao
259 3773 532 3844 desiderabiliter
559 3775 673 3864 petiit,
700 3775 837 3845 dicens:
866 3776 1023 3855 Obsecro,
1051 3775 1211 3855 Dnmr'ne,
1247 3774 1337 3841 mille
1360 3777 1430 3854 quen

190 3867 355 3934 tolerares
379 3887 413 3933 er
431 3863 554 3953 (oceo.
587 3863 652 3952 rv);
679 3864 738 3934 sed
764 3864 949 3954 impetrare
974 3884 1042 3933 non
1075 3861 1192 3932 valuit.
1225 3865 1429 3950 Verumtamen

190 3953 274 4022 dum
301 3953 451 4043 magnis,
475 3954 692 4040 summisque
716 3952 809 4043 apud
836 3957 942 4023 Deum
969 3951 1100 4022 meritis
1124 3951 1227 4020 ambo
1246 3945 1428 4038 claruissent·

189 4065 259 4113 uno
279 4056 423 4132 uterque
440 4041 565 4129 spiritu
587 4041 710 4130 plenus
723 4041 799 4123 luit,
816 4064 886 4111 uno
907 4054 1051 4129 uterque
1064 4039 1236 4110 desiderio
1253 4028 1430 4129 concordtttf

191 4132 380 4231 aestuabat.
401 4133 466 4200 Meo
493 4149 555 4199 nos
572 4130 717 4200 alterum
743 4130 842 4200 alteri
867 4129 1038 4220 praeferre
1063 4128 1327 4221 praesumimus,
1350 4112 1430 4218 sidr-

192 4232 382 4290 versrlatem
410 4240 470 4309 pro
495 4219 550 4286 sui
575 4219 745 4306 cujusque
760 4219 927 4310 dignitate
945 4239 1144 4310 pensamus.
1166 4223 1313 4288 Duorum
1330 4215 1429 4298 (ῌΙΙΡΡθ

190 4306 358 4403 viatorum
384 4303 563 4376 vivacitate
589 4308 737 4396 parium,
761 4310 820 4396 qui
845 4322 919 4378 orto
936 4307 1007 4378 sole
1023 4305 1194 4400 graditur,
1211 4304 1332 4376 clarius
1348 4309 1429 4395 quae·

190 4391 272 4461 libet
299 4397 456 4482 opposita
488 4395 676 4484 conspicit,
704 4419 809 4484 quam
831 4397 871 4478 ie,
899 4399 959 4484 qui
982 4396 1211 4468 antelucanus
1234 4395 1381 4477 exsurgit·
1403 4379 1429 4442 Et
