2994 4832
262 323 326 386 l06
576 339 615 385 na
638 340 666 386 s.
693 337 820 386 annona
844 335 991 387 suuntur.
1018 337 1128 388 conon.
1345 321 1456 386 naut

214 439 343 495 terrore
367 424 540 504 concussi,
560 422 694 492 obviam
721 423 850 514 legatos
871 423 913 492 de
938 446 1022 515 pace
1047 424 1228 505 miserunt,
1249 443 1283 492 se
1305 443 1372 492 reos
1393 445 1458 493 con·

215 514 362 595 orentes,
381 526 413 582 et
429 532 580 591 omnem,
599 533 704 600 quam
722 513 788 581 vita
815 512 981 582 incolumi
1001 511 1218 604 juberentur,
1239 533 1373 602 poenam
1392 533 1457 601 pen·

215 603 296 674 dere
319 612 469 692 paratos.
497 603 535 670 tt
558 600 845 691 Arcbiepiscopus
875 601 980 758 digne
1008 601 1261 692 poenitentibus
1284 622 1319 670 se
1346 603 1456 670 veniam

216 714 284 762 non
310 703 517 780 negaturum
544 689 732 780 rospondit.
756 695 855 773 Tum,
872 711 911 760 oe
926 692 1042 761 ebrata
1067 691 1248 760 blissarum
1272 689 1457 760 solemnitate

216 779 307 871 apud
335 784 367 848 S.
387 779 584 868 Georgium,
603 799 672 858 eos,
690 777 749 866 qui
823 779 971 849 ntifrcem
994 779 1073 848 sede
1098 780 1236 868 propria
1261 777 1455 870 expulissent,

206 870 276 956 'qni
300 867 479 938 ecclesiam
506 866 694 937 homicidio
718 866 774 957 pol
791 869 944 950 uissent,
971 869 1029 970 qui
1059 868 1226 957 templum
1254 872 1286 938 S.
1313 868 1391 936 Petri
1413 868 1457 936 bo·

216 957 339 1028 stiliter
356 957 582 1047 impetissent,
600 956 658 1044 qui
678 969 809 1025 caetera
832 957 1008 1046 religionis
1020 959 1099 1044 jura
1113 977 1204 1026 ausu
1222 957 1362 1028 barbaro
1377 970 1458 1026 teme·

215 1057 360 1130 rassent,
388 1044 582 1134 Episcopali
613 1045 727 1114 banno
763 1045 805 1114 ad
842 1045 1109 1116 satisfactionem
1148 1047 1290 1116 vocavit.
1326 1045 1460 1114 Protinus

215 1157 335 1205 omnes
359 1134 464 1205 nudis
489 1133 647 1224 pedibus,
668 1132 777 1204 laneis
793 1134 834 1203 ad
860 1157 998 1204 carnem
1021 1133 1133 1203 induti
1160 1147 1401 1225 processerunt,
1420 1133 1459 1200 vix

215 1237 248 1294 et
272 1246 373 1315 aegre
400 1225 581 1314 impetrata
615 1244 698 1311 pace
735 1223 991 1304 multitudinis,
1025 1244 1113 1310 quae
1149 1225 1239 1292 circo
1278 1225 1457 1312 Episcopum

216 1327 298 1395 erat,
325 1326 364 1383 ut
387 1313 451 1381 boc
477 1324 549 1382 tuto
571 1309 681 1381 facere
705 1313 912 1381 sinerentur.
940 1317 1021 1382 llam
1049 1323 1080 1382 et
1105 1311 1323 1382 vehementer
1346 1312 1372 1379 ei
1400 1331 1459 1380 suc·

215 1403 412 1482 censebant,
433 1400 524 1487 quod
549 1400 632 1469 dum
659 1400 919 1470 immoderatius
943 1401 1160 1470 clementiam
1187 1400 1394 1472 ostentando.
1418 1419 1460 1488 po·

217 1491 349 1582 pularis
367 1490 441 1560 fieri
460 1489 572 1570 vellet,
592 1489 741 1559 nefarios
766 1489 922 1560 homines
942 1489 983 1558 ad
1010 1489 1169 1560 audenda
1188 1491 1362 1578 nequiora,
1378 1488 1460 1577 hujus

216 1580 355 1650 sceleris
378 1579 596 1668 impunitate,
616 1580 796 1647 animaret.
819 1584 856 1648 tt
881 1601 959 1648 vero
977 1579 1262 1668 lrclriepiscopus
1279 1601 1336 1648 eos
1354 1589 1460 1668 postero

216 1669 271 1738 die
294 1668 335 1737 ad
354 1666 609 1756 suscipiendam
637 1666 828 1737 secundum
855 1689 1027 1738 canonum
1047 1668 1128 1738 scita
1152 1668 1388 1758 poenitentiam
1410 1681 1458 1732 tan

216 1757 381 1827 immanis
397 1756 531 1847 flagitii,
557 1756 600 1825 ad
626 1761 659 1826 S.
687 1761 822 1825 Petrum
842 1770 976 1844 praesto
1000 1777 1074 1826 esse
1089 1757 1207 1846 jubet:
1235 1758 1310 1847 ipse
1332 1775 1460 1847 progres-

215 1869 276 1916 sus
292 1846 333 1915 ad
352 1851 384 1915 S.
402 1851 599 1928 Gereonem,
615 1845 663 1916 ibi
680 1856 773 1914 extra
789 1845 909 1915 urbem
928 1857 1127 1936 pernoctare
1142 1847 1274 1915 statuit:
1293 1846 1461 1928 veritusque

215 1933 306 2023 quod
334 1933 457 2006 tradita
479 1935 637 2018 civitate,
666 1935 716 2002 vis
745 1935 933 2005 concitatae
970 1933 1205 2004 multitudinis
1237 1933 1382 2004 inhiberi
1408 1950 1460 2000 non

215 2033 352 2115 posset,
383 2023 439 2092 sed
479 2024 602 2112 partim
641 2023 793 2112 injuria,
825 2023 948 2114 partim
979 2023 1144 2114 cupidine
1163 2023 1313 2114 praedae
1337 2019 1459 2114 accensi.¹

215 2113 374 2183 acerbius
405 2115 575 2181 saevirent
603 2112 636 2180 in
664 2109 851 2203 populum,
873 2111 997 2182 obnixe
1022 2125 1118 2204 rogat
1148 2111 1394 2202 provinciales,
1419 2127 1460 2195 qut
1489 2135 1490 2140 ¹

215 2222 331 2272 secum
358 2215 478 2284 erant,
503 2213 542 2269 nt
566 2199 694 2292 singuli
727 2202 760 2268 in
787 2223 850 2270 sua
874 2223 952 2270 cum
980 2221 1063 2291 paee
1088 2201 1310 2284 recederent:
1339 2200 1414 2270 satis
1437 2215 1462 2292 se
1489 2161 1490 2254 l

214 2311 316 2382 opere
342 2311 460 2360 eorum
487 2311 603 2373 usum,
621 2303 653 2360 et
676 2288 816 2359 evidens
837 2288 956 2359 tulisse
978 2289 1239 2371 documentum,
1269 2289 1353 2378 quid
1379 2287 1461 2357 animr
1489 2279 1490 2372 l

214 2401 293 2451 oves
312 2388 392 2470 erga
417 2391 601 2468 pastorem,
622 2379 683 2448 filii
701 2399 782 2480 erga
808 2391 937 2469 patrem
963 2393 1132 2470 gererent:
1154 2381 1381 2468 asperrimam
1406 2393 1463 2465 par·
1489 2373 1490 2410 r

215 2481 281 2538 tem
307 2467 432 2558 negotii
459 2466 568 2536 multa
584 2488 702 2537 eorum
730 2479 853 2537 virtute
875 2479 1027 2536 exactam
1052 2488 1147 2537 esse:
1166 2480 1301 2538 caetera
1325 2487 1406 2556 quoe
1426 2481 1463 2530 re·

216 2569 328 2637 stent,
365 2555 464 2624 facile
495 2556 568 2645 jam
606 2556 735 2647 privata
773 2579 812 2624 ac
847 2553 1035 2626 domestica
1070 2577 1175 2625 manu
1212 2577 1315 2646 posse
1352 2550 1461 2624 confici.

215 2646 371 2724 Proinde,
392 2643 489 2732 'quod
516 2645 657 2726 bonum,
677 2644 768 2725 felix,
796 2643 1019 2731 faustumque
1035 2659 1132 2724 esset,
1157 2645 1294 2716 abirent
1310 2647 1344 2715 in
1369 2643 1464 2712 dornos

215 2757 308 2816 suas,
331 2734 421 2804 banc
446 2746 658 2823 reportantes
685 2755 793 2824 spem,
820 2733 912 2822 quod
942 2734 1047 2824 hujus
1070 2734 1227 2803 beneficii
1257 2733 1370 2824 gretia
1394 2723 1464 2819 apud

214 2844 306 2902 eum,
327 2843 387 2892 seu
402 2823 517 2890 vivum
535 2843 594 2892 seu
611 2821 823 2904 defunctum,
849 2843 908 2912 per
934 2835 1012 2892 etuo
1034 2837 1200 2893 mansura
1225 2821 1325 2893 foret.
1347 2825 1414 2891 lion
1429 2816 1465 2883 vit

215 2913 408 3000 impetrato,
435 2909 562 2980 milites
579 2932 680 2991 suos,
706 2923 890 2998 quantosa
932 2911 1212 3001 comprimendos
1237 2913 1390 2982 urbanos
1413 2925 1466 2976 mo·

215 3013 282 3080 tus,
310 2999 421 3087 siqui
446 2997 530 3067 forte
560 3000 693 3068 levitate
718 2999 809 3090 vulgi
832 3001 1120 3081 instaurarentur,
1149 2999 1309 3070 sufficere
1336 2996 1464 3090 putabat,

216 3086 418 3178 praecedere
434 3089 467 3156 in
493 3089 662 3158 civitatem
679 3089 790 3178 jubet.
812 3101 994 3158 secuturus
1019 3089 1092 3179 ipse
1115 3088 1267 3177 proxima
1297 3089 1381 3170 lnce,
1405 3102 1465 3153 cnm

212 3199 345 3258 eorum,
367 3177 425 3264 qui
454 3178 730 3266 praecessissent,
762 3176 953 3268 diligentia,
985 3197 1027 3246 ne
1058 3176 1142 3265 qnid
1168 3177 1253 3246 sorte
1279 3177 1465 3247 insidiarum

215 3267 333 3336 lateret
352 3266 550 3348 incivitate,
571 3265 808 3356 praecavisset.
829 3271 875 3335 Ea
900 3277 998 3335 nocte
1021 3267 1182 3346 sexcenti,
1206 3277 1265 3334 aut
1279 3287 1319 3335 eo
1337 3261 1467 3354 amplius

214 3368 420 3426 mercatores
444 3355 698 3445 opulentissimi
716 3377 756 3424 ex
780 3353 866 3425 urbe
883 3353 1031 3446 profugi,
1059 3355 1102 3424 nd
1130 3359 1255 3445 Regem
1282 3377 1320 3425 se
1336 3349 1468 3424 contule·

213 3457 306 3526 runt,
325 3445 581 3514 intercessionis
596 3445 670 3532 ejus
686 3465 784 3534 opem
804 3443 970 3513 adversus
990 3444 1149 3534 Episcopi
1167 3443 1344 3514 soevitiam
1362 3437 1467 3528 implo-

154 3599 161 3614 ,
214 3534 334 3604 raturi.
362 3534 486 3603 Caeteri
513 3535 668 3626 ingresso
692 3532 957 3623 Arcbiepiscopo
989 3533 1183 3613 civitatem,
1210 3544 1243 3601 et
1270 3543 1339 3602 toto
1374 3527 1468 3600 triduo

210 3623 306 3710 juxta
332 3623 530 3693 condictum
555 3621 775 3712 exspectanti,
797 3622 941 3691 minime
965 3643 1001 3691 se
1019 3635 1281 3712 praesentarunt
1301 3620 1343 3690 ad
1364 3633 1467 3710 propo-

215 3712 366 3782 nendum
389 3709 527 3797 aliquod
554 3709 796 3780 satisfactionis
820 3731 943 3800 genus.
971 3709 1067 3779 Unde
1086 3709 1327 3799 indignitatem
1349 3709 1391 3778 rei
1414 3721 1466 3774 non
1489 3733 1490 3806 q

214 3797 359 3870 ferentes
384 3799 541 3890 Episcopi
564 3799 702 3880 milites,
733 3799 854 3881 inscio,
879 3811 918 3870 ut
943 3799 1083 3890 plurimi
1113 3813 1284 3881 asserunt,
1307 3813 1406 3886 atque
1428 3794 1490 3900 itt-q

214 3888 371 3959 consulto
397 3889 672 3978 Arcbiepiscopo,
693 3909 789 3956 arma
811 3888 962 3977 rapiunt,
986 3888 1109 3958 domos
1138 3887 1329 3968 incursant,
1353 3901 1490 3978 posset-t

214 3977 329 4045 siones
358 3977 539 4066 diripiunt,
567 3988 787 4048 occursantes
812 3977 935 4067 partim
963 3990 1133 4058 sternunt,
1157 3978 1280 4067 partim
1310 3989 1421 4066 captos
1442 3987 1490 4035 111³

213 4064 352 4134 vincula
371 4066 572 4152 conjiciunt,
591 4079 624 4135 et
648 4086 802 4155 prorsus,
820 4077 859 4134 ut
875 4066 1006 4135 veritati
1033 4064 1082 4134 vel
1109 4065 1218 4135 coacti
1242 4064 1466 4136 assentiamur,

214 4152 323 4223 multo
346 4152 516 4236 ferocius,
543 4175 647 4241 quam
674 4153 759 4224 tanti
787 4153 962 4245 pontilicis
994 4154 1239 4226 existimationi
1264 4155 1490 4244 competeret}

210 4240 324 4328 justae
341 4241 483 4310 ultionis
505 4243 681 4331 negotium
700 4253 928 4329 exequuntur.
1426 4323 1430 4333 Ι

258 4330 276 4414 5
301 4332 375 4399 28.
408 4327 469 4397 Sed
496 4331 632 4418 gravior
656 4331 799 4402 morbus
822 4332 947 4401 acriori
976 4331 1154 4422 indigebat
1179 4330 1343 4402 antidoto.
1378 4323 1490 4396 Filius

216 4435 321 4504 supra
346 4419 524 4486 memorati
550 4419 760 4500 mercatoris,
783 4420 843 4506 qui
869 4420 1002 4510 primus
1027 4420 1194 4490 seditione
1214 4415 1467 4489 inflammaverat
