2972 4826
258 257 320 320 ⁴76
632 275 670 322 or
694 277 721 321 s.
747 272 882 344 nicoeno
907 276 980 322 ura.
1007 276 1056 322 rr.
1337 255 1445 322 blus
1476 317 1477 320 ,

212 371 326 426 autem
354 369 490 448 postea,
521 380 623 446 quam
662 359 905 450 Episcopatum
937 359 1061 440 inivit,
1092 358 1328 449 provincialem
1350 357 1448 426 habuit
1476 415 1477 436 ,

213 445 409 536 synodum,
432 449 465 515 in
492 467 559 534 qna
586 447 748 536 pleraque
778 447 898 528 multa,
927 460 998 516 tum
1037 446 1079 516 ad
1119 448 1175 517 bei
1209 446 1477 538 templorumqueq

213 534 360 616 cultum,
378 548 450 604 tum
475 535 517 604 ad
547 537 651 608 vitam
681 557 861 622 moresque
886 534 981 617 oleri,
1007 535 1143 606 decreta
1169 535 1335 625 praeclare
1361 546 1389 603 et
1407 557 1448 602 sa·

214 625 347 716 pienter
362 624 522 706 instituit,
543 625 667 713 partim
693 637 805 694 vetera
824 624 1039 715 corrigendo,
1055 624 1325 712 antiquandove:
1349 624 1448 713 partin

214 735 301 782 nova
317 711 508 793 condendo,
530 713 658 800 quibus
681 715 842 783 universa
863 713 1039 804 provincia
1064 714 1165 803 Lycia
1189 725 1346 782 uteretur.
1365 719 1450 797 ltqne

214 801 401 888 quotannis
425 801 650 892 provincialia
673 802 831 882 concilia,
854 801 966 890 quoad
986 803 1078 883 vixit,
1096 801 1255 872 Calendis
1279 800 1451 890 Septembri·
1476 811 1477 900 l

214 893 282 962 bus
296 911 497 972 convenere,
519 891 554 958 in
571 891 697 977 quibus
714 892 879 962 institutis
896 913 935 960 ao
953 890 1137 980 disciplina
1154 889 1249 970 cleri,
1265 890 1365 978 deque
1377 887 1450 956 omni
1476 905 1477 968 q

215 979 446 1051 Ecclesiarum
468 990 558 1049 statu
577 979 836 1049 accuratissime
859 979 1036 1070 agebatur:
1057 1001 1118 1048 nee
1137 979 1302 1069 improbis
1317 997 1453 1052 censurae

216 1092 255 1140 ac
282 1089 410 1159 poenae
433 1065 585 1148 deerant,
614 1089 675 1138 nee
701 1068 799 1138 bonis
823 1068 925 1150 facee,
951 1068 1080 1154 quibus
1111 1067 1153 1136 ad
1181 1067 1349 1138 meliorem
1371 1065 1452 1132 vitam

216 1157 496 1228 accenderentur.
523 1157 625 1227 lnitio
649 1171 763 1226 autem
792 1159 1014 1248 magistratus
1039 1157 1093 1226 sui
1117 1156 1243 1238 ferunt,
1270 1177 1345 1226 cum
1368 1153 1455 1224 exsol-

216 1246 318 1316 vendi
341 1245 457 1326 ollicii,
479 1245 654 1332 debitique
679 1245 844 1316 reddendi
874 1245 1149 1336 magnitudinem
1175 1243 1378 1324 formidaret,
1393 1261 1453 1310 eun

217 1335 381 1424 lacrymis
404 1346 436 1402 et
451 1334 580 1434 gemitu
596 1339 702 1404 Deum
723 1336 863 1424 saepius
876 1335 1109 1404 intensissime
1133 1333 1363 1424 deprecatum,
1378 1344 1411 1400 ut
1425 1327 1456 1397 ab

216 1446 253 1494 se
282 1422 531 1493 intolerabilem
570 1422 662 1491 hane
685 1424 809 1492 molem
836 1423 978 1493 tolleret.
1005 1429 1087 1493 llam
1112 1445 1193 1492 cum
1219 1423 1301 1490 binc
1324 1417 1456 1490 animad-

215 1509 381 1592 vertere't,
408 1511 450 1579 de
486 1511 635 1602 singulis
672 1512 739 1580 sibi
767 1512 943 1602 subjectis,
973 1512 1033 1598 qui
1072 1511 1343 1582 innumerabiles
1375 1527 1458 1598 prope

216 1615 325 1684 erant,
345 1601 410 1670 sibi
428 1599 645 1670 reddendum·
657 1621 730 1670 esse
748 1601 927 1683 rationem,
947 1600 1044 1669 illinc
1061 1600 1148 1669 vires
1162 1620 1244 1668 suaa
1260 1601 1456 1690 (quamquam

216 1702 315 1761 erant
339 1710 495 1778 magnae,
522 1689 736 1776 validaeque)
762 1689 847 1758 nihil
873 1711 935 1779 pro
959 1710 1022 1759 sua
1045 1688 1240 1758 bumilitate
1265 1688 1455 1758 existimaret,

217 1781 252 1849 in
282 1778 553 1867 desperationem
586 1776 829 1848 satisfactionis
864 1777 1058 1858 adductus,
1089 1778 1206 1848 animo
1239 1774 1459 1847 incredibiliter

217 1867 420 1958 angebatur,
443 1879 544 1955 atque
562 1867 699 1956 saepius
723 1866 766 1935 ob
791 1866 929 1936 id-cum
956 1867 1079 1936 uberes
1100 1865 1274 1956 lacrymas
1297 1864 1456 1934 effudisset

218 1978 333 2025 vocem
359 1954 497 2025 tandem
523 1955 710 2025 audivitde
733 1955 827 2025 coelo
851 1956 885 2024 in
906 1956 989 2024 baec
1013 1953 1082 2024 sere
1102 1957 1261 2024 umbaz«
1287 1960 1332 2026 Ne
1351 1953 1457 2022 timeas.

217 2045 365 2126 Nicolae',
385 2059 423 2114 ut
449 2066 470 2114 a
495 2065 559 2125 me,
587 2065 663 2114 mea
688 2045 823 2134 negotia
847 2043 994 2113 fideliter
1013 2065 1146 2134 gerens,
1169 2044 1303 2134 ingrate
1325 2041 1459 2136 destitua-

218 2135 278 2204 ris.
312 2157 330 2200 a
362 2137 433 2202 llao
457 2154 539 2202 voce
563 2133 710 2204 maxime
745 2146 939 2210 recreatus,
966 2144 998 2202 et
1035 2154 1131 2221 spem
1156 2153 1257 2202 suam
1283 2152 1410 2203 onmem
1435 2145 1477 2216 n¹

218 2228 325 2292 Deum
350 2222 550 2311 conjiciens,
569 2242 668 2310 opem
694 2222 762 2292 sibi
786 2245 804 2290 a
830 2225 896 2290 Deo
923 2220 1161 2310 pollicebatur:
1190 2221 1248 2290 sed
1275 2222 1321 2290 ita
1349 2217 1460 2310 pollicc-

217 2311 331 2391 batur,
360 2324 398 2379 ut
421 2311 537 2379 omnia
566 2323 678 2378 tamen
710 2332 731 2379 a
759 2311 873 2399 seipso
902 2309 1048 2399 petenda
1077 2322 1222 2400 putaret,
1249 2321 1477 2398 quaecumque

217 2421 322 2488 opera
345 2411 377 2466 et
393 2397 538 2468 consilio
563 2411 735 2486 praestare
753 2398 929 2488 potuisset.
948 2399 1083 2468 Sciebat
1106 2399 1198 2467 enim
1220 2403 1328 2468 Deum
1345 2417 1397 2466 eos
1412 2411 1459 2460 non

212 2489 336 2578 juvare
351 2487 502 2566 solitum,
530 2487 589 2574 qui
614 2488 745 2588 seipsos
763 2486 975 2577 negligenter
998 2486 1242 2557 deseruissent.
1264 2493 1380 2574 ltaque
1395 2481 1460 2577 vires

218 2598 300 2648 suas
323 2597 444 2646 omnes
467 2587 539 2644 tum
572 2575 692 2656 anima,
719 2588 790 2645 tum
823 2576 989 2664 corporis,
1016 2575 1058 2644 ad
1110 2575 1277 2645 erendum
1304 2576 1337 2644 id
1363 2595 1400 2641 ne
1420 2581 1461 2638 ota

218 2665 411 2753 explicavit.
433 2669 524 2746 Quas
547 2684 626 2732 cum
645 2664 699 2753 (ut
713 2663 931 2752 dicebamus)
947 2599 1137 2736 imbecillas
1160 2666 1380 2744 existimaret,
1397 2594 1462 2728 luo

218 2753 285 2822 sibi
308 2752 409 2838 quasi
437 2751 653 2822 consiliarios
677 2752 859 2843 adjungit,
889 2752 1034 2822 Paulum
1060 2753 1218 2822 videlicet
1243 2753 1426 2846 Rhodium,
1443 2755 1464 2810 tl

218 2841 434 2910 Theodorum
451 2839 693 2922 Ascalonitam,
711 2844 801 2912 viros
814 2843 848 2910 in
862 2842 956 2910 omni
975 2843 1116 2911 Graecia
1130 2841 1295 2923 celebres,
1315 2837 1463 2928 atquibus

218 2929 392 3019 explorata
423 2930 540 3010 virtus,
572 2941 673 3016 atque
706 2930 880 3012 doctrina,
908 2943 941 2999 et
964 2931 1151 3001 diuturnus
1175 2945 1351 3020 practerea
1374 2943 1462 2996 rcnm

219 3039 318 3098 usus,
336 3018 571 3088 auctoritatem
589 3031 777 3108 pepererat.
797 3024 926 3088 Horum
945 3019 1013 3088 fide
1029 3031 1131 3106 atque
1148 3021 1296 3089 consilio
1318 3013 1461 3114 privatin.

218 3105 425 3197 publiceque
450 3106 640 3194 plurimum
666 3110 873 3188 utebatur,a
897 3107 1025 3194 quibus
1050 3109 1096 3178 ita
1121 3109 1250 3179 sciebat
1275 3106 1465 3193 sediligr‚ut

219 3194 307 3266 nibil
340 3195 388 3264 illi
417 3197 526 3286 magis
552 3196 585 3263 in
610 3217 650 3266 eo
674 3209 850 3285 cuperent,
880 3217 983 3282 quam
1021 3209 1059 3265 ut
1093 3203 1159 3266 Deo
1192 3197 1343 3286 placeret
1368 3209 1464 3280 quant·

220 3285 380 3354 maxime.
400 3285 444 3353 ld
462 3307 579 3353 eorum
599 3283 713 3372 itaque
730 3285 932 3355 sententiam
951 3285 1050 3371 quasi
1076 3286 1118 3355 ad
1141 3285 1240 3356 fidele
1259 3281 1394 3373 aliquod
1410 3297 1467 3367 spe·

218 3373 351 3454 culum,
380 3375 536 3463 proprios
559 3375 704 3443 ornabat
728 3395 851 3454 mores,
868 3387 900 3442 et
917 3373 959 3443 ad
979 3374 1217 3463 magistratum
1236 3388 1336 3476 aptos
1355 3385 1465 3441 accom-

219 3461 392 3532 modabat.
415 3467 453 3531 ln
471 3461 642 3532 obeundis
660 3462 1047 3553 insuperEpiscopatus
1067 3464 1224 3554 negotiis,
1241 3486 1270 3533 sr
1289 3461 1370 3550 quid
1387 3451 1467 3549 paulo

219 3550 398 3620 difficilius
417 3549 661 3641 judicandum,
688 3551 903 3641 agendumve
925 3549 1118 3634 accidisset,
1150 3553 1212 3622 bos
1235 3553 1305 3625 sibi
1329 3548 1466 3621 continuo

219 3639 416 3717 adhibebat,
434 3660 512 3707 cum
538 3640 667 3726 quibus
691 3640 734 3708 de
759 3641 892 3730 reipsa
917 3652 1135 3710 statueretur.
1451 3717 1455 3728 ¹

263 3731 281 3814 ὅ
305 3733 379 3800 12.
398 3733 531 3796 lnterea
547 3742 643 3797 vetus
668 3728 813 3798 humani
831 3729 966 3818 generis
984 3729 1103 3811 hostis,
1122 3729 1171 3799 ira
1195 3727 1379 3798 crescentis
1393 3722 1465 3818 Cbrl·

220 3815 352 3885 stianae
375 3817 552 3906 religionis
576 3817 704 3886 seroces
724 3819 858 3888 animos
880 3817 1078 3888 Diocletiani
1102 3817 1369 3905 Maximianique
1388 3809 1467 3882 solito

220 3905 371 3974 atrocius
395 3905 551 3992 instigat,
582 3904 902 3993 crudelioremque,
928 3928 1032 3992 quam
1059 3920 1180 3986 antea,
1214 3905 1465 3994 persecutionem

222 4005 330 4082 parat.
357 3994 505 4063 Veniunt
529 3993 643 4083 itaque
660 3996 704 4064 ab
727 3999 937 4085 Imperatore
959 3995 1069 4066 edicta
1095 3997 1128 4064 in
1154 4017 1275 4066 omnes
1303 3995 1361 4082 qui
1390 3987 1469 4058 Chu-

220 4081 366 4152 stianam
392 4082 495 4151 fidem
548 4083 775 4165 roliterentur,
795 4083 924 4172 quibus
946 4105 1112 4166 carceres,
1141 4097 1320 4164 tormenta,
1339 4073 1467 4172 vincula.

221 4185 393 4326 postremo
418 4104 613 4240 truculenta
643 4194 734 4241 mors
754 4173 982 4242 indicebatur.
1000 4177 1090 4242 llaec
1117 4194 1196 4242 cum
1222 4173 1327 4262 llyris
1354 4163 1468 4259 publice

133 4272 136 4280 '
234 4272 426 4346 egerentur,
446 4259 588 4329 aderant
604 4261 730 4348 pariter
749 4262 963 4350 lmperatorii
981 4261 1172 4343 carnifices,
1201 4257 1399 4332 Christianis
1413 4269 1467 4320 non

219 4347 537 4436 obtemperantibus
564 4362 714 4418 extrema
737 4351 855 4421 omnia
878 4350 1088 4422 minitantes.
1115 4356 1154 4421 tt
1182 4363 1302 4420 eontra
1330 4340 1468 4420 llioolaus
