2994 4832
256 304 318 368 tta
569 319 608 364 ou
633 319 660 365 s.
688 317 815 366 annone
839 315 984 364 naeniae.
1012 316 1123 366 cocos.
1336 297 1444 360 aaut

209 427 308 476 suam
334 402 519 492 accipiens,
547 424 786 560 quascumque
809 403 853 471 ob
877 425 1002 472 causas
1020 423 1230 491 quemquam
1253 401 1384 490 ligasset,
1400 401 1447 467 ab·
1484 389 1485 482 l

209 495 321 575 solvit,
340 505 372 562 et
394 492 438 562 ab
454 491 618 561 omnibus
635 492 734 561 humi
753 493 814 560 iter
840 492 973 560 veniam
1001 493 1107 581 petiit,
1130 511 1249 560 omnes
1272 501 1445 566 contestans,
1484 485 1485 572 l

209 605 253 653 ne
277 605 313 652 se
336 580 497 662 celarent,
525 579 661 670 siquid
689 581 722 649 in
753 581 808 650 his
832 581 875 649 ab
901 580 976 669 ipso
1000 593 1088 649 esset
1134 580 1448 649 raetermissum.lc-
1484 581 1485 620 l

210 673 289 741 citis
311 691 449 760 quoque
474 690 586 738 rerum
615 670 871 758 Episcopalium
892 603 1186 759 procuratoribus,
1213 689 1253 738 ea
1279 667 1348 746 fide,
1366 685 1447 754 quam

210 759 278 851 ipsi
303 758 489 839 dedissent,
508 779 565 828 eos
589 759 782 838 obstrinxit,
810 771 848 827 ut
873 759 905 826 in
928 757 1150 848 persolvendo
1171 779 1248 828 aere
1271 778 1329 826 suo
1349 755 1447 831 alieno,

211 849 303 936 quod
325 869 391 917 non
410 847 572 938 exiguum
599 859 824 928 contraxerat,
845 847 919 917 sine
940 868 1165 938 personarum
1184 846 1369 936 acceptione
1390 864 1450 912 suas

211 938 303 1006 vices
327 935 533 1027 implerent,
560 947 685 1005 ettam
710 935 852 1006 ludaeis
876 958 980 1022 quam
1014 935 1218 1006 Christianis
1249 936 1335 1023 juste
1359 931 1451 1000 omnia
1484 947 1485 974 ι

212 1025 405 1106 redderent,
428 1038 554 1095 certam
575 1025 625 1094 eis
648 1026 828 1114 pecuniam
856 1025 1051 1115 assignans,
1078 1045 1182 1112 quam
1202 1027 1238 1093 in
1265 1024 1323 1092 hos
1346 1031 1453 1091 ususet

212 1117 433 1205 exequiarum
452 1135 594 1183 suarum
611 1113 848 1203 eleemosynas
867 1135 1004 1182 mensae
1021 1135 1104 1183 suae
1116 1125 1217 1182 caute
1232 1111 1452 1204 prudenterque

213 1204 438 1274 subtraxerat.
466 1209 504 1271 Et
530 1204 695 1291 potuisset
720 1203 777 1272 ille
794 1223 877 1273 sane
901 1203 978 1272 auri
997 1215 1031 1272 et
1053 1202 1187 1292 argenti
1205 1203 1365 1270 immensa
1389 1219 1453 1286 pon-

213 1293 294 1362 dera
312 1291 438 1360 inferre
453 1292 487 1359 in
509 1292 686 1360 thesauros
711 1313 804 1370 suos,
824 1291 917 1362 unde
940 1290 1019 1362 aliis
1043 1306 1276 1381 etcorporum
1300 1301 1331 1358 et
1348 1287 1453 1356 auina-

214 1403 291 1450 rum
316 1380 467 1470 pericula
491 1393 712 1451 crearentur:
743 1381 801 1450 sed
828 1401 895 1448 nou
922 1379 955 1448 id
983 1379 1033 1449 illi
1059 1379 1174 1449 studio
1197 1391 1259 1449 aut
1281 1399 1376 1448 curae
1396 1374 1454 1442 luit.

216 1469 380 1558 Dispersit
398 1480 525 1550 autem,
547 1469 635 1538 sicut
659 1471 826 1559 scriptum
844 1483 906 1549 est,
921 1482 954 1538 et
977 1468 1071 1538 dedit
1091 1468 1324 1559 pauperibus:
1349 1463 1454 1554 justitia

213 1559 288 1649 ejus
307 1572 420 1627 manet
440 1559 473 1626 in
501 1558 655 1628 seculum
674 1557 793 1626 seculi.
815 1559 964 1645 [lenique
980 1579 1020 1628 eo
1037 1556 1210 1639 defuncto,
1230 1579 1293 1627 nec
1306 1553 1457 1626 teruncius

214 1669 305 1716 unus
331 1659 484 1735 repertus
507 1659 569 1727 est,
595 1649 655 1733 qui
681 1645 776 1715 illius
803 1659 911 1728 esset,
942 1659 975 1716 et
1007 1667 1117 1736 neque
1146 1651 1226 1728 Rex,
1255 1667 1362 1733 neque
1386 1641 1457 1710 ullas

214 1757 338 1805 avarus
361 1737 436 1826 ejus
456 1735 591 1804 satelles
608 1734 748 1826 gloriari
775 1737 894 1826 potuit,
917 1757 957 1804 ex
973 1736 1126 1804 lunonis
1147 1734 1277 1826 amplis
1300 1729 1458 1819 marsupiis

141 1903 142 1908 ,
216 1825 299 1892 haec
325 1824 374 1892 vel
400 1822 458 1893 illa
475 1824 542 1894 sibi
558 1837 631 1914 post
647 1824 722 1911 ejus
739 1824 871 1894 obitum
887 1825 1064 1914 obtigisse.
1084 1829 1149 1894 Nec
1167 1837 1281 1894 tamen
1300 1825 1457 1910 quisquam

215 1935 254 1982 ex
279 1914 368 1994 iis,a
392 1913 520 2002 quibus
546 1927 665 1982 mutuo
691 1914 872 2002 pecuniam
898 1926 1086 2002 acceperat,
1111 1913 1282 1982 solutione
1302 1912 1458 1982 frustratus
1484 1955 1485 1992 ,

214 2015 276 2084 est,
293 2023 354 2071 nec
378 2015 446 2072 tam
464 1999 577 2092 largas
596 2001 833 2091 eleemosynas
849 2015 964 2072 nostra
980 2002 1028 2071 vel
1049 2002 1143 2081 vidit,
1162 2001 1211 2070 vel
1234 2002 1364 2071 audivit
1377 2009 1457 2067 aetas.
1484 2003 1485 2092 l

215 2090 334 2179 quales
350 2090 488 2160 octiduo
506 2092 539 2158 in
555 2090 629 2180 ejus
644 2092 797 2178 exequiis
823 2091 1004 2180 praestitae
1029 2089 1134 2159 snere:
1161 2096 1224 2159 lleo
1241 2091 1274 2158 id
1293 2103 1415 2180 agente,
1431 2105 1458 2150 rr

214 2179 297 2267 quid
325 2179 367 2248 ab
395 2180 448 2259 iis,
467 2180 595 2266 quibus
621 2179 742 2250 harum
764 2201 883 2248 curam
914 2178 1151 2260 demandarat,
1180 2192 1239 2248 aut
1266 2175 1459 2268 negligentia.
1484 2179 1485 2272 j

215 2281 275 2338 aut
292 2267 371 2338 dolo
389 2266 479 2337 malo
502 2269 839 2356 praetermitteretur.
1484 2283 1485 2352 ι

259 2360 378 2444 585.
407 2361 559 2442 Cumque
583 2356 617 2424 in
646 2379 755 2446 agone
781 2368 914 2426 noctem
942 2379 1021 2425 curn
1054 2356 1109 2426 die
1135 2357 1364 2436 continuaret,
1391 2351 1485 2436 illarii

217 2459 360 2535 pestem,
379 2467 484 2531 quam
502 2465 565 2514 nos
582 2445 653 2532 jam
671 2445 857 2526 cernimus,
870 2467 974 2533 quam
992 2445 1098 2516 miser
1115 2445 1281 2528 mundus,
1299 2443 1407 2517 omnis
1422 2439 1463 2536 bo·
1484 2443 1485 2512 l

217 2534 359 2603 nestatis
374 2547 407 2602 et
427 2532 603 2622 religionis
616 2535 845 2624 expers‚jacet
857 2555 1056 2624 oppressus
1072 2533 1290 2624 spiritalibus
1308 2535 1366 2604 ille
1379 2526 1466 2601 oculis

216 2623 367 2703 intuens,
390 2635 528 2711 repente
553 2643 691 2703 manus,
717 2637 755 2692 ut
782 2637 921 2712 poterat,
944 2623 978 2690 in
1005 2623 1073 2692 alta
1094 2623 1245 2704 sustulit,
1265 2637 1298 2692 et
1326 2623 1465 2712 miserau-

216 2711 301 2780 dum
328 2711 362 2780 in
389 2709 527 2780 modum
553 2710 778 2780 exclamavit:
802 2735 819 2778 κ
847 2717 969 2782 Sancta
995 2713 1123 2792 illaria,
1151 2733 1317 2781 succurre
1333 2711 1466 2778 'miseris

218 2819 382 2868 succurre
407 2797 586 2880 Coloniae,
614 2821 777 2870 succurre
802 2801 930 2870 civitati
958 2799 1097 2869 'am'am
1126 2801 1309 2890 periturae,
1336 2800 1469 2880 tessaqu

219 2887 359 2956 brachia
378 2886 558 2986 paululum
576 2886 763 2977 deponens,
784 2910 907 2961 rursus
923 2824 965 2958 all
984 2823 1098 2958 solers
1115 2889 1261 2960 sublatis
1279 2890 1368 2959 illis:
1385 2891 1470 2970 Quae·

220 2997 298 3044 nam
326 2987 427 3055 sunt,
451 2976 573 3061 inquit,
599 2999 620 3044 o
642 2978 796 3057 Domina,
818 2999 906 3065 quae
931 3001 967 3046 sc
992 2978 1079 3046 meis
1099 2979 1247 3048 offerunt
1270 2978 1393 3057 oculis,
1413 2975 1471 3042 lior·

219 3063 324 3132 renda
345 3063 562 3154 spectacula?
586 3069 648 3134 Per
671 3065 881 3157 singularem
909 3066 1181 3136 misericordiam
1208 3079 1319 3148 tuam,
1348 3079 1378 3136 te
1396 3063 1471 3132 obse·

217 3174 276 3224 cro
299 3167 337 3221 ut
358 3153 441 3222 milri
458 3153 568 3243 janua
593 3153 666 3234 fias,
695 3175 877 3243 perquam
900 3155 981 3224 hinc
1005 3157 1186 3246 emigrem,
1215 3177 1257 3224 ne
1281 3161 1383 3225 tanta*
1402 3147 1473 3246 mala

217 3265 321 3332 cogar
338 3241 450 3311 videre
467 3243 576 3313 oculis
594 3243 699 3326 meis;
720 3243 1042 3330 »deficientemque
1060 3245 1221 3334 spiritum
1244 3244 1340 3314 brevi
1359 3241 1475 3312 silentio

219 3353 388 3402 recreans.
416 3331 457 3399 ad
484 3331 757 3401 succurrendum
783 3331 941 3403 Coloniae
970 3333 1073 3402 ctiam
1100 3337 1133 3403 S.
1156 3337 1292 3402 Petrum
1314 3326 1475 3402 inroravit.

219 3420 392 3489 interdum
429 3421 530 3490 etiam
569 3419 654 3490 alios
691 3425 832 3491 Sanctos
866 3419 1058 3511 appellans.
1087 3422 1237 3491 Tandem
1272 3444 1353 3492 cum
1390 3415 1478 3514 multo

219 3511 349 3598 gemitu
375 3510 407 3577 in
428 3508 517 3577 hanc
544 3511 700 3600 prorupit
724 3531 854 3590 vocemr
878 3532 895 3576 ιι
917 3511 1063 3580 Oamici
1088 3532 1209 3582 omnes
1229 3511 1362 3581 summi
1382 3515 1485 3594 Regrsa

218 3599 254 3666 in
289 3599 365 3688 ejus
396 3598 551 3667 notitiam
588 3598 756 3680 admissi,
785 3598 964 3670 subvenite
994 3598 1154 3669 Coloniae
1189 3595 1480 3671 intercessionibus

220 3689 351 3756 vestris.
379 3687 476 3772 »His
498 3686 613 3768 dictis,
632 3686 793 3757 ultimum
820 3687 960 3757 trahens
985 3688 1161 3788 spiritum,
1179 3688 1236 3758 die
1260 3688 1478 3778 illucescente.

220 3775 262 3842 ad
287 3775 403 3931 ipsum
424 3774 513 3846 lucis
536 3773 664 3846 fontem
689 3775 833 3846 l'cliciter
852 3776 1045 3866 emigravit,
1071 3777 1201 3848 mundo
1225 3767 1485 3858 luctum,coel1sl

221 3885 288 4018 qen
317 3863 388 3932 ium
415 3877 521 3934 morte
546 3886 608 3934 sua
632 3864 791 3934 aderens.
812 3871 862 3934 lta
891 3877 967 3954 post
988 3865 1203 3937 diuturnum
1226 3864 1399 3945 morbum,
1426 3877 1482 3947 quo

221 3950 321 4020 ilum
358 3954 523 4023 Dominus
559 3965 736 4040 tamquam
773 3955 808 4023 in
834 3954 972 4024 camino
1003 3954 1047 4024 ad
1073 3977 1200 4046 purum
1236 3954 1380 4034 excoxit,
1407 3945 1485 4019 antid

222 4038 406 4110 Salvatoris
431 4041 615 4112 millesimo
639 4043 893 4132 septuagesimo
915 4043 1049 4129 quinto,
1074 4045 1298 4134 Episcopatus
1323 4042 1380 4112 sui
1410 4039 1485 4134 rice-f

223 4129 312 4198 simo
336 4129 459 4218 primo,
480 4129 591 4219 pridie
615 4135 727 4201 Nonas
747 4131 956 4211 Decembris,
975 4132 1197 4202 illucescente
1224 4147 1316 4202 sexta
1347 4131 1482 4200 sabbati.

223 4217 266 4286 ab
286 4217 487 4287 hominibus
507 4218 549 4286 ad
575 4218 721 4308 Angelos
743 4219 916 4309 profectus
933 4233 996 4291 cst.

268 4305 287 4388 ξ
310 4307 393 4376 316.
421 4310 552 4404 Corpus
576 4308 732 4376 exanime
756 4306 877 4390 lotum,
908 4321 940 4378 et
968 4320 1007 4380 ut
1041 4309 1246 4399 Episcopum
1278 4307 1429 4382 decebat,
1460 4303 1485 4367 itt

223 4389 347 4459 feretro
371 4404 624 4481 compositum,
655 4395 769 4466 adhuc
797 4397 840 4466 ab
866 4398 989 4467 horum
1022 4398 1189 4468 ministris
1215 4397 1432 4480 tractabatur,
1461 4397 1485 4456 tl
