2946 4798
207 307 270 370 :326
530 325 568 372 oa
592 326 636 372 ss.
665 325 750 384 inor,
777 325 883 372 nonna
908 325 974 372 ure.
1003 324 1059 372 xx.
1277 307 1355 371 MEC.
1377 307 1409 371 ‘28

162 428 280 478 eorum
298 430 485 488 remanere,
505 409 658 499 reputavi
674 429 748 479 esse
766 408 1039 499 pulcherrimum
1057 421 1089 478 et
1105 409 1257 498 primum
1278 430 1410 478 sueorum

162 497 433 587 trophaeorum?
455 497 502 566 ln
530 519 597 566 uon
619 497 703 567 haec
727 508 808 567 sunt
837 518 926 580 vera,
945 509 977 566 et
1001 518 1089 583 quae
1115 496 1216 568 sactis
1243 499 1349 588 magis
1368 519 1411 565 ar-

160 599 328 678 guuntur,
345 607 449 673 quani
475 585 613 656 verbis?
633 609 651 653 a
672 585 726 655 Illi
750 597 863 657 autem
892 599 1067 673 tamquam
1097 584 1279 656 latrantem
1311 607 1409 655 canen

161 697 205 746 ne
228 671 399 745 tantillum
425 674 564 762 quidem
593 689 776 758 curantes,
804 695 914 763 neque
937 675 1171 745 existimantes
1195 697 1272 746 esse
1297 688 1409 765 tempus

161 763 416 854 responsionis,
444 775 610 833 steterunt
633 761 785 835 silentes.
814 764 1042 833 Maximianus
1066 784 1156 845 vero,
1187 785 1270 834 cum
1294 763 1406 834 silentio

160 853 272 943 magis
291 863 379 922 esset
401 853 475 941 ejus
499 852 653 923 irritatus
678 852 841 922 animus:
870 875 888 920 «
915 857 986 926 Mon
1014 852 1180 942 perdens
1205 852 1401 930 immortales,

159 941 284 1030 inquit,
312 961 380 1010 non
406 941 501 1010 vobis
528 963 688 1030 paream:
711 941 769 1010 sed
795 963 874 1012 curo
901 961 1003 1012 omne
1025 962 1135 1032 genus
1152 941 1321 1030 supplicii
1337 940 1403 1010 robis

160 1029 319 1111 intulero,
334 1042 367 1098 et
382 1050 503 1100 carnes
527 1049 787 1120 consumpsero,
806 1042 838 1100 et
861 1052 940 1100 ossa
958 1031 1160 1112 contrivero,
1178 1042 1211 1100 et
1233 1031 1316 1121 igne
1337 1051 1404 1100 con·

158 1119 314 1200 bussero,
332 1117 525 1206 relinquam
545 1119 748 1209 insepultos,
771 1141 791 1188 a
813 1119 960 1190 canibus
983 1133 1015 1188 et
1035 1119 1159 1190 aribus
1178 1119 1405 1189 comedendos:

159 1219 191 1278 et
220 1229 277 1277 vos
302 1207 395 1298 ipsos
420 1208 569 1297 puniens
595 1229 656 1298 pro
683 1208 837 1290 meritis,
864 1221 897 1278 et
921 1207 998 1278 aliis
1030 1221 1160 1278 metum
1185 1208 1410 1288 incutiebant

158 1293 240 1366 talia
264 1295 561 1386 aggrediantur.»

201 1386 221 1471 ἕ
245 1387 323 1456 ²5.
346 1387 411 1454 Nec
436 1385 519 1454 haec
563 1383 678 1455 uidem
702 1386 829 1456 sanctis
847 1385 1002 1456 timorem
1021 1385 1223 1456 attulerunt:
1239 1385 1299 1454 sed
1315 1385 1410 1455 statim

158 1485 190 1542 et
209 1470 331 1543 solutis
350 1473 457 1555 zonis,
476 1486 509 1543 et
531 1495 549 1542 o
576 1473 777 1564 lamydibus
800 1476 923 1555 exutis,
943 1473 1079 1545 stabant
1099 1473 1208 1565 parati
1228 1472 1272 1542 ad
1288 1495 1411 1544 cursum

159 1561 327 1651 martyrii,
347 1583 418 1632 uno
442 1584 499 1632 ore
519 1575 551 1632 et
575 1562 692 1633 animo
716 1585 751 1632 se
775 1585 849 1633 esse
873 1563 1084 1634 Christianos
1107 1576 1141 1633 et
1164 1561 1289 1633 Christi
1313 1583 1411 1632 servos

157 1649 322 1720 audacter
344 1651 575 1722 nominantes.
596 1653 723 1722 Deinde
746 1653 847 1722 etiam
871 1653 1099 1722 Maximiano:
1122 1674 1140 1718 a
1169 1650 1286 1733 Nobis,
1316 1673 1335 1721 o
1362 1656 1411 1739 Ty·

158 1760 278 1820 ronne,
300 1737 471 1823 dixerunt,
489 1740 635 1811 honores
653 1741 714 1822 tui,
734 1754 766 1811 et
784 1761 890 1810 vanae
914 1741 978 1810 hae
992 1739 1177 1831 dignitates
1194 1761 1237 1810 ne
1254 1738 1410 1811 tantillum

157 1827 296 1915 quidem
323 1851 478 1916 unquam
503 1851 607 1899 curae
631 1829 783 1901 luerunt.
806 1828 895 1912 Quid
919 1831 1011 1899 enim
1037 1851 1125 1920 opus
1149 1828 1253 1899 luerit
1281 1828 1337 1899 tali
1363 1829 1411 1898 ho·

157 1937 251 2000 nore,
270 1918 330 2004 qui
354 1941 374 1987 a
398 1922 465 1987 Deo
488 1918 706 2009 disjungens,
720 1931 771 1988 est
787 1917 990 1988 redacturus
1011 1917 1045 1987 in
1064 1919 1264 1988 servitutem
1289 1918 1410 1987 daemo

157 2009 274 2075 num?
304 2011 390 2076 Sunt
419 2007 511 2076 enim
543 2006 623 2076 talia
649 2019 759 2077 vestra
791 2007 976 2097 impiorum
1006 2006 1108 2086 dona,
1130 2028 1220 2094 quae
1244 2006 1409 2096 fugientes.

158 2105 291 2164 tantum
317 2095 413 2166 abest
436 2107 474 2164 ut
498 2108 757 2184 persequentes,
781 2117 849 2165 non
883 2094 995 2165 solum
1022 2095 1064 2165 iis
1089 2095 1150 2166 tibi
1179 2095 1348 2177 cedimus,
1364 2093 1410 2164 sed

156 2183 257 2252 etiam
284 2183 361 2274 ipso
383 2205 525 2274 corpore
548 2198 580 2254 et
605 2185 683 2255 vita.
703 2189 823 2254 »Cum
848 2184 872 2253 ii
898 2185 943 2254 ita
970 2197 1084 2255 essent
1113 2183 1247 2276 parati,
1279 2197 1310 2254 et
1343 2184 1411 2252 tales

129 2333 132 2338 .
156 2285 271 2342 essent
294 2293 412 2343 eorum
438 2273 593 2363 spiritus,
609 2273 714 2361 jussit
738 2273 978 2352 Maximianus,
996 2287 1034 2342 ut
1057 2273 1206 2343 extensis
1222 2272 1327 2343 simul
1351 2293 1410 2340 ma-

156 2360 261 2431 nibus
286 2373 318 2430 et
343 2359 500 2452 pedibus,
521 2361 722 2433 crudelibus
746 2363 850 2432 boum
874 2362 988 2432 nervis
1004 2361 1136 2432 fortiter
1151 2362 1407 2432 verberarentur.

155 2451 194 2518 Et
210 2450 322 2520 stetim
342 2473 399 2520 sex
415 2471 701 2542 unumquemque
714 2451 1006 2522 circumsistentes
1023 2449 1172 2532 lictores,
1190 2471 1318 2542 magna
1333 2460 1407 2541 parte

155 2537 222 2607 diei
248 2559 305 2608 eos
330 2551 493 2630 perpetuo
520 2539 768 2622 verberabant,
800 2537 898 2608 nulla
933 2540 1089 2610 scelerati
1119 2540 1201 2609 moti
1230 2536 1405 2610 communis

156 2638 300 2697 naturae
318 2627 567 2710 misericordia,
586 2628 691 2717 idque
710 2651 788 2699 cum
808 2628 962 2698 viderent
979 2641 1102 2698 terram
1120 2650 1239 2698 eorum
1259 2627 1407 2718 sanguine

154 2713 309 2786 effectam
336 2737 558 2807 purpuream.
582 2721 745 2808 Martyres
769 2728 884 2787 autem
905 2717 989 2786 haec
1013 2717 1152 2806 quidem
1179 2716 1335 2787 serebant
1355 2715 1408 2784 lor-

126 2825 129 2830 ·
156 2803 244 2886 titer,
268 2825 309 2874 ne
335 2827 448 2874 vocem
474 2804 614 2893 quidem
632 2807 841 2876 emittentes:
869 2805 1013 2876 internis
1038 2827 1116 2875 vero
1139 2806 1248 2875 animi
1276 2805 1408 2874 motibus

154 2891 394 2982 glorificabant
417 2915 509 2976 eum,
529 2907 668 2986 propter
691 2917 792 2983 quern
819 2894 903 2964 haec
927 2893 1154 2964 sustinebant.
1172 2893 1323 2986 Flagella
1337 2891 1410 2962 exai-

155 2981 270 3071 piebat
293 3001 421 3066 carcer,
448 3005 528 3054 cum
554 2996 668 3054 essent
688 3006 806 3053 eorum
833 2983 921 3053 colla
947 2983 1060 3054 vincta
1076 2983 1279 3068 collaribus,
1304 3001 1410 3050 manus

154 3081 267 3139 autem
293 3071 435 3152 catenis,
455 3085 486 3142 et
512 3071 614 3164 pedes
634 3071 873 3163 compedibus.
893 3073 1123 3142 Maximianus
1148 3093 1226 3141 vero
1246 3085 1409 3159 tamquam

155 3169 299 3240 torrens,
317 3160 378 3247 qui
401 3158 509 3231 fertur
525 3183 586 3251 per
610 3174 752 3252 segetes,
772 3181 832 3250 per
847 3181 969 3231 omnes
985 3159 1148 3250 deinceps
1164 3161 1241 3262 pios
1263 3158 1411 3251 pervade

153 3247 221 3317 bat.
240 3253 278 3318 Et
294 3249 338 3318 ad
364 3247 446 3319 haec
470 3249 611 3338 quidem
632 3249 848 3338 jubebantur
873 3250 1038 3320 inservire
1061 3249 1239 3320 Praesides
1263 3271 1304 3318 ac
1328 3253 1410 3318 Prae

152 3335 243 3418 loeti,
262 3337 323 3425 qui
339 3351 436 3409 erant
460 3339 633 3429 impietate
653 3340 780 3410 eximii.
801 3338 1019 3427 Quicumque
1035 3351 1147 3410 autem
1166 3339 1244 3428 ejus
1260 3339 1410 3428 parebant

152 3425 310 3514 imperio,
333 3429 393 3516 qui
413 3427 583 3497 Christum
602 3449 676 3500 esse
701 3434 806 3498 Deum
828 3427 1092 3509 confitebantur,
1113 3427 1302 3497 tortoribus
1317 3421 1407 3496 simul

153 3513 377 3585 tradebantur
400 3530 432 3586 et
455 3517 558 3586 variis
583 3517 761 3587 tormentis
790 3515 1013 3587 laniabantur
1037 3515 1292 3586 miserabiliter.
1311 3519 1347 3583 Et
1367 3513 1407 3581 sie

152 3602 291 3690 quidem
314 3605 468 3694 quotidie
484 3605 526 3686 ei,
544 3607 605 3693 qui
629 3607 784 3698 seipsum
801 3626 862 3694 pro
880 3605 980 3678 nobis
995 3605 1212 3684 sacrificavit,
1243 3601 1405 3674 rationalia

151 3689 384 3763 offerebantur
407 3693 589 3777 sacrificia,
614 3696 667 3784 pie
691 3695 857 3785 martyrio
880 3693 997 3765 effecta
1023 3693 1278 3764 holocaustum.

195 3783 321 3870 §2ss
348 3785 530 3873 Oportebat
561 3797 673 3854 autem
702 3783 866 3856 festorum
893 3783 1082 3853 maximum
1107 3783 1233 3853 Christi
1258 3779 1402 3854 natatem.

150 3871 180 3940 ei
202 3872 262 3959 qui
281 3872 495 3956 nascebatur,
514 3875 705 3964 copiosiora
725 3873 846 3943 offerre
864 3873 1046 3942 sacrificia.
1066 3875 1148 3941 llam
1170 3884 1267 3941 ortus
1283 3867 1402 3957 quidem

151 3959 275 4030 Christi
299 3959 373 4030 dies
396 3960 503 4032 lestus
527 3964 712 4064 agebatur:
740 3960 905 4050 quicquid
931 3975 1045 4031 autem
1071 3972 1121 4030 est
1146 3961 1257 4050 pium.
1282 3975 1403 4052 congre

151 4049 297 4138 gabatur
320 4049 363 4120 ad
383 4048 681 4140 glorificationem.
700 4049 835 4122 Prosani
864 4069 941 4119 vero
971 4049 1168 4120 Maximiani
1194 4047 1327 4140 profani
1352 4065 1403 4113 nu-

151 4137 251 4207 nistri
277 4139 495 4210 accedentes:
514 4162 532 4206 a
553 4141 735 4224 Quoniam,
753 4139 927 4227 inquiunt,
947 4161 966 4208 o
984 4144 1184 4229 Imperator,
1204 4137 1305 4209 bodie
1320 4133 1402 4229 festo·

151 4245 228 4294 rum
254 4248 342 4313 quae
368 4239 506 4310 norunt,
538 4230 726 4300 maximum
752 4229 927 4298 celebrant
951 4229 1147 4310 Christiani,
1173 4226 1294 4315 utqui
1317 4219 1402 4316 hodie

151 4315 257 4380 Deum
285 4337 386 4386 suum
414 4331 532 4386 natum
557 4339 631 4387 esse
649 4318 858 4400 fabulentur,
876 4330 908 4387 et
924 4317 1146 4388 celeberrimo
1171 4316 1275 4387 totius
1298 4306 1399 4404 popull

152 4419 325 4470 concursu
353 4404 394 4472 ad
420 4405 544 4477 festum
570 4408 799 4488 conveniunt,
831 4429 959 4497 agene
991 4429 1031 4476 ex
1061 4405 1173 4476 media
1208 4423 1325 4496 sagena
1349 4413 1399 4464 nos
