2960 4824
73 281 143 345 nte.
169 279 206 344 t3
413 297 452 343 oc
476 295 503 343 s.
528 295 691 344 aurasico
715 298 764 344 sc.
792 295 946 345 causale.
1209 279 1273 346 329

70 381 283 461 incrementis,
304 393 479 471 provectus
498 393 549 450 est
573 380 614 449 ad
640 380 777 450 culmen
804 379 1025 450 sacerdotalis
1056 379 1209 451 honoris.
1239 381 1316 452 Exi-

68 483 152 561 gente
172 471 287 557 itaque
306 483 393 539 sorte
417 469 571 540 mortalis
592 482 744 550 naturae,
767 470 910 558 contigit
933 468 1140 540 llllohcrtum
1158 475 1317 540 Camera-

67 559 200 630 censis*
223 558 317 628 sedis
341 558 546 648 Episcopum
574 557 730 647 deposito
750 559 865 626 earnis
888 579 1003 639 onere,
1030 558 1072 627 de
1096 557 1159 627 hoc
1186 560 1317 629 mundo

67 649 221 718 transisse.
244 647 361 716 Divina
388 647 493 737 igitur
517 647 714 735 operatione
742 659 864 716 cuneta
891 646 1076 717 salubriter
1098 646 1313 736 disponente,

65 736 227 806 lutbertus
244 737 295 803 vir
309 736 519 822 conspicuus
534 749 567 804 et
590 756 769 805 successor
787 736 962 816 emeritus,
984 734 1167 824 proficiens
1184 736 1226 804 de
1247 737 1316 806 vir-

64 835 123 893 tute
138 825 169 893 in
187 825 358 908 virtutem,
375 824 528 915 ejusdem
551 824 642 894 sedis
669 823 898 914 pontificalem
918 825 1057 894 sortitus
1073 837 1124 894 est
1143 825 1177 860 ⁴*
1200 824 1314 916 digni-

63 925 163 983 tatem.
181 918 285 983 Porro
309 912 482 982 humanae
505 911 627 982 salutis
652 927 771 982 auctor
790 913 965 1001 praescius
982 913 1163 1000 antiquum
1182 913 1313 984 hostem

63 1014 143 1070 muto
158 1002 334 1072 ardentius
350 1023 486 1092 gregem
513 1001 730 1072 Dominicum
752 1002 1002 1082 insecuturam,
1017 1015 1146 1090 quanto
1167 1003 1316 1073 vicinius

62 1091 195 1160 instante
219 1091 288 1160 line
313 1090 421 1161 seculi
451 1091 553 1160 sciret
585 1091 669 1160 nihil
702 1109 893 1180 superesse,
919 1090 1010 1178 quod
1042 1091 1083 1161 ad
1111 1091 1312 1162 tentandum

63 1179 178 1248 artibus
194 1180 268 1249 suis
285 1179 431 1249 ulterius
447 1180 625 1269 patuisset,
643 1180 808 1250 adversus
826 1179 1021 1269 tyrannidis
1040 1180 1115 1269 ejus
1132 1181 1311 1282 impetum,

62 1267 197 1337 validum
221 1267 433 1340 defensionis
458 1268 557 1336 nobis
583 1269 714 1358 paravit
742 1268 973 1351 obstaculum,
997 1268 1084 1339 dans
1110 1270 1209 1341 nohis
1233 1275 1314 1340 llut-

62 1356 194 1438 bertum,
212 1356 369 1427 videlicet
386 1357 505 1514 (gregis
530 1357 585 1426 sui
604 1370 772 1447 pastorem
799 1356 1117 1447 vigilantissimum,
1143 1370 1176 1428 et
1199 1371 1314 1430 custo·

61 1445 127 1514 dem
144 1447 338 1515 animarum
361 1445 382 1516 fi
411 1447 584 1515 issimum.
883 1509 886 1518 .

96 1537 112 1622 ξ
136 1539 178 1605 ².
199 1536 411 1605 Constitutus
435 1546 547 1604 autem
574 1533 608 1602 in
634 1532 714 1604 sede
730 1533 933 1623 pontificali,
960 1532 1072 1620 qrialis
1096 1548 1316 1624 quantusque

60 1623 87 1690 in
106 1645 142 1692 ea
159 1624 289 1702 vixerit,
310 1645 377 1692 non
399 1635 449 1692 est
479 1635 612 1692 nostrae
642 1623 879 1712 possibilitatis
902 1621 1072 1692 evolvere:
1095 1623 1200 1692 altius
1223 1624 1315 1692 enim

60 1711 310 1800 epicaenum
328 1711 401 1781 ullo
426 1733 581 1782 sermone
599 1710 732 1780 includi
758 1711 877 1780 valeat.
903 1711 1070 1781 animalis
1096 1712 1186 1780 euim
1213 1711 1316 1782 homo

61 1801 223 1890 percipere
250 1821 316 1870 non
340 1812 458 1890 potest,
476 1813 627 1887 quantus
652 1801 706 1869 hic
723 1798 826 1870 fuerit
842 1801 876 1869 in
902 1798 1013 1870 oculis
1038 1799 1167 1868 summi
1185 1803 1314 1871 Creato-

62 1889 113 1957 ris:
132 1890 188 1959 cui
207 1888 294 1958 nihil
309 1901 382 1959 erat
397 1911 581 1960 commuue
597 1910 675 1958 cum
694 1889 906 1959 amatoribus
925 1886 1059 1969 mundi,
1076 1889 1314 1990 praeterquod

60 1999 149 2046 curae
198 1977 357 2049 astorelis
387 1977 638 2048 necessitudine
664 1977 842 2046 videbatur
869 1977 1017 2046 arctari:
1043 1998 1147 2062 quam
1174 1977 1202 2046 si
1229 1977 1315 2047 tuol-

60 2064 141 2136 lense
165 1999 341 2136 declinare
364 2067 553 2157 potuisset,
588 2087 664 2134 vera
689 2065 776 2134 fides
808 2077 870 2146 est,
897 2066 977 2153 quia
1007 2067 1161 2136 eremum
1188 2067 1314 2155 portus.

60 2175 148 2240 quam
172 2154 419 2225 monasterium
449 2154 641 2244 delegisset.
673 2153 964 2241 Frequentabatur
989 2155 1095 2244 igitur
1118 2176 1137 2223 a
1163 2153 1311 2243 populis,

59 2263 90 2310 er
105 2244 224 2313 niciuis
240 2259 272 2314 et
299 2245 415 2333 procul
441 2244 580 2312 remotis
599 2243 744 2313 urbibus
767 2243 964 2312 catervatim
981 2243 1023 2311 ad
1041 2264 1121 2312 eum
1138 2243 1316 2312 oonlluen-

60 2331 155 2402 tibus:
182 2334 244 2419 qui
264 2333 409 2403 eximiae
421 2331 689 2402 conversationis
707 2330 797 2400 fama
821 2331 968 2411 excitati,
988 2333 1101 2401 videre
1116 2353 1193 2401 eum
1216 2331 1315 2401 anxie

60 2421 219 2492 sitiebant.
246 2427 322 2491 Jam
350 2443 428 2491 vero
453 2421 518 2490 nisi
543 2443 645 2490 sexus
672 2419 826 2489 alternus
850 2419 1026 2509 impediat,
1045 2423 1123 2490 cum
1152 2435 1315 2510 personae

60 2507 206 2599 dignitati
223 2509 344 2590 laceat,
365 2509 479 2579 videas
505 2511 669 2615 Reginam
696 2509 807 2580 lustri
835 2509 1006 2595 requirere
1033 2509 1235 2598 sapientiam
1261 2512 1315 2577 Sa·

61 2597 206 2680 lomouis,
228 2605 352 2690 Regem
374 2597 529 2668 videlieet
545 2598 761 2667 lestinantem
783 2597 825 2666 ad
845 2597 1000 2667 consulta
1022 2597 1205 2687 pontificis.
1231 2601 1312 2666 Nam

60 2688 270 2775 lagobertus,
297 2688 356 2774 qui
382 2698 462 2757 tunc
490 2688 652 2776 temporis
683 2687 771 2755 inter
800 2687 1029 2776 Frenoigenas
1055 2707 1089 2754 ce
1117 2685 1150 2753 ni
1177 2707 1315 2754 monar-

59 2774 158 2844 chiam
191 2799 227 2845 re
253 2775 342 2856 ebat,
365 2775 607 2846 celeberrimae
630 2774 804 2876 opinionis
836 2776 974 2845 nunciis
1005 2707 1114 2843 semel
1134 2773 1312 2852 excitatus,

60 2861 199 2952 deposito
224 2799 315 2934 lhstu
341 2863 465 2966 regalis
489 2863 729 2944 excellentiae,
756 2863 876 2934 crebro
904 2862 945 2932 ad
971 2884 1050 2933 eum
1077 2864 1255 2944 veniebat,
1284 2875 1317 2931 et

60 2949 127 3022 licet
149 2953 276 3023 terreni
301 2975 396 3043 regni
416 2953 562 3041 imperio
578 2951 797 3032 sublimatus,
815 2952 975 3042 cupiebat
993 2964 1104 3020 tamen
1122 2951 1163 3021 de
1179 2951 1316 3022 coelesti

59 3041 275 3128 acquisitione
305 3065 324 3111 a
349 3042 420 3111 viro
454 3042 510 3110 Dei
542 3039 729 3110 aedificari.
752 3040 815 3123 Qui
840 3063 919 3110 cum
946 3060 1023 3111 eum
1050 3040 1092 3110 de
1117 3040 1316 3130 temporalis

61 3130 144 3219 regni
168 3129 415 3213 sollicitudine,
438 3129 480 3199 de
503 3129 609 3199 futuri
628 3129 736 3199 seculi
753 3129 976 3210 beatitudine,
996 3127 1038 3198 de
1058 3128 1181 3214 judicii
1210 3141 1314 3210 metu,

60 3215 94 3284 de
116 3241 172 3307 spe
198 3221 408 3290 aeternitatis
433 3218 593 3288 familiari
619 3217 790 3304 colloquio
815 3232 1060 3307 praemoneret,
1081 3217 1136 3286 ille
1163 3240 1241 3286 eum
1275 3217 1317 3285 li-

61 3303 166 3378 benter
188 3308 364 3388 audiebat,
390 3319 423 3378 et
450 3307 568 3377 audito
591 3329 630 3377 eo
655 3307 763 3376 multa
788 3305 955 3376 iaciebat:
995 3329 1059 3376 non
1096 3318 1133 3374 ut
1167 3308 1317 3374 incestus

61 3395 196 3468 Herodes
214 3397 394 3467 videbatur
417 3396 556 3465 audisse
578 3402 745 3466 loannem
772 3409 985 3486 arguentem,
1008 3395 1065 3464 sed
1097 3407 1133 3464 ut
1157 3393 1317 3463 Ezechias

62 3479 160 3556 fidelis
183 3487 309 3556 lsaiam
334 3485 581 3555 consolantem.
604 3489 728 3554 Verum
753 3485 928 3554 aestimari
954 3506 1019 3554 non
1047 3495 1166 3573 potest,
1186 3493 1316 3570 quanto

64 3573 151 3660 legis
173 3575 314 3645 animus
339 3572 525 3644 resultabat
548 3571 687 3663 gaudio,
707 3571 799 3663 quod
824 3574 909 3642 tanti
934 3573 996 3641 viri
1019 3571 1165 3662 hospitio
1195 3569 1313 3660 recipi,

63 3655 285 3732 benedictione
312 3662 438 3742 foveri,
464 3661 692 3732 collocutione
718 3661 898 3732 emeruisset
924 3660 1110 3732 aedificari.
1142 3659 1251 3750 Igitur
1277 3681 1317 3728 ne

64 3745 205 3837 ingratus
231 3751 334 3820 tantis
357 3749 535 3822 beneficiis
560 3750 753 3829 videretur,
784 3751 962 3820 aestuabat
990 3750 1130 3824 animo,
1164 3769 1315 3835 quonam

65 3837 150 3908 modo
173 3839 316 3909 uberius
339 3839 448 3908 sancti
472 3841 534 3908 viri
553 3839 698 3928 gratiam
718 3838 785 3908 sibi
802 3838 1012 3908 conciliaret.
1032 3837 1181 3906 Tandem
1200 3858 1218 3905 a
1234 3857 1319 3924 quo-

64 3921 129 3994 dam
152 3926 316 3997 lamiliari
339 3929 415 4018 ejus
430 3927 574 4010 audivit,
598 3927 662 3996 hoc
688 3926 785 3997 nullo
809 3927 876 3997 alio
894 3939 992 4016 pacto
1008 3926 1146 3996 facilius
1164 3948 1199 3994 se
1220 3945 1318 4014 posse

65 4017 248 4096 promereri,
267 4038 371 4104 quam
403 4017 432 4087 si
457 4039 511 4087 res
535 4015 706 4086 Ecclesiae
734 4015 851 4086 heatae
876 4017 1011 4097 Mariae,
1041 4017 1097 4085 cui
1126 4015 1198 4172 ipse
1226 4027 1320 4102 pater

66 4103 266 4186 venerabilis,
287 4110 352 4175 Deo
371 4117 520 4186 auctore,
537 4104 760 4184 deserviebat,
780 4104 822 4174 de
839 4125 903 4174 suo
922 4105 1001 4195 jure
1018 4125 1129 4194 angen
1159 4125 1197 4172 as
1220 4123 1320 4172 cura-

68 4201 116 4258 ret.
138 4193 227 4264 Nihil
252 4194 344 4264 enim
370 4195 404 4264 iu
436 4195 541 4266 rebus
565 4193 773 4264 transitoriis
805 4193 973 4283 Episcopo
998 4192 1156 4284 placere,
1188 4204 1322 4283 praetor

87 4349 291 4457 :Ethai-lgm
297 4330 410 4448 ¹{agridium
418 4352 614 4400 mantuanum,
624 4355 648 4394 tn
660 4363 688 4395 ιι
697 4353 830 4396 Galliarum
839 4356 934 4405 munna
943 4363 1004 4404 quse
1013 4355 1112 4396 natm
1121 4355 1226 4396 vocatur.
