2960 4824
208 251 273 316 276
602 269 642 312 nu
660 269 690 315 s.
714 266 849 314 cantata
874 267 999 314 srxmra
1279 247 1354 312 ott.
1375 247 1403 309 ll
1460 285 1461 344 3

164 365 278 422 tamen
306 373 397 420 nunc
416 371 553 437 quoque
572 349 698 420 dicam.
716 350 856 420 Nullum
880 339 965 432 erut,
988 371 1050 419 neo
1075 348 1253 420 videbatur
1278 353 1408 437 Impera·
1460 347 1461 432 g

164 441 230 510 tori
254 440 369 528 majus
396 438 603 508 miraculum
635 438 753 529 magui
775 438 923 510 Danielis
943 439 1123 510 tolerantia
1147 451 1179 508 et
1203 439 1280 508 vita.
1303 441 1408 508 Omnes
1460 439 1461 506 l

163 529 333 630 ergaqui
357 527 448 617 apud
473 549 551 614 eum
571 525 805 617 iungebantur
828 527 1008 684 lepationc,
1024 527 1095 596 sive
1111 540 1225 598 essent
1240 547 1341 617 reges,
1354 527 1411 594 sire

164 618 195 688 le
220 632 278 698 atr,
301 617 435 703 aliquos
462 615 603 704 quidem
630 638 690 706 per
713 617 811 698 alios,
838 615 924 686 aios
946 638 1025 685 vero
1045 615 1147 688 etiam
1164 637 1225 704 per
1241 637 1277 686 se
1291 615 1412 684 deduxit

162 641 219 776 ad
228 711 404 774 Sanctum.
427 704 481 773 Illi
505 727 583 774 xero
603 705 712 796 magis
730 703 914 795 stupebant
933 704 1097 784 videntes,
1116 726 1221 791 quam
1238 703 1409 774 audientes:

163 809 196 864 et
216 795 265 866 sic
283 794 441 864 redibant
463 789 715 873 benefflentes,
734 805 767 862 et
790 794 908 864 anima
924 794 1034 864 effecti
1059 792 1229 863 meliores
1249 792 1340 876 Quod
1361 814 1413 862 au·

164 897 230 954 tem
248 897 287 952 ut
305 881 419 954 futura
440 903 576 972 quoque
593 881 731 963 videret,
756 895 930 970 tamquam
943 883 1016 972 jam
1040 883 1244 972 praesentia,
1261 905 1281 951 a
1297 881 1414 972 superis

163 982 352 1062 acceperat,
379 994 399 1042 a
423 992 478 1040 me
502 971 642 1057 quidem
669 972 742 1062 jam
775 992 876 1060 saepe
901 972 1061 1059 superius
1085 984 1262 1042 ostensum
1287 985 1344 1041 cst.
1369 974 1415 1040 Est

164 1083 243 1131 vero
269 1059 375 1150 hujus
398 1081 534 1147 quoque
551 1059 597 1128 rei
620 1059 838 1130 manifestum
869 1059 1050 1130 indicium.
1078 1060 1252 1143 Quaedam
1278 1059 1363 1128 fama
1387 1059 1413 1125 in

161 1171 283 1220 omnes
309 1161 421 1238 partes
438 1150 610 1231 manabat,
629 1149 876 1220 Gausericbum
903 1171 1016 1240 regem
1034 1147 1279 1231 vandalorum,
1302 1146 1415 1217 bellum

163 1259 280 1330 gerere
304 1237 467 1307 adversus
482 1243 654 1308 Romanos
680 1259 805 1328 magno
829 1251 998 1327 apparatu
1022 1248 1054 1306 et
1080 1237 1208 1324 majore
1226 1235 1375 1314 audacia,
1391 1245 1417 1302 et

163 1327 253 1416 quod
275 1327 347 1416 jam
373 1347 452 1396 cum
480 1347 605 1416 magna
638 1347 743 1398 manu
775 1327 926 1415 pervenit
962 1326 1224 1406 Alexandriam,
1252 1348 1326 1396 eam
1362 1323 1417 1394 sibi

164 1415 281 1486 volens
304 1414 386 1486 belli
401 1414 511 1485 lacere
529 1415 733 1504 praemium.
754 1419 825 1484 lion
847 1437 968 1516 parum
986 1437 1067 1504 ergo
1083 1417 1200 1484 animo
1217 1417 1418 1506 angebantur

166 1504 397 1594 magistratus,
414 1516 447 1573 et
471 1503 543 1592 ipse
568 1509 770 1604 Imperator:
796 1525 855 1590 qm
880 1505 981 1573 etiam
998 1504 1066 1574 cito
1088 1505 1196 1573 currit
1220 1503 1265 1572 ad
1289 1521 1419 1574 consue-

165 1608 236 1662 tum
263 1591 552 1662 medicamentum
573 1593 680 1662 ammi
704 1591 944 1681 aegritudinis,
971 1605 1003 1661 et
1028 1597 1150 1662 Sancto
1175 1591 1301 1661 samam
1327 1591 1419 1680 signi-

165 1681 255 1751 ficat.
275 1681 336 1750 llle
357 1701 433 1750 vero
459 1695 634 1770 tamquam
665 1703 732 1750 non
759 1681 972 1768 praevidens,
993 1681 1051 1750 sed
1076 1681 1148 1770 jam
1175 1681 1297 1750 videns
1323 1678 1419 1750 oculis

162 1791 308 1860 eaquae
336 1781 629 1851 emmeramum,
654 1769 739 1839 dixit
764 1769 932 1858 protinus,
960 1791 1027 1839 non
1053 1769 1165 1840 solum
1184 1769 1418 1840 Genscricbum

164 1857 399 1928 Alexandriam
416 1879 481 1929 non
496 1879 570 1930 esse
589 1858 919 1949 occupaturum,sed
938 1858 971 1927 in
987 1859 1151 1928 omnibus
1170 1859 1274 1928 ctiam
1293 1859 1377 1938 aliis,
1393 1877 1419 1923 re

165 1945 300 2028 inlecta,
326 1948 469 2017 domum
494 1969 568 2017 esse
600 1967 831 2018 reversurum.
858 1947 1005 2016 Omnino
1042 1947 1128 2016 nibil
1157 1969 1246 2036 opus
1272 1963 1322 2016 est
1344 1945 1421 2032 adji-

164 2057 238 2106 cere
260 2037 307 2116 id,
325 2035 417 2124 quod
441 2037 552 2105 evenit
569 2037 623 2116 iis,
642 2037 701 2124 qui
723 2035 834 2104 virum
862 2047 999 2105 norunt.
1019 2041 1158 2106 Factum
1175 2050 1226 2106 est
1246 2040 1339 2105 enlm
1364 2053 1419 2102 nun

166 2124 274 2196 inulto
300 2137 385 2212 post,
405 2125 494 2194 siout
517 2124 634 2195 divina
661 2123 808 2194 Danielis
835 2124 953 2214 lingua
979 2124 1156 2214 praedixit.

208 2216 226 2300 ξ
249 2218 327 2286 Μ.
351 2217 490 2302 Propter
513 2212 597 2282 baec
616 2235 709 2304 ergo,
728 2225 760 2283 et
779 2212 883 2282 multa
909 2212 974 2282 alia
1002 2212 1055 2282 bis
1084 2211 1356 2294 admirabiliora,
1375 2232 1422 2278 vo·

165 2301 239 2372 lens
274 2307 464 2391 Imperator
493 2323 658 2392 maguum
697 2301 910 2372 remunerari
947 2301 1142 2382 Danielem,
1170 2303 1336 2387 quoniam
1367 2299 1423 2368 alia

166 2391 294 2460 ratione
320 2411 386 2460 non
413 2389 546 2470 licebat,
570 2403 666 2480 rogat
690 2405 727 2460 at
751 2389 810 2459 fiat
827 2390 945 2460 saltem
972 2389 1184 2460 domuncula
1210 2390 1308 2460 illius
1334 2389 1424 2458 disci-

165 2479 269 2568 pulis:
297 2502 315 2544 «
342 2485 382 2548 Ut
404 2479 564 2561 babeant,
584 2479 707 2565 inquit,
727 2501 790 2548 suo
813 2481 947 2568 corpori
974 2478 1231 2548 habitationem.
1255 2483 1424 2548 »Sanctus

165 2590 267 2638 vcro:
296 2590 313 2633 a
340 2568 372 2637 Si
399 2567 513 2636 dixisti
538 2566 690 2654 quidem,
719 2568 851 2654 inquit,
880 2567 923 2636 de
950 2567 1138 2638 extruendo
1161 2567 1345 2648 aedilicio,
1367 2586 1424 2634 non

167 2669 274 2746 potest
298 2655 330 2724 id
358 2657 443 2726 mibi
463 2677 536 2726 esse
557 2669 705 2746 gratum.
729 2661 843 2746 Neque
866 2657 956 2725 enim
983 2656 1081 2726 beatu
1107 2656 1260 2726 Simeoni
1288 2657 1352 2726 boo
1370 2675 1425 2724 uu·

163 2767 267 2831 quam
292 2743 412 2814 adluit.
432 2751 481 2814 Tu
505 2757 617 2814 autem
645 2745 674 2814 si
699 2743 781 2816 velis
805 2743 916 2816 lacere
941 2745 1025 2814 mibi
1051 2767 1120 2814 rem
1148 2757 1297 2835 gratam,
1315 2745 1425 2816 festina

165 2834 232 2902 buc
251 2831 423 2903 adducere
438 2834 533 2903 illius
558 2832 734 2920 reliquias;
753 2844 785 2904 et
803 2856 873 2902 rem
894 2833 979 2904 mibi
999 2833 1247 2924 gratissimam,
1260 2847 1425 2923 acceptam

164 2921 225 2990 tibi
249 2920 370 2990 feram.
390 2945 408 2990 a
432 2928 526 2992 Tunc
544 2921 667 2992 lubens
684 2922 783 3010 jubet
807 2927 1009 3012 Imperator,
1033 2937 1103 2991 tum
1124 2935 1161 2992 ut
1185 2943 1285 2992 sacra
1310 2925 1424 2993 dotatus

163 3009 364 3080 aedificetur
394 3011 567 3090 simeoni,
591 3024 668 3080 ante
695 3011 892 3080 columnam
930 3011 1079 3080 Danielis
1104 3011 1145 3080 ad
1171 3013 1336 3093 boream,
1363 3025 1425 3080 tunt

166 3119 253 3180 vero,
274 3112 310 3168 ut
334 3099 458 3169 domus
483 3121 619 3190 qnoque
640 3099 759 3168 liarent
784 3099 991 3189 hospitibus,
1007 3101 1065 3186 qui
1083 3100 1124 3168 ad
1149 3113 1303 3172 montem
1321 3119 1426 3170 ascen·

163 3187 300 3266 debant,
320 3203 352 3258 ct
378 3190 493 3279 magni
521 3188 668 3258 Danielis
688 3187 882 3277 discipulis,
902 3189 964 3258 etsi
980 3189 1010 3256 ei
1028 3202 1168 3258 sanctus
1185 3201 1270 3258 tunc
1290 3189 1426 3258 multum

166 3277 369 3364 prohiberet.
386 3281 467 3346 tlum
495 3289 607 3346 autem
625 3278 685 3366 qui
711 3277 806 3346 missi
832 3277 967 3346 fuerant
983 3277 1208 3358 lntiocblam,
1225 3279 1277 3347 sic
1295 3278 1427 3368 jubente

163 3371 383 3456 Imperatore,
398 3365 560 3453 reliquias
573 3366 779 3444 attulissent,
798 3365 970 3436 sirnilicut
987 3365 1127 3453 quidem
1151 3387 1302 3455 magnus
1322 3361 1426 3436 Daniel

162 3457 331 3545 Episcopo
348 3453 455 3534 urbis,
478 3468 517 3524 ut
541 3456 712 3543 praedicet
737 3468 768 3523 et
794 3421 931 3544 pdblioe
955 3455 1144 3524 annunciet
1163 3457 1426 3545 exportationem

164 3543 388 3624 tabernaculi,
402 3555 433 3611 et
449 3555 486 3612 ut
502 3545 576 3632 ipse
596 3543 711 3614 sedeat
728 3545 761 3610 in
784 3543 942 3614 vehiculo
966 3544 1199 3634 Imperatoris,
1217 3544 1299 3614 sinu
1318 3557 1426 3614 tenens

164 3631 338 3719 reliquias,
357 3645 390 3702 ct
413 3633 462 3705 sic
490 3633 554 3702 iter
578 3631 680 3704 saciat
704 3653 782 3702 cum
810 3632 953 3722 psalmis
983 3643 1015 3701 et
1038 3631 1189 3722 hymnis,
1216 3646 1249 3704 et
1274 3655 1354 3704 cum
1379 3649 1427 3700 aas

163 3721 342 3791 deduxerit
365 3719 407 3790 ad
426 3721 591 3811 templum
615 3720 757 3790 militiae
784 3720 951 3811 principis
976 3719 1164 3802 llicbaiiliS,
1184 3721 1263 3792 illic
1283 3721 1425 3790 divinam

163 3809 336 3881 celebrent
360 3811 623 3900 mystagogiam.
650 3814 743 3892 Quae
776 3832 854 3878 cum
891 3822 1146 3900 peragerentur,
1181 3823 1213 3879 et
1250 3831 1375 3901 magno
1402 3819 1428 3874 et

164 3898 445 3987 splendidissimo
469 3901 634 3970 comitatu
657 3897 920 3980 deducerentur,
941 3898 1049 3968 multa
1068 3920 1127 3988 per
1143 3901 1218 3988 Ipsa
1235 3900 1271 3968 in
1291 3900 1427 3970 transitu
1460 3903 1461 3980 l

163 3988 273 4056 lacere
299 3987 465 4056 miracula
488 3999 692 4078 conspectus
709 4000 759 4056 est
784 3988 970 4058 Dominus:
993 4009 1081 4075 quae
1096 3987 1235 4075 quidem
1257 3986 1426 4078 sigillatim
1460 3981 1461 4070 l

164 4077 307 4145 omnino
332 4095 490 4156 narrare,
523 4087 666 4146 nonest
695 4077 883 4166 praesentis
909 4077 1084 4166 temporis.
1112 4081 1295 4166 Postquam
1322 4088 1425 4144 autem
1460 4075 1461 4169 l

165 4163 268 4234 finem
288 4177 494 4253 acceperunt
512 4187 563 4246 ea,
583 4187 671 4251 quae
690 4165 905 4254 pertinebant
925 4164 966 4236 ad
990 4165 1166 4252 reliquias,
1186 4179 1219 4234 et
1234 4167 1310 4254 ipse
1327 4184 1427 4232 saeer-
1460 4179 1461 4254 l

163 4254 237 4333 dos,
253 4265 283 4321 et
301 4253 494 4338 omnesqui
510 4253 614 4324 simul
632 4255 942 4340 consequebantur,
960 4277 1038 4324 cum
1058 4254 1185 4344 gaudio
1205 4254 1246 4324 ad
1271 4259 1424 4346 salictum
1460 4257 1461 4330 ξ

163 4341 415 4422 ascenderunt,
448 4343 614 4412 maximas
653 4343 858 4412 suavisstnu
892 4344 1006 4412 anima
1037 4344 1070 4412 in
1097 4365 1153 4414 ecs
1180 4342 1291 4412 serbis
1313 4337 1426 4410 alludit
1460 4349 1461 4428 j
