2954 4816
238 255 303 322 tt8
600 272 639 317 nx
662 271 689 318 s.
716 271 890 318 antsrasut
915 271 1058 318 acerrae
1301 250 1375 314 DEC.
1394 249 1426 312 25

194 356 346 447 publicis
370 354 494 426 inclusi
519 369 628 436 erant,
655 356 793 424 effectae
811 356 941 437 omnia,
962 353 1086 423 medici
1112 352 1303 432 vulnerum,
1327 373 1427 440 suppe

194 447 357 515 ditatores
382 443 629 534 pecuniarum,
661 445 920 534 praeteritorum
952 442 1120 513 uralorum
1146 442 1325 522 solatium,
1346 455 1374 508 et
1395 439 1427 506 ad

195 534 348 605 futurum
375 532 587 602 validissima
611 532 811 603 consolatio.
830 537 869 602 Et
892 533 942 602 sic
965 531 1105 618 quidem
1131 530 1292 622 virgines.

238 627 256 712 ᾗ
280 627 351 693 21.
371 625 452 691 Cum
470 634 583 690 autern
611 644 732 691 rursus
756 620 976 691 intellexisset
1007 618 1249 700 Diocletianus,
1273 639 1368 704 quam
1389 637 1429 682 es-

195 723 269 782 sent
285 709 423 798 quidem
445 711 583 798 angusti
608 733 762 780 carceres
786 725 924 800 propter
948 707 1203 779 multitudinem
1231 707 1368 797 piorum,
1385 701 1427 790 qui

195 801 229 869 in
256 801 298 868 iis
321 798 586 882 detinebantur3
619 813 733 870 essent
766 821 842 870 vero
866 797 983 867 inania
1007 796 1149 886 quaevis
1172 795 1354 896 excogitata
1379 807 1429 861 tor-

197 898 355 968 menta‚a
380 886 594 956 confessione
619 887 756 957 nemine
778 910 896 958 eorum
920 885 1107 966 recedente;
1126 907 1185 955 eos
1203 883 1340 975 quidem
1355 881 1429 970 jubet

194 976 338 1046 diversis
363 976 483 1045 mortis
506 975 610 1045 illatis
634 975 819 1066 generibus
842 975 885 1045 de
910 975 1022 1044 medio
1046 973 1119 1044 tolli
1142 995 1183 1043 ex
1199 971 1396 1046 hominibus,
1408 981 1429 1036 et

194 1066 240 1134 ita
267 1065 377 1134 locum
404 1064 485 1133 dare
513 1067 729 1136 carceribus:
754 1066 841 1136 alios
864 1077 978 1134 autem
1004 1063 1305 1152 comprehendere,
1323 1059 1429 1148 quiea·

195 1152 271 1222 dem
297 1151 509 1222 sentiebant:
531 1164 564 1222 ει
585 1155 734 1243 primum
761 1153 899 1241 quidem
919 1155 952 1220 in
970 1151 1108 1221 vincula
1132 1152 1319 1221 cou'icere:
1333 1146 1429 1218 deinde

194 1243 223 1312 si
247 1242 314 1312 sibi
340 1263 405 1311 non
430 1240 697 1399 persuaderent,
725 1256 762 1313 ut
797 1265 895 1312 suam
925 1241 1125 1330 abjurarent
1159 1262 1195 1310 re
1213 1241 1367 1330 igionem,
1388 1255 1429 1303 eos

196 1331 371 1400 tormentis
408 1353 425 1399 a
454 1344 591 1400 rcerent.
626 1337 731 1401 Tanta
754 1345 827 1401 erat
858 1331 955 1420 impii
979 1329 1151 1399 contentio
1175 1329 1338 1399 adversus
1360 1323 1430 1394 Chri·

194 1419 335 1500 stianos,
355 1419 488 1489 occulto
503 1432 660 1509 tyranno,
675 1422 865 1500 communi,
885 1421 1039 1505 inquam,
1057 1417 1153 1488 hoste
1174 1417 1428 1488 Christianorum

194 1507 291 1578 illum
318 1507 360 1578 ad
387 1509 450 1577 boc
482 1509 655 1578 incitante.
687 1515 792 1596 Atque
828 1509 957 1578 sanctis
986 1507 1126 1594 quidem
1165 1507 1276 1576 multa
1303 1519 1335 1574 et
1364 1501 1430 1570 varia

195 1596 313 1666 mortis
337 1617 462 1686 genera
482 1610 564 1666 suut
587 1595 786 1686 dispertita:
812 1611 844 1666 et
867 1597 953 1666 alios
972 1595 1113 1683 quidem
1140 1595 1148 1662 i
1179 1596 1245 1675 nis,
1272 1594 1355 1664 alios
1376 1611 1430 1686 reru

192 1707 294 1772 aqua,
323 1685 409 1755 alios
433 1698 545 1754 autem
572 1686 684 1768 ensis,
707 1685 793 1756 alios
818 1707 894 1754 vero
918 1683 1049 1771 aliquid
1079 1617 1176 1753 aliud
1204 1707 1245 1753 ex
1272 1682 1362 1752 novis
1381 1677 1429 1747 illis

193 1785 326 1931 prespiter
353 1775 436 1842 baec
472 1775 618 1843 inventis
643 1788 772 1864 reperte
795 1787 827 1844 et
856 1775 889 1842 in
920 1795 990 1842 una
1019 1786 1116 1842 nocte
1149 1793 1273 1842 omnes
1306 1785 1429 1857 compra-

217 1884 256 1932 en
287 1875 322 1930 rt.

235 1953 253 2038 ἕ
278 1956 357 2022 22.
377 1955 562 2040 Martyrum
589 1963 702 2021 autem
728 1971 963 2038 omnesquae
988 1951 1063 2041 ipsa
1077 1971 1216 2038 quoque
1238 1971 1314 2020 mox
1330 1957 1429 2031 martyr

190 2052 262 2109 erat
279 2039 406 2120 futura,
425 2041 613 2120 Anastasia,
632 2062 710 2109 cum
733 2040 775 2108 de
793 2041 846 2110 bis
864 2040 1054 2110 rescivisset
1068 2039 1187 2128 (mane
1203 2041 1298 2108 enim
1316 2037 1428 2106 advene·

192 2142 254 2210 rat,
281 2149 338 2198 eos
364 2150 457 2197 more
481 2127 580 2198 solito
603 2128 792 2214 curatura),
820 2127 878 2198 ubi
908 2127 1073 2198 intellexit
1109 2149 1258 2197 vacuum
1290 2147 1360 2198 esse
1380 2143 1428 2190 car·

190 2239 314 2296 cerem,
329 2229 362 2286 et
378 2219 490 2286 adrem
516 2216 671 2307 implevit
689 2216 937 2298 vociferatione,
953 2231 986 2286 et
1000 2217 1124 2290 uberes
1141 2215 1318 2305 lacrymae
1333 2215 1429 2283 fluxere

190 2329 230 2375 ex
254 2304 387 2376 oculis:
419 2327 563 2392 eantque
590 2305 807 2396 opprimebat
836 2305 996 2395 gemitus,
1018 2320 1051 2375 et
1074 2305 1274 2375 lacerabant
1296 2303 1427 2394 ejulatus.

190 2399 319 2485 Rogata
335 2415 411 2462 vero
424 2414 487 2462 cur
503 2395 608 2472 fleret,
633 2395 691 2464 illa
704 2395 790 2464 nibil
809 2395 925 2474 verita,
945 2415 1054 2480 neque
1071 2393 1186 2464 volens
1201 2415 1279 2463 esse
1293 2405 1427 2462 nocturn

191 2483 314 2552 tlhristi
339 2481 523 2571 discipula,
540 2483 597 2552 sed
622 2483 747 2552 timeus
765 2482 889 2573 potius,
907 2505 948 2552 ne
974 2505 1034 2572 pro
1053 2505 1092 2552 eo
1117 2503 1183 2551 uon
1202 2496 1371 2572 pateretur
1388 2497 1427 2544 ner

191 2584 390 2651 moreretur,
418 2569 607 2640 vociferans
631 2571 733 2642 dixit:
754 2595 771 2638 a
798 2577 930 2655 Quaero
955 2571 1012 2640 Dei
1038 2571 1103 2640 mei
1123 2593 1253 2652 servos,
1273 2572 1332 2658 qui
1355 2563 1428 2636 molo

189 2673 286 2730 erant
324 2662 357 2728 in
391 2659 559 2730 custodia.
591 2665 816 2748 »Postquam
850 2673 963 2730 autem
994 2659 1239 2730 intellexerunt
1273 2682 1346 2729 eam
1377 2671 1428 2723 esst

189 2749 427 2830 tlbristianam,
447 2770 521 2818 eam
548 2749 705 2837 protinus
728 2749 1011 2839 comprehensam
1040 2747 1215 2818 duxerunt
1240 2749 1283 2818 ad
1319 2745 1427 2815 Florum

190 2837 397 2906 Praefectum
424 2837 564 2927 lllyrici,
583 2837 755 2908 diceutes:
783 2837 1027 2908 cluvenimus
1051 2837 1139 2906 banc
1163 2837 1305 2907 flentem
1330 2835 1360 2904 iu
1376 2849 1428 2899 car·

189 2948 284 2994 cere:
304 2939 344 3026 ιει
372 2948 451 2995 cum
478 2925 765 2996 intellexissemus
794 2947 868 2995 esse
884 2925 1124 3004 Christianam,
1151 2939 1185 2995 et
1212 2926 1296 2996 llere
1320 2931 1429 3014 propter

189 3015 410 3092 Christianos
429 3037 503 3084 eam
531 3015 573 3084 ad
604 3029 699 3085 tuum
717 3014 882 3104 judiciale
913 3013 1064 3084 tribunal
1087 3013 1313 3084 adduximus.
1332 3035 1348 3078 r
1366 3014 1427 3078 t‘uu

189 3124 265 3172 vero
291 3101 483 3172 Praefectus
508 3125 583 3173 eam
610 3103 852 3194 interrogasset
877 3125 956 3173 cum
986 3103 1229 3173 admiratione:
1256 3127 1275 3170 a
1300 3107 1347 3171 'fu
1369 3113 1428 3180 argo

187 3214 223 3262 es
248 3191 460 3261 Christiana?
485 3215 503 3258 s
528 3193 589 3262 llla
606 3192 698 3262 clara
724 3215 818 3262 voce:
841 3197 982 3272 «Certe,
1002 3193 1123 3278 inquit,
1143 3214 1221 3261 sum
1249 3187 1426 3262 Christiana.

187 3287 268 3352 Nam
287 3280 378 3368 quod
395 3282 455 3350 tibi
480 3281 613 3352 videtur
635 3305 710 3352 esse
732 3303 842 3350 uuum
867 3303 907 3352 ex
933 3279 1083 3360 nefariis,
1103 3283 1163 3351 boc
1184 3293 1236 3351 est
1255 3279 1336 3350 mihi
1351 3292 1428 3345 orna·

189 3382 354 3450 mentum,
371 3383 403 3439 et
419 3391 542 3439 nomen
563 3371 800 3462 praecipuum.
821 3392 839 3437 u

229 3461 248 3547 ξ
272 3462 352 3530 28.
379 3464 560 3546 Postquam
590 3471 704 3529 autem
730 3458 787 3528 ille
810 3470 843 3527 et
864 3459 951 3528 vitae
974 3457 1048 3545 ejus
1071 3456 1316 3540 conditionem,
1334 3467 1363 3524 ει
1384 3469 1427 3542 ρι-Ι

187 3547 299 3628 triam,
318 3561 351 3617 et
373 3569 483 3638 genus
506 3548 649 3637 accepit,
669 3547 758 3636 quod
777 3547 908 3618 scilicet
925 3549 960 3616 in
975 3546 1078 3616 veteri
1096 3546 1182 3616 urbe
1201 3551 1309 3617 Roma
1325 3543 1426 3612 illustri

186 3635 260 3736 loco
283 3649 372 3708 esset
397 3651 497 3706 nata:
524 3659 542 3703 a
568 3637 656 3720 Ouid
682 3657 782 3718 tero,
809 3637 943 3726 inquit,
970 3650 1001 3706 ιε
1025 3635 1217 3725 persuasit,
1244 3649 1284 3706 ut
1308 3639 1425 3724 Roriam

183 3725 322 3812 quidem
350 3725 570 3813 relinqueres,
598 3727 665 3796 buc
689 3740 801 3796 autern
829 3725 981 3794 venires?
1002 3748 1020 3792 u
1041 3729 1166 3810 llartyr
1191 3745 1282 3793 vero:
1303 3747 1315 3786 r
1340 3709 1439 3812 Quid,

185 3835 262 3882 nent
281 3811 389 3894 eliud,
417 3815 540 3902 inquit,
568 3815 635 3884 nisi
659 3815 769 3886 solum
792 3835 853 3884 vox
878 3814 944 3882 mei
970 3813 1133 3882 Domini?
1161 3817 1259 3881 lianc
1282 3811 1365 3880 enim
1384 3821 1425 3900 ιθ·

184 3902 251 3973 lam
277 3924 442 3990 sequens,
472 3903 671 3994 parentibus
695 3902 797 3974 simul
830 3915 863 3972 at
884 3903 1040 4004 cognatis
1063 3913 1096 3970 et
1119 3901 1246 3990 opibus
1266 3900 1422 3987 despecta.

182 4005 215 4062 et
238 3993 350 4062 amico
376 3992 503 4081 patriae
528 3991 599 4062 solo
624 3992 752 4072 relicto,
775 3991 841 4061 mei
864 3991 988 4061 Clrrrsti
1012 4011 1148 4060 crucem
1174 3989 1311 4068 sustuli,
1331 3999 1423 4074 prou·

184 4081 320 4168 ptisque
335 4095 367 4150 ει
381 4081 554 4152 alacribus
570 4103 648 4150 eum
665 4103 741 4152 sum
759 4093 875 4150 secuta
901 4079 1057 4170 pedibus.
1078 4102 1096 4145 u
1115 4078 1199 4148 Dicit
1217 4090 1327 4147 autem
1342 4077 1422 4140 Prae·

183 4165 315 4238 fectus:
341 4193 358 4236 a
384 4170 447 4239 -Ubi
472 4181 522 4240 est
550 4169 597 4246 is,
624 4191 725 4257 quem
756 4183 793 4238 tu
816 4168 915 4250 dicis,
943 4169 1124 4239 Christus?
1153 4190 1273 4232 »--‹<
1299 4161 1418 4243 Ubique.

185 4257 307 4354 inquit,
329 4275 469 4347 martyr,
498 4280 605 4344 ireque
622 4271 672 4326 est
691 4257 784 4328 ullus
802 4258 908 4340 locus
926 4259 985 4345 qui
1002 4279 1042 4327 eo
1060 4270 1185 4328 careat.
1208 4261 1261 4326 Est
1279 4254 1308 4321 in
1333 4243 1417 4348 coelo,

183 4356 233 4413 est
250 4365 283 4411 m
301 4347 398 4426 mari,
418 4361 469 4418 est
483 4347 515 4416 iu
535 4359 635 4417 terra.
652 4347 763 4418 Nihilo
778 4347 890 4417 secius
906 4361 1019 4418 autem
1034 4360 1084 4419 est
1100 4345 1202 4416 etiam
1221 4346 1254 4414 iu
1268 4337 1417 4412 erunibus,
