2994 4832
58 254 117 319 ott.
138 257 156 318 5
413 273 451 319 ox
474 271 501 318 s.
527 273 607 320 stat
631 272 703 319 aaa.
730 273 768 320 nr
793 269 884 320 conr.
1177 256 1233 322 lbl

57 357 129 426 licbat
149 355 290 444 injuria:
313 369 347 425 et
369 357 475 426 zelum
496 357 661 428 adversus
685 379 778 439 eum,
800 358 861 445 qui
882 358 1038 515 improba
1063 370 1176 428 mente
1203 381 1285 429 eon-

52 446 178 602 ppdebat
199 445 379 534 prohibere
403 446 683 529 misericordiam,
701 459 734 516 et
758 446 928 516 admirabi
945 467 999 516 em
1024 447 1057 515 in
1079 468 1157 516 eum
1184 469 1285 538 prae-

68 548 217 604 rotronem.

79 627 173 710 Μ.
201 629 320 694 Fames
340 623 441 694 simul
465 639 497 694 et
521 625 638 713 pestis,
656 623 725 694 duo
750 624 852 707 mala,
872 637 904 694 et
923 646 1011 782 (puae
1035 625 1193 696 similiter
1209 647 1285 714 pos-

48 725 109 780 sunt
129 713 239 782 tollere
256 714 299 782 de
325 711 448 794 medio,
465 734 545 783 cum
571 713 778 784 invasissent
797 713 927 783 nonnul
946 737 965 782 a
981 714 1055 782 loca
1070 736 1110 783 ex
1126 715 1180 796 iis,
1197 735 1285 801 quae

46 815 108 868 sunt
126 802 185 872 sita
205 802 270 872 sub
295 802 440 891 imperio
456 806 703 882 Romanorum,
723 802 850 873 multas
870 801 1008 888 quidem
1030 801 1151 872 domos
1168 804 1284 872 exina-

44 889 156 958 nierunt
177 890 380 961 hominibus
395 913 402 954 ε
420 902 506 960 totos
530 903 644 960 autem
671 911 789 982 pagos,
816 903 849 961 et
876 891 1116 974 habitationes,
1135 903 1168 960 et
1184 913 1284 982 agros

42 977 239 1049 mddiderunt
269 1001 396 1050 vacuos
420 978 684 1050 habitatoribus.
712 983 815 1049 Porro
844 991 956 1050 autem
991 979 1121 1050 malum
1146 1001 1284 1068 quoque

40 1067 218 1151 procedebat
241 1067 399 1150 ulterius
417 1080 449 1138 et
465 1067 579 1138 adhuc
606 1068 766 1159 pluribus
793 1069 955 1138 afferebat
981 1069 1170 1138 interitum.
1199 1073 1281 1138 Cum

37 1176 105 1243 crgo
124 1156 395 1226 considerassent
417 1158 655 1227 communium
673 1168 859 1238 curatores,
881 1157 965 1244 quin
991 1158 1092 1226 etiarn
1114 1157 1188 1248 ipse
1216 1162 1284 1228 Im-

38 1257 161 1329 perator,
181 1267 334 1332 quanam
351 1246 481 1316 ratione
504 1267 688 1316 commune
712 1267 780 1314 uon
800 1256 972 1336 pateretur
987 1245 1153 1315 damnum
1179 1247 1283 1316 vecti-

38 1331 146 1420 galium
169 1355 378 1415 annuorum,
396 1333 586 1405 decernunt
600 1347 639 1405 ut
661 1333 867 1414 afinitimis,
910 1335 945 1404 ui
961 1334 1066 1404 attriti
1090 1333 1228 1404 lucrant
1251 1345 1284 1406 el

38 1421 204 1507 perierant,
230 1445 270 1492 ea
301 1426 540 1514 exigerentur;
566 1435 600 1493 et
621 1424 686 1492 hoc
710 1423 823 1492 locum
853 1423 897 1492 ha
925 1423 976 1492 uit
1000 1445 1059 1512 per
1085 1423 1283 1493 universam

37 1509 201 1598 regionam,
217 1533 306 1598 quae
322 1513 464 1601 parebat
478 1533 596 1582 corum
621 1512 786 1602 imperio:
814 1525 846 1582 et
871 1513 1083 1601 quicumque
1107 1511 1284 1583 habitabat

38 1597 65 1664 in
84 1599 159 1670 locis
187 1600 332 1680 vicinis,
364 1601 550 1690 cogebatur
579 1602 681 1670 etiam
708 1601 849 1689 perdere
874 1600 1066 1671 vicinorum
1091 1601 1281 1692 vectigalia,

38 1685 95 1754 sire
111 1689 285 1775 periissent
308 1688 398 1758 same
421 1699 454 1759 et
477 1689 604 1779 inopia,
625 1691 694 1758 sive
710 1691 812 1759 etiarn
838 1701 953 1760 essent
969 1690 1043 1758 suis
1058 1688 1158 1762 bonis
1174 1690 1284 1759 ever'si

40 1791 155 1862 propter
169 1777 417 1848 necessitatem.
436 1783 558 1847 Beatus
580 1799 662 1867 ergo
678 1779 783 1848 Sabas
800 1801 860 1866 pro
875 1800 912 1847 re
936 1790 1004 1847 tam
1022 1779 1142 1864 iniqua
1165 1778 1285 1848 civita-

40 1861 125 1942 tibus,
140 1877 171 1933 et
188 1877 255 1934 tarn
277 1866 398 1955 impia,
413 1878 445 1936 et
463 1866 610 1936 maxime
625 1866 716 1953 quod
734 1867 834 1936 etiam
852 1867 1076 1956 ierosolymis
1091 1865 1285 1936 executioni

42 1951 244 2024 mandabatur
274 1954 341 2024 hoe
366 1955 524 2043 iniquum
550 1967 582 2024 et
607 1955 826 2044 tyrannicum
851 1956 1052 2036 decretum,
1085 1955 1216 2024 accedit
1240 1954 1284 2024 ad

48 2039 269 2138 imperatorem,
290 2045 510 2114 annuncians
530 2045 579 2112 rei
603 2041 862 2125 absurditatem,
888 2043 1073 2114 ostendens
1089 2065 1282 2132 pauperum

47 2136 213 2211 ruentum,
242 2131 362 2200 dicens
388 2153 571 2202 commuue
596 2131 682 2200 nihil
707 2131 788 2202 hinc
813 2131 1023 2215 lucrifacere,
1050 2132 1110 2202 sed
1134 2143 1284 2202 extremo

47 2215 143 2300 potius
156 2217 270 2289 damno
285 2219 389 2301 allici,
404 2221 580 2302 omnibus,
597 2222 657 2308 qui
673 2241 811 2310 gravem
828 2220 924 2290 illam
938 2221 1063 2290 tamem
1080 2233 1112 2290 et
1129 2221 1282 2310 inopiam

47 2301 172 2400 elingere
190 2321 382 2398 potuerunt,
401 2309 535 2380 alllictis
559 2310 601 2378 ab
619 2309 684 2378 hae
701 2309 795 2401 gravi
812 2310 998 2390 exactione,
1017 2320 1049 2378 et
1067 2331 1156 2394 quae
1171 2317 1285 2378 essent

45 2411 75 2456 1ss
109 2407 261 2480 posterum
303 2397 467 2480 soluturi,
488 2419 616 2488 'eorum
651 2399 789 2486 jactura
825 2419 1009 2468 commune
1038 2397 1280 2469 afficientibus.

40 2480 147 2553 Deinde
175 2485 210 2554 fit
235 2486 338 2556 etiarn
364 2487 522 2576 supplex,
539 2500 571 2556 et
595 2509 700 2557 unam
727 2487 770 2558 ab
790 2507 830 2556 eo
858 2487 954 2577 petiit
979 2487 1138 2577 gratiam,
1161 2509 1284 2576 nempe

39 2574 278 2662 utpauperibus
299 2575 467 2662 injustum
493 2575 578 2646 illud
605 2576 748 2668 vectigal
768 2575 963 2656 remitteret,
990 2589 1023 2645 et
1049 2574 1183 2665 duplici
1206 2597 1284 2644 exa-

33 2659 126 2754 ctione
147 2664 293 2732 miseros
316 2647 395 2732 illos
423 2686 492 2734 non
523 2665 676 2754 amplius
703 2665 924 2753 opprimeret.
944 2669 1027 2732 Cum
1059 2664 1088 2733 is
1112 2676 1225 2734 autem
1252 2675 1285 2732 et

27 2763 141 2831 justum
171 2764 260 2821 esset
286 2752 463 2834 reveritus,
482 2763 515 2822 et
542 2764 680 2843 propter
705 2753 800 2824 illius
826 2753 889 2822 viri
917 2773 1035 2842 preces
1059 2765 1173 2823 motus
1197 2765 1286 2823 esset

30 2837 156 2934 pudore,
189 2851 223 2910 et
247 2841 395 2910 nesciret
421 2840 505 2928 quid
539 2853 673 2931 ageret,
699 2853 732 2912 et
755 2842 969 2932 pauperibus
994 2841 1092 2911 vellet
1123 2841 1285 2933 praebere

29 2930 267 3010 immunitatem
293 2951 314 2997 a
342 2929 474 2999 crudeli
507 2929 567 2999 illo
592 2951 752 3014 munere,
787 2931 940 3001 Marinus
967 2930 1109 3018 quidam
1141 2931 1285 3022 agrestis

28 3018 181 3099 moribuS,
198 3017 260 3104 qui
285 3016 441 3108 linguam
470 3017 629 3088 cohibere
652 3041 719 3088 non
749 3032 891 3107 poterat,
910 3032 993 3090 tunc
1017 3041 1095 3092 vero
1122 3041 1285 3110 magnam

26 3099 159 3176 habebat
177 3106 377 3195 potentiam,
396 3107 519 3198 agebat
535 3120 648 3178 autem
667 3119 700 3178 et
715 3106 855 3190 serebat,
871 3131 939 3196 quo
954 3107 1097 3190 volebat,
1115 3107 1284 3178 levitatem

26 3193 246 3280 Imperatoris,
270 3215 306 3262 se
329 3195 363 3262 iu
389 3194 493 3284 pedes
516 3196 664 3286 erigens,
684 3195 862 3267 honestam
888 3198 982 3268 illam
1005 3208 1037 3266 et
1054 3218 1129 3266 rere
1154 3197 1284 3285 regiam

25 3283 129 3352 evertit
152 3282 372 3366 sententiam,
400 3284 518 3356 dicens
543 3306 618 3354 csse
642 3287 870 3367 Nestorianos,
897 3287 956 3373 qui
980 3297 1079 3354 erant
1102 3285 1137 3366 in
1166 3295 1285 3352 sancta

25 3369 158 3452 civitate,
177 3384 210 3440 et
230 3371 290 3440 tali
306 3371 396 3442 douo
414 3373 557 3442 minime
573 3371 709 3464 dignos.

58 3461 73 3546 ἕ
101 3463 177 3532 us.
199 3463 284 3530 Cum
309 3481 389 3530 eum
416 3473 528 3530 autem
558 3461 770 3564 increpasset
787 3462 906 3532 beatus
931 3461 1048 3542 Sabas,
1068 3472 1100 3530 et
1124 3459 1286 3547 jussisset

24 3565 89 3614 curn
116 3569 255 3619 cessare
279 3547 427 3639 desuper
444 3549 574 3620 bellum
593 3565 739 3622 excitare
763 3549 927 3620 adversus
954 3554 1220 3638 Imperatorem:
1248 3547 1283 3618 in

24 3633 81 3704 tine
96 3651 213 3707 autem
240 3635 300 3706 illa
324 3659 460 3726 quoque
476 3638 674 3728 adjecisset:
692 3663 710 3707 c
727 3639 796 3710 Nisi
817 3651 849 3708 te
864 3637 959 3708 velox
977 3659 1039 3728 pro
1066 3649 1182 3718 terea,
1198 3659 1286 3724 quae

24 3721 148 3820 dixisti,
177 3724 324 3794 subierit
350 3728 581 3814 poenitentia,
610 3729 672 3799 tibi
696 3729 946 3798 monimentum
973 3661 1099 3815 peribit
1125 3747 1203 3795 curn
1231 3749 1286 3796 so-

26 3825 110 3896 nitu,
134 3813 326 3884 »Marinus
353 3815 493 3902 quidem
518 3815 628 3886 nihilo
652 3837 687 3887 se
715 3815 827 3886 evadit
850 3814 982 3884 melior.
1010 3814 1070 3884 Ille
1097 3837 1177 3885 vero
1204 3837 1285 3885 cum

26 3901 217 3988 lmperatori
234 3902 349 3972 statim
366 3903 439 3974 vale
455 3903 607 3987 dixisset,
622 3915 654 3975 et
668 3905 754 3974 alias
769 3904 813 3974 ab
828 3925 866 3974 eo
883 3903 1068 3974 drachmas
1083 3904 1283 4004 accepisset,

27 4000 55 4055 ut
75 3989 298 4062 distribueret
320 3991 375 4074 iis,
397 4014 486 4081 quae
509 3995 575 4064 sub
605 4015 644 4064 eo
671 4005 779 4076 erant,
807 3993 1036 4075 monasteriis,
1057 3992 1287 4082 proficiscitur

29 4082 125 4147 rtatim
152 4081 188 4150 in
216 4080 443 4152 Palaestinam
469 4092 503 4152 ct
525 4105 594 4164 eas,
613 4105 702 4170 quae
728 4093 811 4152 sunt
836 4081 870 4149 in
887 4103 938 4163 ea,
958 4081 1174 4152 solitudines.
1196 4086 1286 4151 llaec

32 4179 125 4236 autam
155 4191 282 4260 magna
306 4170 341 4239 in
364 4192 533 4261 pauperes
555 4171 738 4257 injustitia,
761 4171 888 4240 mansit
916 4171 1105 4240 incorrecta
1134 4184 1286 4258 ternpore

35 4257 208 4328 tnastasii:
234 4258 339 4349 cujus
365 4272 497 4349 partem
525 4259 665 4348 quidem
695 4261 829 4330 curavit
861 4259 1032 4342 lustinus,
1058 4279 1137 4329 cum
1167 4259 1287 4328 beatus

35 4357 152 4430 proque
179 4347 285 4418 Sabas
303 4359 388 4418 tunc
412 4347 534 4419 litteris
558 4348 648 4441 apud
675 4348 774 4419 illum
800 4347 1070 4419 intercessisset:
1090 4345 1286 4438 ¹perlectam
