2934 4810
11 310 44 372 J.
75 309 121 373 22
138 307 233 372 13123
374 326 639 374 uanrruocoorun
668 327 885 376 rnuusruaruu
1122 307 1234 377 ,ibit-3*

16 413 177 468 erutorum
204 412 288 469 esset.
320 405 503 478 Quaerimus
536 407 610 486 quid
639 408 686 468 dio
712 409 824 470 viscera
846 407 1107 471 transverberatus
1129 412 1194 470 neci
1218 417 1278 472 tra·

12 489 148 563 pserint
163 485 377 565 martyrologi?
394 485 534 548 Rabauus
548 485 611 548 solo
640 487 734 549 ditur.
758 489 847 564 (Vide
876 489 1018 562 Surium,
1040 489 1074 550 od
1092 490 1175 551 diam
1190 488 1210 550 8
1224 490 1280 553 lut·

0 593 2 618 ·
23 575 144 644 tyrum
168 581 298 628 numero
316 582 332 628 a
348 567 476 627 bucensi
499 566 608 628 diflert:
637 567 700 644 ius,
722 583 791 645 pag.
816 566 898 644 236).

1 667 3 678 >
34 646 184 708 multum
200 647 333 708 dissonat
354 647 524 708 Romanum
547 661 611 724 par·
675 691 678 696 ,

44 751 52 786 :
84 726 195 799 Rome,
221 725 308 788 XXX
335 725 531 805 Martyrum,
554 723 612 788 sut
679 726 861 790 llaurrucu.
886 761 925 774 -
947 726 981 788 ln
1007 726 1144 806 Aegypto
1163 734 1279 790 sancto·

9 805 169 876 eletione,
191 805 239 867 oia
259 805 415 866 tetricano
435 805 517 868 inter
537 804 612 867 duos
641 805 1242 886 rumCunsneuoursltpiscopiNilopolis
1251 817 1281 871 et

10 903 89 947 tros
106 885 305 962 sepultorum.
320 886 385 946 Ado
399 885 570 947 distinctius
581 892 612 946 et
640 889 768 949 aliorum
781 888 983 966 plurimorum
1005 887 1185 966 Martyrum,
1201 905 1279 966 qrro·

14 968 108 1028 otius
124 981 194 1026 cum
210 965 338 1026 bucensi
360 965 478 1027 locutus
499 974 553 1037 est,
576 965 613 1026 iis
642 967 1042 1041 r·umalii,saevientelleoii
1057 970 1279 1046 perseeutione,

5 1062 52 1106 ne
71 1044 309 1122 verbisquibus
323 1051 441 1106 constat
456 1052 535 1106 totus
550 1053 612 1105 tex·
642 1046 712 1124 luga
728 1047 868 1126 dispersi,
884 1049 915 1108 ln
935 1047 1153 1109 solitudinibus
1173 1063 1281 1109 erran-

1 1165 2 1170 κ
23 1133 146 1186 noster.
159 1123 242 1184 Nibil
256 1131 409 1200 praeterea
421 1123 459 1185 de
471 1125 519 1185 bis
535 1139 613 1186 mar·
644 1133 696 1198 tes,
712 1141 728 1188 a
745 1126 848 1188 bestiis
864 1127 1040 1205 interempti
1063 1135 1151 1202 sunt;
1173 1126 1224 1189 aiii
1240 1126 1281 1188 la·

8 1205 89 1266 ibus
107 1203 254 1266 hactenns
270 1204 407 1280 reperi.»
643 1221 700 1279 ure,
727 1206 838 1283 frigore
860 1215 892 1268 et
916 1205 1064 1283 languore
1080 1209 1280 1285 ¹consumpti;

641 1284 691 1346 olii
722 1302 736 1348 a
766 1286 899 1348 barbaris
922 1293 952 1348 et
976 1286 1145 1348 latronibus
1170 1289 1280 1359 nenati,

34 1369 263 1434 FLgvthUs
290 1371 529 1434 Expggfflcuus
551 1370 590 1432 tt,
644 1366 782 1444 martyrii
812 1365 907 1444 gloria
944 1368 1080 1428 coronati
1107 1373 1189 1428 suut.
1218 1367 1282 1444 tur

139 1477 365 1540 Ciroceenum
380 1477 448 1540 att.
641 1447 765 1524 stupro).

18 1605 195 1665 luurrnou.
219 1637 256 1648 -
279 1601 396 1664 ibidem
415 1605 511 1664 sancti
534 1601 613 1662 Fen·
682 1637 720 1650 -
741 1603 934 1666 Nicomediae
955 1604 1049 1666 saneti
1073 1606 1203 1667 Znuours
1222 1606 1281 1666 mi·

0 1702 52 1744 ur
79 1681 293 1761 Expraelecti,
320 1683 372 1760 qui
402 1682 460 1744 sub
491 1681 614 1742 iuliano
643 1683 714 1755 litis,
738 1687 789 1760 uui
819 1699 889 1746 cum
923 1684 1148 1746 Diocletianum
1175 1683 1277 1746 Cereri

0 1771 112 1824 testata
143 1777 197 1840 pro
225 1759 343 1822 Christo
372 1759 614 1838 inscriptione*
643 1761 854 1824 immolantem
879 1763 1045 1837 derisisset,
1062 1764 1281 1826 maxilliscon·

18 1851 142 1914 inatus,
155 1846 185 1902 et
199 1840 236 1902 ad
250 1841 350 1916 Aquas
365 1839 514 1902 Taurinos
533 1839 565 1876 *⁸
582 1839 613 1901 in
644 1841 764 1914 lractis,
791 1843 995 1921 dentibusque
1019 1845 1163 1916 excussis,
1185 1848 1282 1920 capite

5 1922 101 1984 ilium
126 1923 247 1994 missus,
269 1920 333 1982 illic
352 1936 451 1995 orons,
467 1920 613 2000 spiritum
644 1928 802 1984 truncatus
823 1929 877 1983 est.
901 1921 986 2000 (Ejus
1008 1929 1162 1986 certamen
1186 1927 1218 1984 in
1244 1923 1281 1984 Α·

0 2001 195 2063 oreddidit.
314 2029 316 2034 v
642 2003 699 2062 ctis
726 2000 779 2062 SS.
811 2000 899 2062 ludes
920 2010 950 2062 et
980 2001 1135 2076 Domnae,
1164 2002 1212 2064 die
1244 2002 1283 2063 28

6 2081 101 2142 Pater
123 2087 167 2142 est
187 2079 216 2140 S.
236 2079 380 2142 Bibianae
396 2079 533 2157 Virginis
554 2077 613 2151 ***,
644 2081 745 2158 buius,
762 2081 951 2143 describitur.
962 2079 1038 2144 Vide
1052 2097 1126 2159 ergo
1141 2081 1280 2156 Surium,

1 2161 55 2236 rjus
78 2158 180 2222 natale
202 2159 251 2222 die
274 2159 293 2221 2
317 2159 408 2236 hujus
428 2159 612 2221 celebratur.
644 2175 712 2238 pag.
735 2159 818 2239 529).

17 2257 46 2300 ur
58 2240 111 2302 alii
128 2239 308 2314 Fabianum,
318 2239 614 2300 uonuulliFausturo

7 2333 91 2381 eutii.
111 2317 194 2382 lnler
207 2319 615 2398 martyresmeruildonttu·
669 2349 780 2390 mecum
795 2349 938 2390 ΚΛΜΝ,
1099 2351 1255 2392 omnm,
1286 2341 1287 2346 ’

2 2415 96 2463 erari.

682 2477 859 2542 ldnnrrnou.
889 2513 928 2526 -
958 2481 1068 2544 llomae
1090 2491 1208 2544 sauctae
1231 2483 1283 2544 Vr·

11 2563 62 2628 ss,
88 2565 318 2642 DEMETRHJS,
341 2563 574 2629 HONORATttS
642 2575 775 2620 oronnae
789 2559 927 2639 Virginis
941 2569 972 2622 et
988 2557 1136 2635 llartyris,
1152 2579 1228 2639 quae
1250 2562 1282 2622 in

150 2689 186 2734 ET
207 2671 347 2736 FLORUS
369 2673 426 2735 ΜΜ
644 2643 851 2717 persecutione
875 2640 957 2702 llecii
982 2639 1188 2717 imperatoris,
1210 2657 1280 2703 cum

431 2719 438 2733 ‘
642 2725 719 2780 esset
743 2719 918 2796 desponsata
941 2719 1076 2796 Eugenio
1102 2735 1231 2798 pagano,
1253 2727 1284 2782 et

14 2796 193 2860 Munrruou.
208 2831 246 2841 —
263 2796 351 2876 Apud
371 2794 451 2859 Ostia
472 2797 613 2860 Tiberina
643 2814 700 2860 neo
716 2799 833 2860 nubere
856 2798 957 2872 vellet,
979 2815 1076 2876 neque
1100 2801 1281 2874 sacriticare,

1 2885 148 2939 ,ueterum
163 2878 328 2956 Martyrum
344 2877 502 2950 Danernn,
519 2875 613 2938 Houo-
644 2886 707 2956 post
723 2877 816 2941 multa
833 2879 908 2941 lacta
919 2877 1077 2952 miraculo,
1092 2881 1205 2958 quibus
1219 2880 1283 2957 plu·

1 2973 44 3017 rr
68 2969 100 3020 et
121 2957 225 3018 l'tour.
644 2961 736 3021 rimas
758 2958 818 3020 Deo
838 2957 984 3035 Virgines
1004 2968 1244 3036 aggregaverat,
1267 2975 1282 3021 a

15 3035 162 3109 Utinam,
185 3034 330 3098 sollerius
363 3035 412 3098 bic
443 3035 613 3108 exclamat,
643 3037 785 3100 carnillce
807 3053 943 3116 percussa
958 3046 1004 3099 est
1018 3039 1117 3112 gladio
1132 3041 1163 3101 in
1179 3040 1282 3114 corde,

22 3115 132 3177 borurn
148 3116 255 3191 trium,
270 3123 300 3177 et
319 3114 401 3176 XXX
422 3117 614 3193 superiorum
643 3124 751 3195 rogatu
765 3119 810 3178 sui
826 3119 937 3196 sponsi.
953 3118 1002 3194 (ll.
1017 3118 1102 3195 Sur,
1118 3136 1187 3198 pag.
1200 3118 1282 3197 377).
1381 3153 1387 3166 ·

7 3203 141 3272 artprum
165 3194 236 3258 dota
256 3203 309 3258 aut
331 3193 486 3274 passiones
501 3195 614 3258 alieubi

0 3269 201 3349 perirenturl
685 3308 723 3320 -
749 3276 945 3340 Nicomediae
974 3276 1080 3340 natalis
1109 3285 1282 3340 sanctorum

643 3357 754 3432 uiginti
776 3354 965 3432 liartyrum,
991 3374 1066 3436 quos
1098 3357 1281 3420 Diocletiana
1324 3367 1326 3372 ’

18 3465 56 3476 -
83 3432 284 3496 Alexandriae
310 3434 406 3496 sancti
421 3431 616 3496 lscuunrours
644 3438 813 3516 persecutio
836 3439 1024 3514 gravissimis
1042 3438 1201 3500 tormentis
1216 3455 1283 3499 cru·

11 3515 126 3588 aruris,
152 3515 206 3592 oui
228 3529 297 3576 cum
317 3514 353 3574 ad
379 3513 613 3575 sacrificandum
644 3518 748 3590 clatos,
763 3514 906 3590 Martyres
923 3515 1033 3579 Christi
1054 3516 1135 3580 lecit.
1151 3517 1281 3595 (Horum

5 3593 165 3656 mulciber
181 3593 301 3670 injuriis
323 3599 496 3671 cogeretur,
523 3599 614 3671 atquo
645 3597 823 3674 martyrium
857 3597 888 3657 iu
922 3597 1005 3660 Actis
1034 3606 1210 3659 sanctarum
1233 3596 1284 3658 ln·

4 3677 367 3752 utemneret‚praeaouta
390 3673 465 3736 sude
480 3687 533 3752 per
554 3687 616 3734 me·
637 3677 696 3737 des
716 3681 747 3736 et
768 3675 919 3749 bonnae,
932 3676 982 3738 dia
1003 3676 1043 3738 28
1058 3675 1122 3754 huj.
1142 3677 1283 3741 babetur.

644 3755 721 3817 Vide
735 3755 879 3830 Surium,
898 3771 964 3834 pag.
987 3756 1070 3834 525).

11 3855 22 3880 *
34 3859 148 3908 Ejusmodi
162 3856 292 3910 ignominis
302 3859 363 3900 ornet
372 3859 456 3900 solitos
467 3857 615 3900 christianos

1 3919 543 3974 outessores,plursdooumeutottdemtaelunt
561 3923 617 3963 ltrat
685 3945 722 3958 -.
751 3912 865 3976 Ibidem
895 3915 992 3993 passio
1018 3922 1191 3978 sanctorum
1223 3913 1285 3976 Mp.
1336 3983 1341 3996 ι

12 3983 309 4036 ariptiogenuesupplicii,
324 3995 370 4052 qno
385 3985 468 4025 vultus
483 3985 616 4026 atrlsnotts
644 4009 747 4056 GDONH
768 4002 799 4056 θῑ
820 3992 974 4056 ΜΑΒΒΟΝΠ
1002 4011 1132 4073 qum-um
1153 3995 1231 4058 alges
1254 3995 1285 4056 jn

1 4047 91 4090 *arpenno
100 4045 225 4094 mansuris,
235 4047 358 4096 pronuncia
369 4046 551 4093 characteribus,
561 4047 617 4088 luci·
978 4042 986 4069 ¹

0 4103 268 4160 stratur-Hunopoenam
278 4107 617 4160 Constantinusblngnuslege
644 4074 751 4136 eadem
785 4077 998 4166 pesseounofle
1031 4076 1102 4166 ign?
1135 4084 1286 4137 crematus

0 4166 571 4220 eluitlbxnaronlldnnotot.ndeartsr.Romi.
645 4159 701 4229 θὸῑ,
725 4152 802 4215 allel*
828 4169 860 4215 tll
886 4154 996 4215 [OSSdffl
1025 4161 1175 4232 propedius
1196 4169 1286 4216 Occu·

17 4228 40 4255 ⁸*
54 4235 122 4284 Atrea
135 4237 253 4283 Taedae·
265 4233 617 4284 wastffliderfflrfflusscle
647 4233 729 4306 buit;
747 4241 819 4295 tuno
839 4234 930 4295 etiam
955 4248 1058 4309 passus
1079 4242 1123 4294 est
1136 4233 1287 4296 illatenus

2 4292 618 4410 fflssffiffi‘je(ffgssal‘jjffifffml“mm
645 4314 741 4375 sancti
757 4311 897 4374 ilutlrimi
915 4312 1050 4389 Episcopi
1073 4313 1100 4374 N
1104 4313 1286 4374 icomedien·

19 4411 54 4444 *r
67 4419 245 4475 visenerina.
257 4423 414 4472 rualem.
427 4421 459 4462 a.
645 4393 697 4468 sis,
713 4393 764 4471 qui
777 4406 851 4486 ¹cum
866 4390 979 4452 litteras
996 4389 1146 4468 perterret
1159 4391 1195 4454 ad
1212 4389 1287 4454 liar·
