2946 4798
236 302 299 364 598
563 320 601 366 nu
625 319 670 366 ss.
698 319 782 378 runa,
811 317 918 366 nonna
941 317 1008 366 uro.
1036 313 1094 364 aa.
1294 293 1369 360 ott.
1391 293 1422 354 aa

189 402 320 489 alioqui
340 424 422 473 cum
448 401 583 472 nullum
609 402 723 472 adhuc
748 402 963 493 accepissent
984 401 1179 492 exemplum
1198 397 1300 470 animi
1314 395 1424 492 magni

190 489 322 562 tudinis
347 492 381 562 in
401 490 528 560 tuenda
546 491 680 581 pietate,
700 504 769 561 tam
797 490 970 581 praeclare
988 490 1195 560 decertasse:
1212 509 1271 558 nos
1287 506 1368 563 vero,
1380 503 1425 582 qut

189 591 221 650 et
240 579 463 651 multitudine
486 602 610 650 sumus
628 602 735 670 prope
754 579 1039 654 innumerabiles,
1053 592 1085 648 et
1102 578 1209 660 multi,
1222 575 1344 666 quibus
1359 569 1423 641 nihil

191 669 285 738 deest
301 667 344 739 ad
355 668 545 826 perlectam
563 679 720 750 aetatem,
738 681 771 738 et
785 669 914 758 quibus
933 683 984 739 est
999 669 1101 738 etiam
1118 679 1208 738 tanta
1220 663 1423 764 exemplorum

191 757 352 847 copiari
379 758 426 826 eri
452 758 539 828 vitae
562 757 721 848 cupidos,
747 771 779 827 et
804 758 927 848 ignavo
954 757 1156 845 abjectoque
1182 776 1247 826 esse
1271 759 1423 826 animust

191 868 259 916 non
286 846 435 916 oblatam
460 847 675 916 occasionem
703 859 877 934 tamquam
914 847 1049 916 lucrum
1084 847 1250 935 arripere,
1283 853 1316 912 et
1347 841 1421 940 hanc.

191 957 281 1024 quae
305 949 355 1004 est
382 933 425 1004 ad
452 947 600 1025 tempus,
620 935 723 1006 vitam
749 935 926 1027 despicere
955 956 1016 1024 pro
1046 939 1123 1016 beo,
1143 936 1202 1022 qui
1224 951 1283 1001 nos
1307 929 1383 1006 lecit,
1401 935 1421 992 et

193 1045 292 1094 suam
318 1023 470 1092 animam
499 1023 594 1094 dedit
618 1045 679 1114 pro
708 1023 807 1094 nobis
835 1023 879 1094 ad
909 1035 1065 1102 mortem,
1086 1022 1313 1093 testimonium
1339 1029 1418 1086 auten

192 1111 314 1183 firmae
332 1124 364 1182 et
390 1111 553 1182 infractae
578 1125 712 1183 nostrae
728 1112 821 1194 tidei,
842 1124 993 1182 nostram
1010 1112 1174 1203 praebere
1190 1109 1418 1181 mortamtttaa

192 1213 306 1270 autem
331 1200 421 1279 dico,
439 1201 575 1272 etiamsi
593 1201 700 1272 nulla
727 1215 816 1274 esset
844 1223 905 1292 pro
925 1200 979 1270 his
1005 1200 1245 1271 remuneratio.
1264 1201 1344 1267 Cum
1371 1211 1421 1260 tttt

194 1291 263 1358 sint
287 1287 385 1358 valde
403 1311 526 1379 parvae
545 1287 651 1380 huJ'us
673 1291 836 1381 temporis
861 1289 1050 1380 passiones,
1078 1289 1108 1360 si
1136 1287 1348 1360 conferantur
1369 1299 1423 1350 cun

194 1377 248 1458 iis,
266 1399 355 1464 quae
382 1391 463 1450 sunt
478 1377 561 1460 illio,
581 1379 937 1451 remunerationibus:
955 1391 988 1448 et
1004 1379 1071 1448 vita
1093 1377 1232 1466 quidem
1251 1393 1362 1466 expers
1375 1389 1423 1438 no·

195 1465 312 1536 lestiae
328 1480 361 1536 et
377 1478 526 1548 aeterna,
546 1489 608 1557 pro
629 1469 692 1537 hac
712 1469 805 1538 brevi
829 1481 862 1538 et
885 1466 1077 1539 laboriosa:
1104 1465 1215 1558 gloria
1237 1475 1344 1536 autem
1364 1477 1425 1528 nun·

196 1576 299 1642 quam
317 1578 458 1627 cessans
483 1578 545 1646 pro
565 1555 685 1637 inlida,
704 1569 841 1647 atquae
865 1555 966 1626 l'acile
988 1555 1137 1626 excidit:
1158 1570 1193 1626 et
1211 1554 1423 1636 divitiaeque

195 1643 325 1733 surripi
349 1657 536 1732 nequeunt,
565 1657 598 1714 ot
627 1645 796 1734 voluptas,
818 1666 908 1733 quae
933 1665 1112 1731 nunquam
1143 1645 1263 1715 transit
1288 1641 1329 1712 ad
1351 1634 1424 1706 mole

195 1731 309 1809 stiam,
330 1755 391 1803 nos
414 1733 530 1804 adhuc
548 1733 582 1803 in
610 1734 849 1824 praesentibus
874 1737 1014 1803 manere
1032 1735 1325 1824 concupiscemus,
1342 1739 1422 1797 etum

196 1822 322 1912 potius,
341 1844 422 1892 cum
447 1821 582 1892 adeam
601 1843 689 1911 quae
704 1835 756 1893 est
771 1821 855 1904 illic,
875 1821 1035 1922 gloriam,
1055 1843 1117 1912 pro
1136 1822 1267 1892 Christo
1282 1811 1423 1917 subeundo

196 1922 365 1990 mortem,
402 1910 636 1981 invenerimus
675 1911 897 2002 perveniendi
934 1911 1176 1992 occasionem,
1207 1919 1422 2000 quamprimum

198 1999 448 2070 transibimus?
472 2004 510 2069 Et
557 1998 702 2070 uiduam
722 1999 816 2070 aliud
836 1997 1012 2081 facientes
1031 1999 1075 2070 ab
1100 2000 1143 2069 iis
1162 1999 1223 2088 qui
1245 1999 1377 2088 sapiunt,
1388 2011 1423 2078 pt·

197 2085 405 2170 dicabimur,
437 2087 504 2160 nisi
533 2021 650 2178 digni,
681 2089 741 2176 qui
772 2088 985 2180 lugeamurt
1010 2093 1230 2168 Mementote,
1259 2087 1357 2157 immo
1375 2095 1423 2145 vttt

197 2176 365 2267 adspicite
388 2176 432 2247 ad
456 2199 565 2246 aram.
592 2183 699 2247 Verus
723 2177 818 2248 enim
846 2189 960 2249 noster
984 2178 1150 2248 Dominus
1176 2177 1240 2248 luit
1275 2197 1330 2277 pro
1359 2165 1422 2238 nohis

198 2265 425 2336 sacrificatus.
442 2269 512 2336 Non
540 2287 603 2335 nos
626 2287 763 2354 quoque
788 2288 849 2357 pro
873 2287 912 2335 eo
937 2267 972 2334 in
991 2265 1065 2336 loco
1090 2281 1208 2337 sancto
1232 2284 1357 2336 ammas
1376 2273 1423 2347 pm

198 2353 397 2436 fundemus,
416 2367 448 2423 et
466 2354 571 2424 veluti
590 2354 765 2441 quoddam
795 2354 1005 2424 sacrificium
1031 2377 1088 2424 eas
1113 2352 1164 2425 illi
1191 2353 1421 2446 ignicremis

199 2445 234 2511 in
262 2442 566 2513 holocaustumt»
1245 2477 1248 2490 ·

242 2533 260 2619 5
283 2534 359 2603 28.
386 2535 468 2601 Cum
487 2531 536 2601 sic
553 2531 706 2614 dixisset,
723 2553 844 2603 omnes
860 2531 1026 2612 incitavit,
1047 2542 1080 2600 et
1102 2531 1215 2601 affecit
1238 2543 1276 2601 ut
1300 2517 1420 2600 morieodt

198 2619 391 2690 vehementi
426 2631 623 2691 tenerentur
649 2619 832 2690 desiderio.
860 2619 969 2690 Simul
1005 2619 1119 2708 itaque
1143 2642 1224 2690 cum
1249 2620 1308 2692 illo
1334 2618 1423 2686 beatm

199 2708 294 2778 illam
312 2729 426 2778 vocem
452 2708 742 2791 exclamaverunt,
762 2709 946 2781 Christiani
972 2731 1107 2792 sumus,
1126 2709 1322 2791 Christiani,
1337 2719 1362 2776 et
1373 2701 1423 2770 leot

200 2811 289 2878 tuoe,
315 2819 335 2866 o
360 2803 572 2886 imperator,
599 2818 666 2867 non
701 2797 865 2869 colemus.
894 2803 984 2868 llaec
1009 2797 1216 2868 Maximiano
1247 2797 1371 2887 quiden
1388 2805 1424 2856 tt·

199 2885 476 2956 nunciabantur:
503 2885 560 2956 ille
576 2897 691 2956 autem
704 2909 786 2956 curn
805 2909 847 2957 ne
870 2886 975 2956 finem
995 2886 1138 2976 quidem
1151 2893 1368 2978 exspectasset
1377 2897 1424 2972 ons

200 2973 314 3054 tionis,
336 2974 443 3063 jussit
466 2975 502 3043 in
526 2997 584 3044 eos
601 2975 715 3066 ignem
732 2975 886 3058 accendi,
904 2988 937 3047 et
959 2997 1017 3046 eos
1034 2997 1201 3046 unacum
1221 2975 1343 3067 templo
1354 2981 1424 3041 exuri:

200 3073 238 3131 ut
258 3061 377 3132 nullus
392 3083 512 3132 eorum
530 3085 592 3134 nec
609 3063 881 3134 misericordiam
895 3077 1114 3146 consecutus,
1134 3087 1247 3152 neque
1271 3065 1367 3136 latens
1379 3073 1426 3146 pot·

201 3163 250 3220 set
273 3151 435 3241 elingere.
463 3151 513 3220 Pii
534 3175 611 3222 vero
641 3174 719 3222 cum
745 3174 866 3223 omnes
891 3166 1159 3244 congregassent
1183 3152 1289 3224 simul
1315 3145 1425 3246 catethl·

202 3261 332 3322 menos,
355 3240 445 3311 viros
468 3253 500 3308 et
529 3240 703 3322 mulieres,
729 3253 762 3310 et
786 3263 922 3331 pueros,
954 3263 1082 3330 eosque
1105 3243 1140 3312 in
1165 3256 1317 3331 quatuor
1337 3240 1426 3312 divisis-

202 3342 287 3410 sent,
314 3340 430 3420 utpote
449 3327 541 3418 quod
562 3342 699 3488 tempus
724 3330 912 3419 postularet
931 3329 1157 3412 celeritatem,
1183 3353 1242 3404 eos
1270 3331 1372 3402 divino
1391 3323 1425 3390 bt·

204 3418 329 3506 ptismo
351 3417 546 3508 perficiunt,
564 3423 630 3488 etC
658 3419 798 3490 risrnate
818 3433 967 3511 ungunt,
988 3433 1021 3489 et
1035 3441 1093 3490 eos
1113 3421 1328 3492 intemeratis
1346 3421 1425 3502 impet·

203 3507 292 3576 tiunt
308 3505 545 3576 sacramentis.
571 3507 731 3578 Protinus
755 3519 870 3579 autem
899 3507 1042 3579 aderant
1067 3509 1218 3580 ministri
1242 3529 1366 3598 quoque
1387 3505 1424 3568 tn·

204 3596 380 3682 peratoris,
407 3608 440 3666 ct
463 3595 579 3685 ignem
592 3595 846 3668 accendebant:
866 3595 993 3686 illeque
1009 3599 1105 3668 omni
1121 3619 1159 3668 ex
1180 3612 1277 3699 parte
1296 3595 1425 3670 tollebatur

202 3683 236 3752 in
263 3681 390 3754 altum:
417 3695 553 3754 etcum
580 3696 684 3755 totam
719 3685 1039 3776 comprehendisset
1065 3687 1273 3771 ecclesiam,
1300 3690 1334 3758 in
1359 3691 1423 3754 untffl

203 3771 409 3844 ascendebat
431 3773 605 3857 verticem,
622 3773 739 3844 omnia
761 3787 827 3844 tam
843 3797 932 3864 quae
947 3789 1046 3846 erant
1057 3788 1151 3847 extra
1163 3798 1253 3858 eam,
1270 3779 1424 3866 quamttte

203 3861 306 3944 intra,
325 3860 525 3952 depascens.
546 3867 707 3934 Fremens
727 3863 842 3951 itaque
859 3863 990 3934 malurn
1011 3865 1196 3955 ingruebat
1207 3865 1423 3956 gravissimu
1449 3939 1450 3942 Ἴ

202 3950 254 4021 illi
277 3962 391 4021 autem
418 3951 513 4022 intus
539 3974 662 4044 magna
688 3974 768 4023 voce
797 3952 838 4021 ad
870 3957 975 4024 Deum
1012 3953 1222 4036 clamabunt,
1248 3965 1282 4024 et
1307 3947 1422 4024 cancbttl

202 4041 377 4110 canticum
399 4061 599 4130 puerorum,
621 4062 760 4110 omnem
780 4053 928 4112 creatam
954 4053 1114 4114 naturam
1140 4055 1298 4114 vocantes
1319 4041 1356 4112 ad
1378 4033 1423 4106 cht·

205 4149 320 4196 ream:
344 4149 455 4214 neque
481 4129 576 4218 prius
592 4143 772 4201 cessarunt
791 4129 996 4222 glorificare,
1023 4153 1127 4221 quam
1153 4130 1268 4203 oblata
1291 4137 1422 4202 essenttt·

204 4229 302 4307 cepta
326 4215 507 4338 {aurificia
534 4231 647 4288 castae
672 4219 802 4290 hostiae
828 4240 939 4310 agne,
973 4222 1034 4308 qui
1058 4219 1124 4291 suit
1154 4242 1216 4311 pro
1249 4218 1364 4290 mundo
1382 4227 1422 4280 tlt·
1448 4247 1449 4276 2

206 4315 317 4373 cratus
353 4355 360 4372 .

231 4425 242 4444 ¹¹
259 4425 345 4466 Horum
357 4432 496 4478 mertyrlum
506 4433 641 4475 ce'eltrtlur
651 4434 689 4474 dle
701 4437 725 4474 25
735 4434 816 4486 hum·
