2946 4798
27 243 103 308 bEt'.
128 246 170 308 29
439 265 477 309 nii
500 260 528 309 s.
555 263 715 313 aaronita
738 265 857 312 ancira
1174 252 1231 315 55i

25 347 199 432 quaeritur,
225 348 285 435 qui
305 346 405 417 malis
429 347 496 417 huc
512 349 665 437 pervenit
689 349 861 439 pedibusl
882 355 999 420 »Cum
1019 352 1068 420 sic
1093 373 1152 440 per
1176 365 1278 422 totam

26 448 146 505 noctem
162 457 240 505 eum
256 449 289 506 et
305 435 419 506 hostes
434 449 466 505 et
479 438 581 506 amici
597 438 697 507 etiarn
717 439 841 508 acriter
852 438 1061 521 invaderent,
1078 451 1282 529 tempusque

24 523 138 592 frustra
161 537 403 606 contereretur,
430 538 463 594 et
486 525 632 614 supplex
649 548 715 597 non
739 527 938 609 traderetur,
967 549 1067 598 mane
1086 541 1199 598 autem
1216 542 1280 599 sta·

24 613 158 681 tuissent
182 614 308 685 milites
324 614 376 683 uti
393 613 529 704 gladiis,
549 627 580 683 et
599 615 671 703 jam
697 627 811 686 essent
825 617 1033 707 aggressuri,
1054 630 1136 687 tunc
1158 618 1282 690 Christi

22 701 139 770 athleta
162 723 259 772 suam
291 715 410 772 contra
433 702 557 804 objecit
586 707 783 793 potentiam.
810 705 865 774 llis
891 727 967 776 vero
992 719 1124 796 praeter
1147 707 1282 796 opinio·

20 811 93 858 nem
117 802 255 881 apparet
279 791 485 872 adversaria,
506 813 574 861 non
601 792 750 883 phalanx
774 793 927 880 quidem,
950 795 1009 863 sed
1033 793 1151 864 divina
1177 817 1281 883 quae-

20 878 94 947 dam
119 893 149 948 et
171 880 327 952 coelestis
350 881 525 970 potentia,
553 881 588 950 in
619 880 736 950 orbem
761 881 804 951 ab
831 883 910 972 igne
941 884 1222 973 circumscripta,
1248 896 1281 954 et

20 989 111 1037 arma
133 969 424 1060 inexpugnabilia,
454 991 530 1038 nem
559 991 576 1038 e
602 971 719 1039 Crucis
744 969 867 1040 Christi
893 972 1079 1062 imaginem
1106 973 1140 1040 in
1167 973 1279 1043 medio

20 1055 172 1136 referens,
199 1057 301 1147 longe
326 1059 436 1148 magis
459 991 697 1149 refulgentem,
713 1080 817 1145 quam
843 1060 945 1148 ignis,
961 1063 1020 1147 qui
1037 1073 1108 1131 erat
1131 1061 1280 1131 circum·

22 1145 119 1212 circa.
142 1151 230 1216 llaec
249 1168 332 1235 ergo
350 1147 510 1218 terribilis
528 1149 689 1236 potentia,
707 1169 794 1234 quae
810 1161 1018 1237 apparuerat
1033 1172 1073 1220 ex
1092 1151 1167 1239 ipso
1184 1150 1280 1219 fasti-

23 1233 79 1320 gio
97 1237 298 1316 monasterii,
325 1237 500 1306 emittebat
523 1237 641 1337 gravia
658 1233 724 1305 tela
743 1237 907 1306 adversus
928 1237 1074 1309 milites:
1093 1260 1181 1325 quae
1205 1241 1281 1326 qui-

22 1322 95 1388 dem
117 1337 210 1394 erant
239 1325 331 1414 ignis
354 1323 493 1416 fulgura
528 1324 768 1394 intolerabilia.
800 1325 1035 1408 Quibuscum
1073 1349 1139 1397 non
1166 1328 1278 1398 solum

22 1411 259 1495 resiste1·e,sed
292 1434 333 1482 ne
360 1435 399 1482 ea
432 1413 572 1499 quidem
603 1426 720 1483 contra
744 1415 872 1483 intueri
897 1427 1058 1503 possent,
1085 1415 1218 1505 gladios
1243 1417 1278 1485 in

20 1511 135 1568 terram
162 1503 388 1592 projecerunt,
407 1514 439 1571 et
456 1502 523 1590 ipsi
547 1502 756 1583 ceciderunt,
776 1515 808 1572 ct
832 1524 931 1572 voces
955 1503 998 1572 ad
1016 1507 1120 1572 Deum
1142 1505 1278 1593 placan-

21 1587 98 1658 dum
116 1590 401 1671 accommodatae,
430 1604 531 1680 prout
552 1593 794 1679 unusquisque
816 1604 957 1680 poterat,
983 1593 1168 1662 emittebat.
1189 1599 1280 1676 Quas

20 1699 93 1746 cum
111 1677 144 1760 ii,
171 1681 344 1767 quierant
369 1681 474 1761 intus,
498 1681 695 1762 sensissent,
715 1701 837 1750 canere
866 1692 1063 1770 coeperunt,
1084 1694 1118 1750 et
1142 1681 1281 1755 luerunt

22 1765 81 1853 ipsi
104 1790 238 1857 quoque
261 1780 362 1838 testes
395 1768 573 1850 miraculi,
600 1768 691 1856 quod
716 1781 872 1839 evenerat
904 1782 1036 1858 praeter
1066 1769 1277 1859 opinionem.

21 1857 225 1940 floccifecit,
252 1870 291 1927 ut
307 1857 571 1928 crudelissimus
594 1856 807 1928 Ardaburius
828 1880 969 1928 suorum
996 1878 1129 1928 morum
1158 1858 1280 1928 oblivi-

23 1957 181 2040 sceretur:
198 1958 231 2015 et
254 1968 357 2016 causa
375 1946 450 2028 fuit,
470 1957 508 2015 ut
531 1959 665 2036 praeter
681 1947 884 2017 sententiam
905 1947 1077 2037 benignas
1095 1945 1276 2029 videretur,

21 2053 65 2100 ira
81 2055 141 2103 sua
157 2034 192 2104 in
208 2037 374 2105 loannem
400 2035 556 2104 remissa.

61 2123 177 2206 lats.
200 2128 282 2193 Cum
301 2125 336 2192 in
364 2122 544 2194 Ardaburii
570 2123 749 2193 inciderim
778 2125 998 2204 mentionem,
1026 2123 1120 2194 illius
1143 2145 1281 2212 quoque

26 2212 211 2294 meminero,
238 2213 530 2300 quemadmodum
556 2213 607 2282 vir
630 2213 688 2282 ille
704 2212 843 2282 divinus
866 2212 1020 2283 futurum
1045 2234 1182 2303 quoque
1205 2213 1280 2302 ejus

26 2295 103 2366 vitae
124 2301 248 2371 exitum
268 2300 484 2392 praedixerit.
505 2305 588 2370 Cum
605 2323 640 2370 se
657 2312 733 2390 post
748 2302 935 2371 orationem
955 2321 1076 2370 somno
1093 2301 1280 2389 aliquando

27 2383 172 2472 dedisset,
191 2390 223 2459 ei
248 2403 389 2480 apparet
409 2392 504 2460 visio.
533 2388 595 2459 Illa
611 2404 724 2460 autem
746 2401 817 2460 crat
833 2389 1055 2478 hujusmodi:
1078 2391 1280 2481 Pugnabant

25 2473 102 2544 inter
124 2479 230 2548 selec
250 2491 283 2547 et
299 2479 414 2549 draco.
438 2478 501 2549 Sed
527 2479 630 2548 draco
654 2478 793 2566 quidem
819 2500 898 2548 cum
926 2490 1013 2548 esset
1043 2478 1173 2569 ingenti
1206 2503 1279 2550 ma-

23 2565 202 2650 gnitudine,
224 2567 341 2658 'cauda
366 2567 498 2638 leonem
515 2567 714 2637 verberabat
737 2580 770 2636 ct
793 2566 988 2655 torquebat:
1013 2565 1064 2636 leo
1084 2589 1162 2639 vero
1185 2568 1279 2639 dole-

22 2649 71 2721 bat
85 2657 235 2740 quidem,
254 2669 287 2725 et
310 2655 352 2725 ad
378 2677 413 2726 se
438 2655 549 2726 cauda
572 2656 825 2727 defendendum
856 2656 1078 2737 excitabatur,
1105 2671 1138 2727 et
1161 2657 1280 2726 draco-

23 2760 88 2808 nem
108 2745 239 2826 obiens,
259 2745 408 2816 inaniter
423 2744 655 2836 depugnabat,
671 2757 703 2815 ct
715 2767 793 2815 eum
812 2745 899 2815 nibil
916 2744 1082 2828 laedebat,
1098 2768 1279 2834 quousque

22 2827 84 2916 ipse
102 2833 240 2919 quidem
262 2833 417 2904 defessus
433 2834 556 2925 plagis,
577 2835 676 2904 humi
696 2844 786 2904 totus
798 2835 936 2924 jacebat
950 2834 1097 2905 afflictus
1112 2846 1145 2904 et
1168 2836 1279 2905 imbe-

23 2917 122 2990 cillus.
149 2923 277 2992 Deinde
308 2945 388 2992 cuni
415 2945 450 2993 se
480 2945 601 2994 rursus
625 2921 808 3013 paululum
844 2935 1038 3003 recreasset,
1066 2935 1098 2994 et
1131 2923 1235 2994 veluti
1259 2947 1280 2995 a

22 3007 158 3091 quodam
179 3033 301 3082 somno
317 3013 530 3094 surrexisset,
555 3033 680 3102 magno
704 3023 736 3080 ct
760 3010 952 3081 vehementi
981 3012 1113 3101 impetu
1138 3013 1172 3081 in
1198 3014 1278 3084 dra-

23 3115 127 3167 conem
153 3100 287 3182 insiliit,
317 3123 466 3188 eumque
491 3122 638 3190 pronum
663 3101 698 3168 iii
724 3113 875 3170 ventrem
892 3103 1083 3190 prostravit.
1102 3105 1172 3171 Hoc
1196 3123 1277 3172 cum

23 3181 147 3257 divinus
171 3189 312 3260 vidisset
335 3189 527 3271 Marcellae,
549 3202 581 3259 et
597 3189 856 3259 accuratissime
878 3189 1089 3280 conjecisset,
1110 3191 1278 3280 praedixit

24 3267 101 3366 haud
127 3278 173 3348 ita
190 3278 250 3347 diu
269 3291 345 3370 post
363 3283 523 3368 Asparem
549 3291 581 3347 et
600 3278 831 3348 ardaburium
861 3299 935 3349 esse
954 3299 1034 3348 cum
1061 3290 1128 3348 toto
1152 3299 1277 3370 genere

23 3365 207 3454 interituros
223 3368 267 3437 ab
291 3373 510 3457 Imperatore.
538 3366 600 3436 Sed
626 3367 710 3436 baec
728 3367 869 3455 quidem
895 3380 1022 3457 postca.
1044 3371 1137 3449 Quae
1161 3379 1277 3438 autem

23 3454 144 3523 interim
165 3455 254 3526 facta
278 3469 370 3538 sunt,
390 3467 471 3527 sunt
494 3455 707 3544 hujusmodi.

28 3621 32 3630 ,
60 3541 172 3624 §84-
199 3549 281 3614 Cum
303 3546 410 3614 multa
428 3545 634 3616 accidissent
659 3545 749 3614 inter
771 3565 849 3614 euin
870 3558 903 3614 et
922 3549 1165 3634 Imperatorem
1189 3566 1278 3632 quac

27 3639 101 3724 inter
129 3653 164 3701 se
193 3634 338 3703 invicem
369 3633 570 3703 inimicitias
594 3632 731 3704 alebant
755 3645 788 3702 et
818 3632 1043 3734 suspiciones
1066 3655 1105 3702 ei
1123 3635 1278 3722 utrisque
1346 3661 1348 3666 ’

25 3715 146 3806 quidem
181 3733 297 3792 natum
327 3735 379 3794 est
405 3722 548 3793 odium:
575 3743 654 3792 cum
680 3735 793 3792 autem
818 3735 981 3809 utrinque
1006 3743 1172 3812 magnum
1201 3743 1279 3792 ase

27 3803 154 3904 invicem
173 3810 367 3881 immineret
384 3812 590 3902 periculum,
618 3813 731 3881 neutri
756 3833 833 3880 vero
854 3831 973 3881 eorum
993 3810 1105 3881 facilis
1120 3823 1209 3880 esset
1228 3811 1278 3879 ri-

27 3898 127 3975 ctoria,
159 3911 404 3970 convertuntur
428 3900 471 3969 ad
496 3899 695 3970 communia
725 3900 875 3970 ineunda
899 3898 1046 3980 foedera,
1078 3920 1213 3989 nempe,
1240 3909 1279 3968 ut

28 3977 146 4062 lsparis
164 3987 303 4073 quidem
322 3987 428 4071 filius,
447 3989 551 4059 frater
569 4001 682 4060 autem
705 3987 897 4070 ardaburii,
917 4010 997 4059 cum
1022 3989 1176 4059 duxisset
1192 4009 1278 4057 uxo·

30 4079 86 4132 rem
102 4070 203 4143 filiam
222 4078 454 4177 Imperatoris,
477 4082 598 4148 Caesar
616 4089 798 4146 crearetur.
826 4083 896 4146 Hoc
920 4089 1034 4146 autern
1052 4078 1113 4164 qui
1131 4077 1273 4166 accepit,

31 4162 71 4215 est
87 4155 178 4243 alius,
198 4176 235 4233 ut
253 4163 376 4235 dixerit
402 4167 589 4268 quispiam,
622 4165 901 4256 Subimperator:
928 4177 978 4235 est
1000 4167 1092 4234 enim
1110 4166 1142 4234 ei
1158 4177 1191 4234 et
1214 4187 1277 4236 au-

31 4248 91 4306 iata
108 4265 268 4340 purpura,
291 4253 404 4324 etalia
428 4255 583 4345 insignia,
610 4254 770 4354 imperii,
799 4256 867 4325 nisi
897 4253 1022 4335 solum,
1052 4254 1144 4343 quod
1172 4275 1277 4325 aurea
1358 4310 1360 4314 .

32 4339 136 4402 corona
159 4360 225 4409 non
257 4339 359 4412 habet
385 4343 502 4414 omnia
534 4343 634 4432 signa
661 4343 811 4433 imperii.
837 4347 870 4416 Is
899 4343 1024 4430 itaque,
1054 4355 1194 4434 accepta
1213 4343 1277 4414 hac
