2932 4812
537 499 691 575 enen
719 497 877 576 enam
904 497 1127 575 nautam

303 722 471 824 stulto
507 723 558 822 m
594 722 927 823 Ftsttvtttttt
968 723 1010 826 S.
1045 720 1339 824 Blltlllllllll

460 943 760 1022 ennsnt'rnnr
800 958 853 1020 nr
887 956 1205 1024 conressonrs

663 1167 795 1224 claruit
816 1169 934 1224 seculo
955 1167 996 1225 V.

238 1369 256 1454 ᾖ
281 1368 318 1436 Ι.
345 1371 459 1457 Nuper
482 1367 743 1448 celebravimus,
762 1367 883 1437 iratres
898 1367 1083 1447 carissimi,
1103 1364 1302 1436 ineffabilem
1316 1361 1418 1432 lleden·

195 1454 302 1546 ptoris
320 1456 427 1526 nostri
453 1457 676 1536 nativitatem,
705 1477 796 1525 nunc
821 1458 995 1546 geminato
1020 1455 1245 1526 solemnitatis
1269 1449 1418 1554 gaudiie-

194 1543 384 1613 nerabilem
414 1544 562 1616 colimus
592 1545 782 1615 beatissimi
807 1544 995 1614 sacerdotis
1019 1545 1094 1634 ejus
1118 1555 1378 1634 assumptionem.
1395 1539 1417 1632 lt

195 1632 254 1702 illa
279 1631 458 1704 festivitate
479 1633 631 1718 Salvator
655 1647 780 1716 noster,
808 1633 1015 1704 obumbrata
1041 1633 1228 1722 majestatis
1244 1651 1318 1700 suae
1333 1643 1417 1718 spent

195 1719 372 1791 descendit
396 1723 430 1790 in
453 1721 645 1802 mundum;
673 1723 707 1791 in
734 1725 798 1792 ista
823 1721 1095 1812 gloriosissimus
1119 1723 1195 1825 ejus
1223 1711 1418 1812 famulusdt·

194 1811 306 1900 posito
329 1812 547 1968 corruptibili
567 1810 682 1880 carnis
707 1810 869 1902 pondere,
897 1810 983 1881 liber
1007 1810 1175 1880 ascendit.
1203 1816 1240 1879 ln
1265 1807 1319 1877 illa
1339 1811 1417 1889 [lorge-

195 1900 288 1970 nitus
317 1900 375 1970 Dei
400 1901 435 1968 Fi
453 1900 506 1970 ius
537 1901 762 1970 humanitatis
791 1912 927 1970 nostrae
951 1899 1098 1969 sormam
1125 1921 1187 1990 pro
1217 1910 1325 1968 nostra
1351 1891 1418 1988 salut

195 1990 366 2079 suscepit;
394 1989 429 2058 in
456 1989 519 2058 ista
542 1988 663 2058 heatus
687 1988 952 2060 confessore'us
977 1988 1021 2057 ad
1043 1988 1224 2078 lngelicae
1249 1981 1420 2056 beatitudins

195 2079 343 2168 speciem
369 2076 459 2147 felici
483 2089 588 2146 morte
614 2077 775 2168 pervenit.
805 2083 843 2146 ln
870 2077 928 2147 ila
954 2076 1170 2148 solemnitate
1189 2075 1374 2164 Redemptor
1385 2085 1418 2163 m

194 2178 263 2236 ster
283 2166 444 2256 trophaeo
468 2166 582 2236 carnis
608 2167 762 2248 indutus,
789 2166 832 2235 ad
858 2165 1080 2236 debellandas
1097 2169 1216 2235 aereas
1240 2174 1390 2256 potestates
1402 2173 1419 2220 tr

196 2254 367 2325 mundum
394 2253 623 2344 proeliaturus
647 2255 814 2336 accessit;
841 2255 876 2323 in
903 2255 967 2325 ista
993 2275 1071 2324 vero
1087 2255 1250 2346 egregius
1268 2251 1354 2322 miles
1366 2249 1414 2337 ejus

195 2343 407 2434 triumphato
433 2344 555 2413 mundi
564 2344 743 2501 principe,
765 2343 909 2414 coeleste
927 2343 1095 2435 palatium
1117 2344 1225 2415 victor
1249 2341 1376 2412 intrarit.
1391 2330 1421 2425 ll·

194 2433 286 2502 circo
302 2433 431 2523 quippe
457 2437 544 2502 Deus
589 2433 753 2513 escendit,
773 2446 811 2502 ut
827 2433 929 2502 homo
953 2432 1176 2512 ascenderet;
1205 2432 1329 2500 idcirco
1349 2429 1422 2524 hunt·

196 2519 272 2590 lieri
298 2521 461 2612 dignatus
485 2535 546 2608 est,
570 2534 608 2592 ut
632 2523 807 2592 hominem
828 2521 1001 2592 exaltaret.
1029 2525 1068 2590 ln
1096 2521 1273 2592 nativitate
1296 2525 1421 2589 nomino

194 2631 256 2678 vox
281 2611 441 2701 lln'gelica
467 2610 602 2681 sonuit:
629 2613 746 2680 Gloria
771 2613 806 2678 in
825 2613 968 2681 emeelsis
992 2615 1069 2692 Deo,
1099 2621 1129 2679 et
1155 2613 1190 2679 in
1217 2622 1306 2679 terra
1324 2599 1423 2698 prelo·

193 2701 338 2768 mim'dus
363 2701 464 2770 bonae
488 2703 672 2768 volontatis
695 2699 869 2789 (Lttc.1t);
896 2699 998 2768 hodie
1026 2699 1152 2768 dilecto
1178 2721 1244 2768 suo
1270 2697 1423 2768 suasissmt

194 2809 256 2856 vox
273 2787 410 2857 divinae
437 2789 622 2876 majestatis
643 2788 816 2868 intonuit,
843 2788 984 2858 dicens:
1013 2793 1129 2877 Etr-pe,
1158 2810 1254 2858 serve
1273 2789 1346 2856 done
1366 2790 1386 2848 tl
1403 2775 1424 2854 l·

194 2877 289 2956 deltis,
308 2879 390 2966 quio
411 2899 512 2966 super
535 2901 646 2968 petico
667 2881 765 2965 suisti
790 2879 912 2965 fidelis,
932 2899 1037 2967 supra
1062 2881 1172 2946 inulto
1194 2889 1225 2946 te
1249 2877 1424 2946 conditum:

193 2967 285 3063 intro
308 2967 339 3033 in
363 2969 530 3055 pendium
554 2967 688 3035 Domini
706 2969 759 3034 tui
779 2967 913 3054 (tratti.
941 2965 1029 3054 xxv).
1058 2971 1096 3034 ln
1118 2965 1178 3034 illa
1204 2965 1369 3035 {testivitate
1387 2959 1424 3022 m·

195 3073 312 3122 mmus
337 3055 438 3124 exivit
458 3054 500 3124 de
524 3068 619 3126 utero
644 3055 817 3145 Virginis;
845 3055 879 3124 in
902 3055 966 3124 ista
994 3054 1201 3124 venerabilis
1220 3054 1295 3142 ejus
1319 3043 1425 3120 linitus

193 3161 354 3231 egressus
383 3157 434 3213 est
459 3144 501 3212 de
529 3143 702 3243 ergastulo
729 3145 856 3214 carnis.
885 3148 922 3212 ln
949 3142 1009 3212 illa
1038 3143 1193 3213 Christus
1220 3165 1280 3232 pro
1302 3139 1381 3210 nolis
1398 3140 1426 3222 ῡξῑ

194 3231 320 3320 pannis
346 3231 521 3303 involutus
537 3257 544 3314 ;
572 3255 606 3301 rn
625 3234 691 3305 ista
711 3231 872 3302 sacerdos
888 3233 964 3323 ejus
981 3230 1068 3301 stola
1085 3245 1136 3302 est
1152 3232 1195 3301 ab
1212 3255 1252 3302 co
1272 3217 1426 3322 imtrtortalr·

195 3321 273 3390 tatis
293 3319 449 3391 indutus.
472 3320 533 3390 Ille
549 3342 592 3389 an
621 3322 728 3392 ostias
757 3323 885 3391 intrare
912 3343 978 3391 non
1001 3319 1210 3410 dedignatus
1237 3333 1287 3390 est
1309 3331 1387 3388 uten.
1407 3318 1426 3370 ut

194 3407 296 3479 istius
312 3411 464 3479 animam
488 3344 633 3480 latitudo
651 3410 841 3500 susciperet
860 3409 960 3480 coeli.
988 3408 1049 3478 Ille
1065 3408 1245 3480 descendit
1264 3427 1357 3478 carne
1372 3393 1427 3465 rela-

195 3509 261 3578 tuS,
279 3511 318 3568 ut
338 3499 401 3568 iste
417 3498 616 3568 ascenderet
636 3499 723 3568 stola
740 3498 869 3590 gloriae
889 3498 1083 3568 decoratus.

238 3587 315 3674 §2
334 3587 561 3668 Considerate,
578 3587 699 3656 fratres
718 3588 902 3668 carissimi,
924 3601 1075 3674 quantus
1093 3587 1143 3656 vir
1161 3588 1226 3658 iste
1241 3585 1345 3662 luerit,
1359 3587 1426 3666 qutffi

194 3675 341 3776 pleniter
357 3676 470 3758 illum,
490 3689 526 3746 ut
539 3697 654 3746 revera
672 3677 947 3747 sacratissimum
965 3675 1148 3777 templum,
1169 3677 1312 3766 Spiritus
1325 3675 1427 3741 sanetis

195 3764 450 3846 inhabitaverit,
473 3765 583 3852 quiet
603 3765 637 3834 in
660 3787 743 3855 pace
760 3777 898 3836 sanctae
916 3765 1087 3835 Ecclesiae
1104 3778 1151 3834 tot
1176 3762 1344 3834 miraculis
1364 3768 1428 3824 cut¹

195 3853 311 3925 scavit.
335 3859 373 3922 ln
393 3853 490 3924 initio
506 3855 637 3945 quippe
657 3855 831 3925 nascentis
848 3853 1018 3924 Ecclesiae
1044 3853 1096 3922 illi
1119 3854 1223 3924 etiam
1242 3845 1386 3944 miracula
1400 3836 1427 3904 lt·

196 3944 343 4024 ciebant‚
371 3944 431 4031 qui
456 3941 566 4012 lacere
594 3943 694 4013 siena
726 3943 824 4034 digni
854 3965 921 4014 non
951 3943 1113 4024 fuerant,
1140 3955 1174 4013 et
1198 3944 1271 4030 ,sine
1289 3930 1427 4026 virtuttbtti

195 4053 345 4132 morum,
374 4031 529 4122 plerique
547 3995 759 4104 excellebant
779 4033 901 4102 virtute
926 4032 1118 4135 signorum.
1140 4033 1236 4102 Unde
1260 4042 1290 4099 et
1312 4029 1374 4116 ipsa
1394 4021 1427 4124 lt

195 4131 278 4217 ritas
303 4120 409 4190 dreit:
436 4123 537 4190 Multi
558 4121 667 4190 dicent
691 4123 779 4190 milm'
794 4124 830 4190 in
849 4123 914 4191 itta
929 4123 1004 4190 dte:
1031 4123 1179 4202 Domine,
1203 4120 1339 4192 Domine,
1356 4123 1427 4178 nonu

196 4225 231 4271 m
247 4211 378 4276 nomine
394 4219 452 4277 tuo
464 4210 770 4298 prophetavimus?
794 4216 907 4280 Nonne
928 4212 1108 4280 innomine
1127 4219 1183 4280 tuo
1197 4211 1327 4279 virtutes
1339 4199 1427 4268 ritum

194 4291 365 4371 fecimus?
381 4301 421 4364 m
439 4306 515 4364 torte
533 4299 708 4384 confitebor
723 4299 795 4366 illis
811 4325 821 4366 .·
832 4301 920 4456 ¹puio
938 4323 1001 4368 non
1018 4301 1096 4367 novi
1112 4322 1167 4368 uos
1182 4325 1193 4366 :
1219 4293 1359 4367 discedite
1372 4307 1385 4352 u
1397 4298 1428 4344 m·

196 4383 349 4460 operarii
371 4385 562 4472 iniquitatis
576 4385 711 4473 (illecti.
734 4388 802 4476 vn).
862 4388 978 4458 terim
1001 4386 1043 4456 ad
1061 4385 1164 4456 tidem
1179 4393 1332 4456 cresceret
1344 4377 1427 4444 santll
