3046 4838
126 283 196 352 nte.
221 285 232 350 l
524 305 562 352 m
584 307 609 356 s.
635 306 743 357 aucto
767 309 816 356 rr.
842 307 974 358 ιιοιιοιι.
1296 293 1331 358 tr

157 392 264 489 §m
289 387 448 460 Pellebat
469 389 586 478 itaque
609 394 721 485 magis
745 417 784 465 ac
805 395 916 486 magis
941 394 976 464 in
1000 393 1138 486 vigiliis,
1166 395 1201 463 in
1222 395 1377 486 jejuniis,

121 491 206 567 atque
227 501 259 548 tn
279 479 468 549 charitate.
511 481 705 554 lubricabat
739 485 772 554 in
804 507 908 554 usum
933 485 1035 574 Regis
1059 483 1221 554 utensilia
1258 507 1377 572 quam·

119 568 250 658 plurima
274 591 313 639 ex
330 591 423 640 auro
441 583 478 640 et
505 574 654 662 gemmis.
676 573 820 644 sedebat
835 573 1009 644 fabricans
1026 572 1231 656 indefessus,
1250 589 1283 645 et
1299 597 1381 644 con-

119 673 162 727 tra
181 659 272 759 illum
291 659 393 750 Tyllo
408 660 617 732 vernaculus
640 663 716 753 ejus
733 685 773 733 ex
796 684 920 754 genere
935 665 1120 733 Saxonico:
1143 664 1204 752 qui
1226 665 1381 822 ιιιιιᾶιίεῑιί

116 751 242 841 vestigia
265 771 443 838 sequane,
479 763 509 820 et
535 751 606 841 ipse
629 751 848 842 postmodum
882 752 1111 823 venerabilem
1144 755 1245 822 vitam
1298 754 1380 824 uxit.

117 838 228 911 sedem
245 861 329 932 ergo
357 839 500 930 Eligius
526 839 568 910 ad
597 863 686 931 opus
705 841 932 932 praedictum,
958 842 1111 912 codicem
1138 843 1275 913 sibimet
1301 864 1381 933 prae

115 928 212 998 oculis
227 930 467 1020 praeparabat
482 941 634 1021 apertum
650 954 657 998 :
677 943 714 1000 ut
732 951 872 1020 quoquo
891 952 1014 1022 genere
1031 931 1203 1012 laborans
1221 931 1377 1002 divinum

114 1019 287 1110 perciperet
306 1019 533 1090 mandatum.
551 1019 604 1090 Sic
621 1020 727 1110 igitur
749 1021 897 1111 duplum
923 1043 1045 1110 gerens
1069 1020 1233 1103 ollicium,
1255 1042 1380 1098 manus

114 1108 222 1179 usibus
236 1109 444 1189 hominum,
468 1121 611 1178 mentem
629 1111 709 1180 usui
724 1109 942 1200 mancipabat
958 1109 1086 1180 divino.
1105 1111 1289 1202 Fragrabat
1305 1110 1382 1199 ejus

112 1197 229 1286 ubique
248 1198 342 1267 lama
364 1199 556 1282 intantum,
575 1209 613 1268 ut
632 1201 662 1268 si
678 1200 738 1287 qui
758 1221 798 1269 ex
817 1205 982 1280 Romana,
1003 1198 1052 1269 vel
1070 1199 1200 1282 Italica,
1227 1213 1286 1270 aut
1303 1203 1381 1271 Got-

114 1286 203 1362 thica.
222 1288 271 1358 vel
289 1286 549 1376 qualicumque
566 1289 752 1378 provincia,
774 1288 955 1380 legationis
970 1287 1115 1372 loedere,
1133 1302 1193 1359 aut
1212 1288 1281 1359 alia
1296 1311 1381 1378 qua-

112 1399 248 1466 cumque
262 1399 303 1449 ex
323 1400 435 1448 causa
458 1376 623 1467 palatium
648 1379 751 1468 Regis
770 1382 977 1450 Francorum
995 1377 1090 1448 adire
1111 1391 1282 1468 pararent,
1311 1401 1378 1448 non

112 1467 199 1555 prius
214 1467 298 1558 Regi
315 1478 554 1548 occurrerent,
569 1489 672 1554 quam
690 1467 837 1558 Eligium
856 1491 900 1558 ag
927 1467 1135 1550 rederentur,
1154 1467 1204 1538 vel
1213 1469 1377 1559 juvamen

113 1555 283 1627 alimoniae
296 1558 345 1627 ab
359 1579 401 1628 eo
419 1569 606 1647 poscentes,
629 1555 680 1625 vel
697 1569 787 1627 certe
802 1490 987 1628 considam
1005 1557 1143 1630 salubre
1162 1570 1377 1645 quaerentes.

114 1645 401 1735 Confluebantque
421 1645 560 1716 adeum
585 1643 739 1733 undique
759 1647 822 1716 viri
840 1645 1001 1738 religiosi,
1024 1646 1174 1716 advenae
1198 1661 1379 1736 quoqueet

114 1737 281 1806 monachi:
303 1750 339 1806 et
364 1733 533 1822 quicquid
559 1733 706 1804 militare
730 1747 879 1826 poterat,
910 1748 971 1806 aut
992 1735 1042 1806 eis
1065 1735 1100 1805 in
1127 1735 1379 1828 eleemosynam

2 1899 3 1904 ,
113 1822 215 1906 dabat,
240 1838 302 1895 aut
328 1838 424 1896 certe
447 1823 658 1981 captivorum
684 1825 719 1892 in
738 1825 845 1924 pretia
878 1823 1100 1896 distrahebat.
1128 1826 1282 1896 Habebat
1307 1847 1379 1896 ma·

2 1957 3 2010 t
113 1912 231 1984 ximum
250 1915 285 1985 in
302 1914 477 2014 hujusmo
504 1913 514 1982 i
538 1935 638 2014 opere
655 1912 821 1983 studium.
843 1918 929 1983 Sane
947 1913 1161 2002 ubicumque
1176 1916 1381 1985 venundan-

115 2000 187 2073 dum
211 2004 441 2075 intellexisset
470 2023 693 2091 mancipium,
723 2024 942 2094 magnacum
971 2004 1202 2074 misericordia
1230 2016 1262 2073 et
1288 2004 1380 2074 lesti-

1 2167 2 2171 Ἰ
114 2095 238 2164 natione
253 2113 461 2172 occurram,
489 2113 565 2162 mox
580 2091 658 2160 dato
675 2091 782 2180 pretio
808 2091 973 2164 liberabat
988 2093 1174 2183 captivum.
1202 2095 1377 2164 Interdum

114 2183 203 2252 etiam
228 2203 349 2272 usque
371 2181 416 2251 ad
437 2180 557 2270 viginti
576 2193 635 2250 aut
660 2180 810 2268 triginta,
834 2203 894 2252 seu
913 2196 946 2253 et
966 2182 1218 2272 quinquaginta
1236 2204 1380 2253 numero

116 2271 207 2342 simul
222 2297 241 2344 a
257 2272 464 2364 captivitate
478 2269 676 2340 redimebat.
690 2273 941 2360 Nonnunquam
957 2293 1035 2341 vero
1051 2293 1173 2362 agmen
1191 2270 1376 2362 integrum,

117 2375 262 2452 etusque
293 2361 499 2432 aduentum
529 2357 674 2440 animas,
703 2380 782 2428 cum
809 2361 886 2430 navi
910 2359 1170 2450 egrederentur,
1200 2363 1380 2449 utriusque

119 2471 205 2521 sexus
227 2475 273 2523 ex
299 2451 445 2519 diversis
469 2447 628 2537 gentibus
646 2449 832 2530 venientes,
860 2451 987 2540 pariter
1007 2449 1183 2528 liberabat,
1208 2455 1379 2520 Romano·

117 2559 183 2609 rum
206 2541 355 2620 scilicet,
378 2537 553 2610 Gallorum
573 2550 674 2625 atque
690 2537 944 2621 Britannorum,
965 2560 1097 2610 necnon
1112 2552 1145 2608 et
1169 2544 1378 2610 Maurorum:

116 2630 167 2700 sed
191 2629 380 2721 praecipue
403 2647 583 2717 exgenere
607 2630 793 2709 Saxonum,
808 2628 869 2716 qui
888 2628 1026 2698 abunde
1049 2651 1088 2698 eo
1104 2641 1257 2719 tempore
1277 2628 1381 2699 veluti

115 2741 226 2809 greges
250 2742 273 2789 a
298 2717 440 2788 sedibus
457 2715 603 2806 propriis
619 2715 740 2797 evulsi,
759 2717 794 2786 in
816 2716 950 2811 diversa
974 2716 1264 2803 distrahebantur.
1284 2718 1378 2802 Quod

115 2809 139 2878 si
155 2809 366 2900 contigisset,
394 2819 432 2876 ut
448 2805 608 2895 copiosus
631 2804 846 2876 venditorum
873 2828 1040 2877 uumerus
1066 2828 1262 2879 mensuram
1280 2809 1381 2899 pretii

115 2899 295 2979 excederet,
322 2909 448 2967 cuncta
474 2906 746 2996 praetercorpus
763 2897 953 2987 proprium,
981 2917 1069 2984 quae
1086 2895 1210 2968 habere
1237 2909 1378 2988 poterat,

114 2987 287 3077 usquead
316 2983 498 3076 cingulum
524 2996 555 3054 et
574 2983 826 3074 amphibalum,
860 3006 991 3056 necnon
1016 2995 1049 3056 et
1073 2985 1197 3056 rictum
1224 3007 1381 3058 necessa·

115 3079 213 3158 rium,
230 3077 290 3148 sed
308 3087 341 3145 et
359 3071 529 3162 usquead
548 3072 777 3144 calceamenta
793 3087 919 3146 cuncta
935 3098 971 3146 se
989 3073 1210 3164 exspoliabat,
1230 3086 1382 3145 tantum-

115 3168 211 3236 modo
233 3179 273 3236 ut
296 3187 336 3234 ca
364 3165 449 3236 titis,
472 3163 678 3233 subveniret.
709 3162 746 3232 ld
766 3164 867 3234 etiam
903 3175 935 3234 et
967 3165 999 3232 in
1033 3165 1232 3256 peregrinos
1256 3163 1381 3234 Christi

115 3255 313 3347 saepissime
330 3187 488 3324 dolebat.
516 3255 541 3321 0
564 3251 698 3338 quoties
716 3249 848 3322 debitor
868 3274 942 3324 esse
967 3252 1083 3334 voluit,
1108 3265 1145 3322 ut
1168 3253 1381 3324 debitoribus

114 3346 328 3416 subveniretl
347 3342 487 3427 Quoties
510 3339 664 3410 brachile
679 3361 834 3422 aureum,
855 3362 1004 3432 pungam
1026 3363 1162 3429 quoque
1179 3365 1262 3413 auro
1287 3363 1380 3432 gem-

114 3437 244 3524 misque
260 3445 434 3524 comptam
460 3429 527 3500 sibi
550 3427 735 3519 subripuit,
768 3439 900 3498 tantum
920 3442 958 3501 ut
988 3431 1123 3500 miseris
1142 3433 1378 3501 succurreret!

115 3529 150 3595 Ut
173 3537 290 3595 autem
307 3521 455 3592 breviter
470 3517 774 3608 comprehendam,
802 3530 929 3588 tantam
952 3521 1163 3610 captivorum
1186 3519 1380 3590 multitudi-

115 3636 188 3684 nem
206 3636 269 3705 per
285 3608 507 3684 succedentia
521 3621 714 3697 temporum
733 3607 842 3698 spatia
857 3630 876 3676 a
890 3608 976 3678 duro
1000 3608 1218 3680 dominorum
1236 3609 1381 3679 absolvit

109 3707 201 3795 jugo,
220 3715 335 3772 tantas
358 3700 595 3798 eleemosynas
619 3695 754 3766 diverso
777 3697 958 3766 hominurn
980 3699 1094 3788 generi
1120 3699 1300 3786 utriusque
1328 3719 1379 3768 se·

113 3815 194 3874 xus,
222 3790 369 3862 diversis
392 3788 547 3860 ecclesiis
576 3807 615 3854 ac
654 3786 871 3857 monasteriis
907 3786 1104 3868 distribuit,
1131 3799 1168 3857 ut
1192 3789 1311 3858 nullus
1341 3809 1380 3857 ea

113 3896 233 3964 orator,
256 3877 482 3969 quantumvis
502 3873 690 3957 studiosus,
716 3875 874 3964 quamvis
898 3876 941 3947 sit
964 3875 1147 3962 eloquens,
1167 3877 1209 3946 ad
1240 3877 1378 3967 plenum

113 3994 250 4042 narrare
274 3967 435 4040 sufficiat.
464 3963 670 4054 Redemptos
689 3964 780 4034 enim
807 3966 959 4054 captivos
984 3965 1140 4056 protinus
1160 3987 1273 4036 coram
1293 3970 1382 4056 Rege

114 4073 275 4142 statuens,
293 4057 431 4147 jactatis
452 4065 530 4124 ante
553 4073 632 4123 eum
652 4051 815 4136 denariis
842 4054 978 4124 chartas
997 4054 1046 4124 eis
1072 4052 1236 4125 libertatis
1254 4055 1382 4124 tribue-

114 4149 177 4220 bat.
203 4147 332 4220 Deinde
356 4145 484 4218 trinam
510 4142 597 4232 ipsis
620 4142 768 4232 optionis
790 4142 1002 4233 proponebat
1024 4143 1236 4225 electionem,
1264 4143 1378 4221 idest,

114 4253 149 4309 ut
166 4240 194 4310 si
217 4239 278 4328 qui
302 4235 409 4308 velint
429 4233 505 4323 jam
533 4231 632 4301 liberi
663 4231 705 4300 ad
732 4233 906 4323 propriam
938 4253 1091 4303 remeare
1116 4233 1281 4323 patriam,
1309 4233 1382 4322 ipse

116 4327 160 4400 eis
181 4329 389 4417 inquantum
423 4320 638 4414 suppetebat,
666 4320 842 4409 praeberet
870 4321 1079 4394 subsidium.
1113 4323 1148 4390 Si
1170 4323 1232 4409 qui
1267 4332 1378 4390 autem

117 4438 189 4488 cum
205 4418 279 4508 ipso
294 4415 401 4486 velint
416 4431 630 4503 permanere,
646 4407 758 4481 libens
774 4409 871 4480 valde
889 4409 1171 4480 accommodabat
1186 4429 1378 4486 assensum,
