<?xml version="1.0" encoding="UTF-8"?>
<!DOCTYPE html PUBLIC "-//W3C//DTD XHTML 1.0 Transitional//EN"
    "http://www.w3.org/TR/xhtml1/DTD/xhtml1-transitional.dtd">
<html xmlns="http://www.w3.org/1999/xhtml" xml:lang="en" lang="en">
 <head>
  <title>
</title>
<meta http-equiv="Content-Type" content="text/html;charset=utf-8" />
  <meta name='ocr-system' content='tesseract 3.04.00' />
  <meta name='ocr-capabilities' content='ocr_page ocr_carea ocr_par ocr_line ocrx_word'/>
</head>
<body>
  <div class='ocr_page' id='page_1' title='image "./historiaeseuvit00lippgoog_0756.png"; bbox 0 0 2920 4810; ppageno 0'>
   <div class='ocr_carea' id='block_1_1' title="bbox 8 311 1268 382">
    <p class='ocr_par' dir='ltr' id='par_1_1' title="bbox 8 311 1268 382">
     <span class='ocr_line' id='line_1_1' title="bbox 8 311 1268 382; baseline 0.006 -8"><span class='ocrx_word' id='word_1_1' title='bbox 8 311 80 376; x_wconf 61' lang='lat' dir='ltr'><strong>tut:</strong></span> <span class='ocrx_word' id='word_1_2' title='bbox 101 313 141 375; x_wconf 61' lang='lat' dir='ltr'><strong>lb</strong></span> <span class='ocrx_word' id='word_1_3' title='bbox 389 330 653 380; x_wconf 79' lang='lat' dir='ltr'><strong>usnrvooxocrurr</strong></span> <span class='ocrx_word' id='word_1_4' title='bbox 679 335 893 382; x_wconf 82' lang='lat' dir='ltr'><strong>rucusrnaruu</strong></span> <span class='ocrx_word' id='word_1_5' title='bbox 1138 315 1239 382; x_wconf 76' lang='lat' dir='ltr'><strong>lude*</strong></span> <span class='ocrx_word' id='word_1_6' title='bbox 1266 313 1268 318; x_wconf 79' lang='grc'><strong>’</strong></span> 
     </span>
    </p>
   </div>
   <div class='ocr_carea' id='block_1_2' title="bbox 8 417 1320 4082">
    <p class='ocr_par' dir='ltr' id='par_1_2' title="bbox 8 417 1320 4082">
     <span class='ocr_line' id='line_1_2' title="bbox 650 417 1284 494; baseline 0.005 -18"><span class='ocrx_word' id='word_1_7' title='bbox 650 417 772 494; x_wconf 87' lang='lat' dir='ltr'><strong>gradus,</strong></span> <span class='ocrx_word' id='word_1_8' title='bbox 794 425 913 480; x_wconf 88' lang='lat' dir='ltr'><strong>coactus</strong></span> <span class='ocrx_word' id='word_1_9' title='bbox 931 417 1067 494; x_wconf 81' lang='lat' dir='ltr'><strong>qnidam,</strong></span> <span class='ocrx_word' id='word_1_10' title='bbox 1083 419 1237 481; x_wconf 75' lang='lat' dir='ltr'><strong>renitente</strong></span> <span class='ocrx_word' id='word_1_11' title='bbox 1253 421 1284 479; x_wconf 93' lang='lat' dir='ltr'><strong>vi</strong></span> 
     </span>
     <span class='ocr_line' id='line_1_3' title="bbox 25 489 1286 574; baseline 0.007 -22"><span class='ocrx_word' id='word_1_12' title='bbox 25 491 47 552; x_wconf 91' lang='lat' dir='ltr'><strong>S.</strong></span> <span class='ocrx_word' id='word_1_13' title='bbox 60 489 251 555; x_wconf 71' lang='lat' dir='ltr'><strong>rosteriam</strong></span> <span class='ocrx_word' id='word_1_14' title='bbox 267 493 417 556; x_wconf 77' lang='lat' dir='ltr'><strong>decerna.</strong></span> <span class='ocrx_word' id='word_1_15' title='bbox 435 509 472 554; x_wconf 87' lang='grc'><strong>11</strong></span> <span class='ocrx_word' id='word_1_16' title='bbox 486 493 586 556; x_wconf 79' lang='grc'><strong>11111.</strong></span> <span class='ocrx_word' id='word_1_17' title='bbox 652 495 844 570; x_wconf 87' lang='lat' dir='ltr'><strong>humilitatis,</strong></span> <span class='ocrx_word' id='word_1_18' title='bbox 866 497 1064 574; x_wconf 88' lang='lat' dir='ltr'><strong>dignissimus</strong></span> <span class='ocrx_word' id='word_1_19' title='bbox 1079 505 1179 560; x_wconf 85' lang='lat' dir='ltr'><strong>tamen</strong></span> <span class='ocrx_word' id='word_1_20' title='bbox 1209 499 1286 561; x_wconf 89' lang='lat' dir='ltr'><strong>obti-</strong></span> 
     </span>
     <span class='ocr_line' id='line_1_4' title="bbox 79 576 1286 676; baseline 0.002 -40"><span class='ocrx_word' id='word_1_21' title='bbox 79 597 265 676; x_wconf 53' lang='lat' dir='ltr'><strong>pmerfectm</strong></span> <span class='ocrx_word' id='word_1_22' title='bbox 279 607 323 662; x_wconf 61' lang='lat' dir='ltr'><strong>est</strong></span> <span class='ocrx_word' id='word_1_23' title='bbox 337 617 419 663; x_wconf 65' lang='lat' dir='ltr'><strong>mmo</strong></span> <span class='ocrx_word' id='word_1_24' title='bbox 439 599 516 663; x_wconf 70' lang='lat'><strong>1623</strong></span> <span class='ocrx_word' id='word_1_25' title='bbox 652 577 734 638; x_wconf 92' lang='lat' dir='ltr'><strong>nuit:</strong></span> <span class='ocrx_word' id='word_1_26' title='bbox 751 593 827 654; x_wconf 85' lang='lat' dir='ltr'><strong>quos</strong></span> <span class='ocrx_word' id='word_1_27' title='bbox 842 585 872 638; x_wconf 90' lang='lat' dir='ltr'><strong>et</strong></span> <span class='ocrx_word' id='word_1_28' title='bbox 886 576 1106 639; x_wconf 76' lang='lat' dir='ltr'><strong>excellentibus</strong></span> <span class='ocrx_word' id='word_1_29' title='bbox 1122 577 1286 641; x_wconf 89' lang='lat' dir='ltr'><strong>illustravit</strong></span> 
     </span>
     <span class='ocr_line' id='line_1_5' title="bbox 157 649 1286 744; baseline 0.002 -26"><span class='ocrx_word' id='word_1_30' title='bbox 157 678 205 742; x_wconf 54' lang='lat' dir='ltr'><strong>gp,</strong></span> <span class='ocrx_word' id='word_1_31' title='bbox 219 680 258 742; x_wconf 66' lang='lat'><strong>12</strong></span> <span class='ocrx_word' id='word_1_32' title='bbox 272 679 438 744; x_wconf 56' lang='lat' dir='ltr'><em>novembri,</em></span> <span class='ocrx_word' id='word_1_33' title='bbox 519 649 528 676; x_wconf 87' lang='grc'>’</span> <span class='ocrx_word' id='word_1_34' title='bbox 652 657 769 719; x_wconf 88' lang='lat' dir='ltr'><strong>meritis</strong></span> <span class='ocrx_word' id='word_1_35' title='bbox 780 665 811 718; x_wconf 94' lang='lat' dir='ltr'><strong>et</strong></span> <span class='ocrx_word' id='word_1_36' title='bbox 821 656 1064 732; x_wconf 79' lang='lat' dir='ltr'><strong>congruentibus</strong></span> <span class='ocrx_word' id='word_1_37' title='bbox 1078 657 1226 720; x_wconf 92' lang='lat' dir='ltr'><strong>adornare</strong></span> <span class='ocrx_word' id='word_1_38' title='bbox 1239 675 1286 720; x_wconf 91' lang='lat' dir='ltr'><strong>ca·</strong></span> 
     </span>
     <span class='ocr_line' id='line_1_6' title="bbox 442 729 1285 816; baseline 0.005 -20"><span class='ocrx_word' id='word_1_39' title='bbox 442 729 448 744; x_wconf 91' lang='lat'>&#39;</span> <span class='ocrx_word' id='word_1_40' title='bbox 651 738 730 798; x_wconf 91' lang='lat' dir='ltr'><strong>ravit</strong></span> <span class='ocrx_word' id='word_1_41' title='bbox 745 735 905 815; x_wconf 86' lang='lat' dir='ltr'><strong>obsequiis.</strong></span> <span class='ocrx_word' id='word_1_42' title='bbox 927 736 1032 816; x_wconf 79' lang='lat' dir='ltr'><strong>ltaque</strong></span> <span class='ocrx_word' id='word_1_43' title='bbox 1046 743 1148 800; x_wconf 88' lang='lat' dir='ltr'><strong>auctus</strong></span> <span class='ocrx_word' id='word_1_44' title='bbox 1163 738 1285 801; x_wconf 90' lang='lat' dir='ltr'><strong>benedi-</strong></span> 
     </span>
     <span class='ocr_line' id='line_1_7' title="bbox 32 812 1284 892; baseline 0.003 -18"><span class='ocrx_word' id='word_1_45' title='bbox 32 812 203 874; x_wconf 81' lang='lat' dir='ltr'><strong>llxnrrnon.</strong></span> <span class='ocrx_word' id='word_1_46' title='bbox 229 847 267 858; x_wconf 91' lang='lat'><strong>-—</strong></span> <span class='ocrx_word' id='word_1_47' title='bbox 288 815 420 892; x_wconf 87' lang='lat' dir='ltr'><strong>Vllepsci</strong></span> <span class='ocrx_word' id='word_1_48' title='bbox 445 817 477 876; x_wconf 91' lang='lat' dir='ltr'><strong>in</strong></span> <span class='ocrx_word' id='word_1_49' title='bbox 500 815 621 880; x_wconf 88' lang='lat' dir='ltr'><strong>Polonia</strong></span> <span class='ocrx_word' id='word_1_50' title='bbox 650 817 751 877; x_wconf 88' lang='lat' dir='ltr'><strong>ctione</strong></span> <span class='ocrx_word' id='word_1_51' title='bbox 765 815 898 887; x_wconf 89' lang='lat' dir='ltr'><strong>coelesti,</strong></span> <span class='ocrx_word' id='word_1_52' title='bbox 913 816 949 878; x_wconf 89' lang='lat' dir='ltr'><strong>de</strong></span> <span class='ocrx_word' id='word_1_53' title='bbox 964 817 1080 878; x_wconf 88' lang='lat' dir='ltr'><strong>virtute</strong></span> <span class='ocrx_word' id='word_1_54' title='bbox 1095 820 1126 877; x_wconf 92' lang='lat' dir='ltr'><strong>iu</strong></span> <span class='ocrx_word' id='word_1_55' title='bbox 1140 819 1284 880; x_wconf 89' lang='lat' dir='ltr'><strong>virtutem</strong></span> 
     </span>
     <span class='ocr_line' id='line_1_8' title="bbox 8 893 1285 974; baseline 0.008 -24"><span class='ocrx_word' id='word_1_56' title='bbox 8 893 79 953; x_wconf 88' lang='lat' dir='ltr'><strong>ancti</strong></span> <span class='ocrx_word' id='word_1_57' title='bbox 94 893 253 955; x_wconf 77' lang='lat' dir='ltr'><strong>tosxrnxv</strong></span> <span class='ocrx_word' id='word_1_58' title='bbox 269 909 307 955; x_wconf 88' lang='lat' dir='ltr'><strong>ex</strong></span> <span class='ocrx_word' id='word_1_59' title='bbox 328 895 443 957; x_wconf 84' lang='lat' dir='ltr'><strong>Ordine</strong></span> <span class='ocrx_word' id='word_1_60' title='bbox 458 898 552 957; x_wconf 85' lang='lat' dir='ltr'><strong>sancti</strong></span> <span class='ocrx_word' id='word_1_61' title='bbox 567 897 621 960; x_wconf 84' lang='lat' dir='ltr'><strong>Bo·</strong></span> <span class='ocrx_word' id='word_1_62' title='bbox 650 895 785 958; x_wconf 91' lang='lat' dir='ltr'><strong>lervidus</strong></span> <span class='ocrx_word' id='word_1_63' title='bbox 799 897 831 957; x_wconf 92' lang='lat' dir='ltr'><strong>in</strong></span> <span class='ocrx_word' id='word_1_64' title='bbox 848 895 1009 958; x_wconf 83' lang='lat' dir='ltr'><strong>dilectione</strong></span> <span class='ocrx_word' id='word_1_65' title='bbox 1037 895 1155 958; x_wconf 85' lang='lat' dir='ltr'><strong>Dornini</strong></span> <span class='ocrx_word' id='word_1_66' title='bbox 1178 911 1285 974; x_wconf 91' lang='lat' dir='ltr'><strong>prope·</strong></span> 
     </span>
     <span class='ocr_line' id='line_1_9' title="bbox 12 969 1285 1055; baseline 0.007 -26"><span class='ocrx_word' id='word_1_67' title='bbox 12 969 59 1042; x_wconf 83' lang='lat' dir='ltr'><strong>ilii,</strong></span> <span class='ocrx_word' id='word_1_68' title='bbox 73 974 295 1051; x_wconf 80' lang='lat' dir='ltr'><strong>Arentepiscopi</strong></span> <span class='ocrx_word' id='word_1_69' title='bbox 322 974 507 1048; x_wconf 86' lang='lat' dir='ltr'><strong>Polocensis,</strong></span> <span class='ocrx_word' id='word_1_70' title='bbox 531 978 584 1055; x_wconf 88' lang='lat' dir='ltr'><strong>qni</strong></span> <span class='ocrx_word' id='word_1_71' title='bbox 605 993 621 1040; x_wconf 90' lang='grc'><strong>1</strong></span> <span class='ocrx_word' id='word_1_72' title='bbox 651 975 746 1048; x_wconf 88' lang='lat' dir='ltr'><strong>rabat,</strong></span> <span class='ocrx_word' id='word_1_73' title='bbox 761 975 857 1038; x_wconf 88' lang='lat' dir='ltr'><strong>donec</strong></span> <span class='ocrx_word' id='word_1_74' title='bbox 879 982 981 1050; x_wconf 92' lang='lat' dir='ltr'><strong>raptus</strong></span> <span class='ocrx_word' id='word_1_75' title='bbox 995 976 1033 1038; x_wconf 92' lang='lat' dir='ltr'><strong>ab</strong></span> <span class='ocrx_word' id='word_1_76' title='bbox 1055 976 1285 1054; x_wconf 85' lang='lat' dir='ltr'><strong>drcbiepiscopo</strong></span> 
     </span>
     <span class='ocr_line' id='line_1_10' title="bbox 10 1051 1285 1128; baseline 0.005 -19"><span class='ocrx_word' id='word_1_77' title='bbox 10 1051 178 1116; x_wconf 86' lang='lat' dir='ltr'><strong>cbismoticis</strong></span> <span class='ocrx_word' id='word_1_78' title='bbox 200 1055 233 1114; x_wconf 91' lang='lat' dir='ltr'><strong>in</strong></span> <span class='ocrx_word' id='word_1_79' title='bbox 249 1054 353 1117; x_wconf 90' lang='lat' dir='ltr'><strong>odium</strong></span> <span class='ocrx_word' id='word_1_80' title='bbox 368 1053 533 1117; x_wconf 85' lang='lat' dir='ltr'><strong>catholicae</strong></span> <span class='ocrx_word' id='word_1_81' title='bbox 555 1057 623 1118; x_wconf 92' lang='lat' dir='ltr'><strong>uni·</strong></span> <span class='ocrx_word' id='word_1_82' title='bbox 649 1055 860 1128; x_wconf 80' lang='lat' dir='ltr'><strong>Trevirorum,</strong></span> <span class='ocrx_word' id='word_1_83' title='bbox 893 1055 1165 1118; x_wconf 83' lang='lat' dir='ltr'><strong>Arcbidiaconatu&#39;s</strong></span> <span class='ocrx_word' id='word_1_84' title='bbox 1186 1056 1285 1118; x_wconf 86' lang='lat' dir='ltr'><strong>officio</strong></span> 
     </span>
     <span class='ocr_line' id='line_1_11' title="bbox 8 1133 1283 1198; baseline 0.007 -9"><span class='ocrx_word' id='word_1_85' title='bbox 8 1133 57 1190; x_wconf 92' lang='lat' dir='ltr'><strong>atis</strong></span> <span class='ocrx_word' id='word_1_86' title='bbox 78 1139 107 1194; x_wconf 93' lang='lat' dir='ltr'><strong>et</strong></span> <span class='ocrx_word' id='word_1_87' title='bbox 133 1133 275 1195; x_wconf 89' lang='lat' dir='ltr'><strong>veritatis</strong></span> <span class='ocrx_word' id='word_1_88' title='bbox 303 1133 470 1196; x_wconf 89' lang='lat' dir='ltr'><strong>crudeliter</strong></span> <span class='ocrx_word' id='word_1_89' title='bbox 498 1135 622 1198; x_wconf 89' lang='lat' dir='ltr'><strong>interle·</strong></span> <span class='ocrx_word' id='word_1_90' title='bbox 649 1133 897 1196; x_wconf 89' lang='lat' dir='ltr'><strong>sublimatnsest.</strong></span> <span class='ocrx_word' id='word_1_91' title='bbox 913 1133 970 1196; x_wconf 93' lang='lat' dir='ltr'><strong>Ubi</strong></span> <span class='ocrx_word' id='word_1_92' title='bbox 986 1137 1141 1196; x_wconf 90' lang='lat' dir='ltr'><strong>miramin</strong></span> <span class='ocrx_word' id='word_1_93' title='bbox 1159 1137 1283 1198; x_wconf 90' lang='lat' dir='ltr'><strong>modam</strong></span> 
     </span>
     <span class='ocr_line' id='line_1_12' title="bbox 8 1213 1286 1292; baseline 0.009 -25"><span class='ocrx_word' id='word_1_94' title='bbox 8 1217 90 1284; x_wconf 82' lang='lat' dir='ltr'><strong>:tns,a</strong></span> <span class='ocrx_word' id='word_1_95' title='bbox 107 1213 158 1275; x_wconf 85' lang='lat' dir='ltr'><strong>Pin</strong></span> <span class='ocrx_word' id='word_1_96' title='bbox 182 1214 262 1290; x_wconf 83' lang='lat' dir='ltr'><strong>Papa</strong></span> <span class='ocrx_word' id='word_1_97' title='bbox 285 1213 372 1275; x_wconf 90' lang='lat' dir='ltr'><strong>Nono</strong></span> <span class='ocrx_word' id='word_1_98' title='bbox 399 1215 481 1276; x_wconf 88' lang='lat' dir='ltr'><strong>inter</strong></span> <span class='ocrx_word' id='word_1_99' title='bbox 504 1224 622 1278; x_wconf 91' lang='lat' dir='ltr'><strong>sanctos</strong></span> <span class='ocrx_word' id='word_1_100' title='bbox 652 1221 729 1276; x_wconf 90' lang='lat' dir='ltr'><strong>totns</strong></span> <span class='ocrx_word' id='word_1_101' title='bbox 744 1217 778 1277; x_wconf 89' lang='lat' dir='ltr'><strong>ln</strong></span> <span class='ocrx_word' id='word_1_102' title='bbox 795 1214 847 1276; x_wconf 87' lang='lat' dir='ltr'><strong>Dei</strong></span> <span class='ocrx_word' id='word_1_103' title='bbox 872 1229 962 1292; x_wconf 90' lang='lat' dir='ltr'><strong>opere</strong></span> <span class='ocrx_word' id='word_1_104' title='bbox 977 1223 1184 1288; x_wconf 86' lang='lat' dir='ltr'><strong>conversatus,</strong></span> <span class='ocrx_word' id='word_1_105' title='bbox 1207 1216 1286 1278; x_wconf 91' lang='lat' dir='ltr'><strong>nihil</strong></span> 
     </span>
     <span class='ocr_line' id='line_1_13' title="bbox 8 1289 1286 1370; baseline 0.006 -22"><span class='ocrx_word' id='word_1_106' title='bbox 8 1289 312 1370; x_wconf 82' lang='lat' dir='ltr'><strong>lartyresadscriptus</strong></span> <span class='ocrx_word' id='word_1_107' title='bbox 326 1300 382 1354; x_wconf 91' lang='lat' dir='ltr'><strong>est.</strong></span> <span class='ocrx_word' id='word_1_108' title='bbox 649 1294 704 1356; x_wconf 86' lang='lat' dir='ltr'><strong>sibi</strong></span> <span class='ocrx_word' id='word_1_109' title='bbox 728 1297 866 1357; x_wconf 81' lang='lat' dir='ltr'><strong>exhausti</strong></span> <span class='ocrx_word' id='word_1_110' title='bbox 891 1296 963 1356; x_wconf 87' lang='lat' dir='ltr'><strong>satis</strong></span> <span class='ocrx_word' id='word_1_111' title='bbox 977 1309 1041 1356; x_wconf 88' lang='lat' dir='ltr'><strong>esse</strong></span> <span class='ocrx_word' id='word_1_112' title='bbox 1064 1295 1217 1369; x_wconf 88' lang='lat' dir='ltr'><strong>credebat,</strong></span> <span class='ocrx_word' id='word_1_113' title='bbox 1241 1297 1286 1356; x_wconf 89' lang='lat' dir='ltr'><strong>vi-</strong></span> 
     </span>
     <span class='ocr_line' id='line_1_14' title="bbox 32 1369 1284 1454; baseline 0.006 -26"><span class='ocrx_word' id='word_1_114' title='bbox 32 1369 63 1444; x_wconf 90' lang='lat' dir='ltr'><strong>ls,</strong></span> <span class='ocrx_word' id='word_1_115' title='bbox 82 1373 337 1452; x_wconf 72' lang='lat' dir='ltr'><strong>archiepiscopus</strong></span> <span class='ocrx_word' id='word_1_116' title='bbox 365 1374 532 1436; x_wconf 83' lang='lat' dir='ltr'><strong>Polooensis</strong></span> <span class='ocrx_word' id='word_1_117' title='bbox 553 1373 622 1450; x_wconf 85' lang='grc' dir='ltr'><strong>(Ρο-</strong></span> <span class='ocrx_word' id='word_1_118' title='bbox 650 1379 825 1454; x_wconf 84' lang='lat' dir='ltr'><strong>taepnejam</strong></span> <span class='ocrx_word' id='word_1_119' title='bbox 841 1373 932 1450; x_wconf 78' lang='lat' dir='ltr'><strong>buius</strong></span> <span class='ocrx_word' id='word_1_120' title='bbox 946 1389 1068 1444; x_wconf 91' lang='lat' dir='ltr'><strong>exosus,</strong></span> <span class='ocrx_word' id='word_1_121' title='bbox 1084 1373 1131 1434; x_wconf 88' lang='lat' dir='ltr'><strong>his</strong></span> <span class='ocrx_word' id='word_1_122' title='bbox 1153 1381 1284 1450; x_wconf 89' lang='lat' dir='ltr'><strong>tantum,</strong></span> 
     </span>
     <span class='ocr_line' id='line_1_15' title="bbox 8 1449 1320 1532; baseline 0.008 -25"><span class='ocrx_word' id='word_1_123' title='bbox 8 1449 111 1524; x_wconf 70' lang='grc'><strong>11111</strong></span> <span class='ocrx_word' id='word_1_124' title='bbox 136 1453 303 1530; x_wconf 85' lang='lat' dir='ltr'><strong>Lituania),</strong></span> <span class='ocrx_word' id='word_1_125' title='bbox 327 1453 469 1516; x_wconf 92' lang='lat' dir='ltr'><strong>omnibus</strong></span> <span class='ocrx_word' id='word_1_126' title='bbox 494 1453 620 1524; x_wconf 89' lang='lat' dir='ltr'><strong>viribus,</strong></span> <span class='ocrx_word' id='word_1_127' title='bbox 650 1471 724 1532; x_wconf 85' lang='lat' dir='ltr'><strong>quos</strong></span> <span class='ocrx_word' id='word_1_128' title='bbox 750 1455 927 1516; x_wconf 80' lang='lat' dir='ltr'><strong>lucrifacere</strong></span> <span class='ocrx_word' id='word_1_129' title='bbox 951 1453 1127 1526; x_wconf 84' lang='lat' dir='ltr'><strong>conabatur,</strong></span> <span class='ocrx_word' id='word_1_130' title='bbox 1143 1455 1285 1531; x_wconf 90' lang='lat' dir='ltr'><strong>spiritum</strong></span> <span class='ocrx_word' id='word_1_131' title='bbox 1318 1519 1320 1524; x_wconf 76' lang='grc'><strong>,</strong></span> 
     </span>
     <span class='ocr_line' id='line_1_16' title="bbox 9 1532 1147 1612; baseline 0.003 -23"><span class='ocrx_word' id='word_1_132' title='bbox 9 1535 106 1608; x_wconf 82' lang='lat' dir='ltr'><strong>otaoue</strong></span> <span class='ocrx_word' id='word_1_133' title='bbox 117 1540 223 1596; x_wconf 91' lang='lat' dir='ltr'><strong>mente</strong></span> <span class='ocrx_word' id='word_1_134' title='bbox 239 1533 379 1594; x_wconf 90' lang='lat' dir='ltr'><strong>incubuit</strong></span> <span class='ocrx_word' id='word_1_135' title='bbox 392 1541 424 1595; x_wconf 92' lang='lat' dir='ltr'><strong>ut</strong></span> <span class='ocrx_word' id='word_1_136' title='bbox 436 1534 619 1596; x_wconf 85' lang='lat' dir='ltr'><strong>schismatici</strong></span> <span class='ocrx_word' id='word_1_137' title='bbox 652 1535 802 1596; x_wconf 88' lang='lat' dir='ltr'><strong>invictum</strong></span> <span class='ocrx_word' id='word_1_138' title='bbox 817 1549 832 1594; x_wconf 91' lang='lat' dir='ltr'><strong>a</strong></span> <span class='ocrx_word' id='word_1_139' title='bbox 850 1533 984 1612; x_wconf 84' lang='lat' dir='ltr'><strong>quolibet</strong></span> <span class='ocrx_word' id='word_1_140' title='bbox 997 1532 1147 1594; x_wconf 92' lang='lat' dir='ltr'><strong>servabat.</strong></span> 
     </span>
     <span class='ocr_line' id='line_1_17' title="bbox 8 1607 1285 1691; baseline 0.009 -27"><span class='ocrx_word' id='word_1_141' title='bbox 8 1607 28 1668; x_wconf 91' lang='lat' dir='ltr'><strong>d</strong></span> <span class='ocrx_word' id='word_1_142' title='bbox 41 1627 138 1675; x_wconf 90' lang='lat' dir='ltr'><strong>veram</strong></span> <span class='ocrx_word' id='word_1_143' title='bbox 155 1613 248 1675; x_wconf 88' lang='lat' dir='ltr'><strong>iidem</strong></span> <span class='ocrx_word' id='word_1_144' title='bbox 264 1612 423 1684; x_wconf 85' lang='lat' dir='ltr'><strong>redirent;</strong></span> <span class='ocrx_word' id='word_1_145' title='bbox 451 1612 502 1676; x_wconf 91' lang='lat' dir='ltr'><strong>sed</strong></span> <span class='ocrx_word' id='word_1_146' title='bbox 517 1621 622 1675; x_wconf 87' lang='lat' dir='ltr'><strong>contro</strong></span> <span class='ocrx_word' id='word_1_147' title='bbox 645 1643 649 1652; x_wconf 90' lang='lat'><strong>·</strong></span> <span class='ocrx_word' id='word_1_148' title='bbox 690 1613 795 1676; x_wconf 90' lang='lat' dir='ltr'><strong>Paucis</strong></span> <span class='ocrx_word' id='word_1_149' title='bbox 806 1614 996 1691; x_wconf 92' lang='lat' dir='ltr'><strong>postmodum</strong></span> <span class='ocrx_word' id='word_1_150' title='bbox 1012 1613 1118 1689; x_wconf 90' lang='lat' dir='ltr'><strong>elapsis</strong></span> <span class='ocrx_word' id='word_1_151' title='bbox 1129 1629 1285 1675; x_wconf 92' lang='lat' dir='ltr'><strong>annorum</strong></span> 
     </span>
     <span class='ocr_line' id='line_1_18' title="bbox 9 1687 1286 1772; baseline 0.003 -22"><span class='ocrx_word' id='word_1_152' title='bbox 9 1687 87 1751; x_wconf 85' lang='lat' dir='ltr'><strong>&#39;reum</strong></span> <span class='ocrx_word' id='word_1_153' title='bbox 100 1689 301 1756; x_wconf 87' lang='lat' dir='ltr'><strong>necaverunt.</strong></span> <span class='ocrx_word' id='word_1_154' title='bbox 312 1689 402 1754; x_wconf 84' lang='lat' dir='ltr'><strong>Sacra</strong></span> <span class='ocrx_word' id='word_1_155' title='bbox 412 1691 536 1755; x_wconf 86' lang='lat' dir='ltr'><strong>lliluum</strong></span> <span class='ocrx_word' id='word_1_156' title='bbox 547 1689 622 1754; x_wconf 89' lang='lat' dir='ltr'><strong>Con·</strong></span> <span class='ocrx_word' id='word_1_157' title='bbox 651 1693 819 1768; x_wconf 90' lang='lat' dir='ltr'><strong>curriculis,</strong></span> <span class='ocrx_word' id='word_1_158' title='bbox 837 1691 942 1754; x_wconf 91' lang='lat' dir='ltr'><strong>Clerus</strong></span> <span class='ocrx_word' id='word_1_159' title='bbox 956 1699 986 1754; x_wconf 90' lang='lat' dir='ltr'><strong>et</strong></span> <span class='ocrx_word' id='word_1_160' title='bbox 1001 1691 1128 1769; x_wconf 90' lang='lat' dir='ltr'><strong>populus</strong></span> <span class='ocrx_word' id='word_1_161' title='bbox 1143 1693 1286 1772; x_wconf 79' lang='lat' dir='ltr'><strong>Agrippi-</strong></span> 
     </span>
     <span class='ocr_line' id='line_1_19' title="bbox 8 1769 1287 1851; baseline 0.005 -25"><span class='ocrx_word' id='word_1_162' title='bbox 8 1773 132 1848; x_wconf 72' lang='lat' dir='ltr'><strong>vegatio,</strong></span> <span class='ocrx_word' id='word_1_163' title='bbox 147 1787 228 1833; x_wconf 88' lang='lat' dir='ltr'><strong>anno</strong></span> <span class='ocrx_word' id='word_1_164' title='bbox 246 1769 334 1846; x_wconf 74' lang='grc'><strong>1612,</strong></span> <span class='ocrx_word' id='word_1_165' title='bbox 349 1773 413 1850; x_wconf 90' lang='lat' dir='ltr'><strong>ejus</strong></span> <span class='ocrx_word' id='word_1_166' title='bbox 437 1775 620 1851; x_wconf 85' lang='lat' dir='ltr'><strong>martyrium</strong></span> <span class='ocrx_word' id='word_1_167' title='bbox 652 1787 707 1834; x_wconf 89' lang='lat' dir='ltr'><strong>nae</strong></span> <span class='ocrx_word' id='word_1_168' title='bbox 723 1771 863 1835; x_wconf 81' lang='lat' dir='ltr'><strong>Coloniae</strong></span> <span class='ocrx_word' id='word_1_169' title='bbox 879 1779 996 1850; x_wconf 89' lang='lat' dir='ltr'><strong>pastore</strong></span> <span class='ocrx_word' id='word_1_170' title='bbox 1020 1774 1140 1850; x_wconf 88' lang='lat' dir='ltr'><strong>proprio</strong></span> <span class='ocrx_word' id='word_1_171' title='bbox 1161 1771 1287 1834; x_wconf 91' lang='lat' dir='ltr'><strong>destitu-</strong></span> 
     </span>
     <span class='ocr_line' id='line_1_20' title="bbox 8 1848 1286 1928; baseline 0.006 -24"><span class='ocrx_word' id='word_1_172' title='bbox 8 1853 79 1924; x_wconf 80' lang='lat' dir='ltr'><strong>itque</strong></span> <span class='ocrx_word' id='word_1_173' title='bbox 92 1856 285 1914; x_wconf 89' lang='lat' dir='ltr'><strong>sanctitatem</strong></span> <span class='ocrx_word' id='word_1_174' title='bbox 302 1852 456 1928; x_wconf 87' lang='lat' dir='ltr'><strong>probavit;</strong></span> <span class='ocrx_word' id='word_1_175' title='bbox 482 1851 622 1915; x_wconf 82' lang='lat' dir='ltr'><strong>Urbanus</strong></span> <span class='ocrx_word' id='word_1_176' title='bbox 652 1859 710 1926; x_wconf 83' lang='lat' dir='ltr'><strong>tus,</strong></span> <span class='ocrx_word' id='word_1_177' title='bbox 726 1855 828 1914; x_wconf 91' lang='lat' dir='ltr'><strong>virum</strong></span> <span class='ocrx_word' id='word_1_178' title='bbox 850 1852 971 1914; x_wconf 85' lang='lat' dir='ltr'><strong>Domini</strong></span> <span class='ocrx_word' id='word_1_179' title='bbox 989 1848 1202 1922; x_wconf 78' lang='lat' dir='ltr'><strong>cunibertum,</strong></span> <span class='ocrx_word' id='word_1_180' title='bbox 1224 1852 1286 1928; x_wconf 89' lang='lat' dir='ltr'><strong>jam</strong></span> 
     </span>
     <span class='ocr_line' id='line_1_21' title="bbox 8 1929 1286 2010; baseline 0.008 -27"><span class='ocrx_word' id='word_1_181' title='bbox 8 1941 62 1988; x_wconf 87' lang='lat' dir='ltr'><strong>vero</strong></span> <span class='ocrx_word' id='word_1_182' title='bbox 76 1931 123 2008; x_wconf 87' lang='lat' dir='ltr'><strong>Pp.</strong></span> <span class='ocrx_word' id='word_1_183' title='bbox 139 1931 216 2004; x_wconf 82' lang='lat' dir='ltr'><strong>Vlll,</strong></span> <span class='ocrx_word' id='word_1_184' title='bbox 239 1931 346 1993; x_wconf 87' lang='lat' dir='ltr'><strong>eodem</strong></span> <span class='ocrx_word' id='word_1_185' title='bbox 371 1948 464 2002; x_wconf 89' lang='lat' dir='ltr'><strong>anno,</strong></span> <span class='ocrx_word' id='word_1_186' title='bbox 480 1929 619 1993; x_wconf 88' lang='lat' dir='ltr'><strong>Officium</strong></span> <span class='ocrx_word' id='word_1_187' title='bbox 651 1933 784 2010; x_wconf 90' lang='lat' dir='ltr'><strong>inopere</strong></span> <span class='ocrx_word' id='word_1_188' title='bbox 797 1931 848 1994; x_wconf 87' lang='lat' dir='ltr'><strong>[tei</strong></span> <span class='ocrx_word' id='word_1_189' title='bbox 861 1933 1071 2002; x_wconf 87' lang='lat' dir='ltr'><strong>exercitatum,</strong></span> <span class='ocrx_word' id='word_1_190' title='bbox 1088 1929 1286 2008; x_wconf 77' lang='grc'><strong>1111111111-</strong></span> 
     </span>
     <span class='ocr_line' id='line_1_22' title="bbox 8 2007 1287 2089; baseline 0.006 -26"><span class='ocrx_word' id='word_1_191' title='bbox 8 2011 27 2064; x_wconf 85' lang='lat' dir='ltr'><strong>at</strong></span> <span class='ocrx_word' id='word_1_192' title='bbox 40 2007 149 2072; x_wconf 88' lang='lat' dir='ltr'><strong>llissam</strong></span> <span class='ocrx_word' id='word_1_193' title='bbox 166 2013 196 2072; x_wconf 91' lang='lat' dir='ltr'><strong>in</strong></span> <span class='ocrx_word' id='word_1_194' title='bbox 215 2011 311 2089; x_wconf 91' lang='lat' dir='ltr'><strong>ipsius</strong></span> <span class='ocrx_word' id='word_1_195' title='bbox 328 2011 475 2073; x_wconf 91' lang='lat' dir='ltr'><strong>bonorem</strong></span> <span class='ocrx_word' id='word_1_196' title='bbox 491 2028 505 2074; x_wconf 95' lang='lat' dir='ltr'><strong>a</strong></span> <span class='ocrx_word' id='word_1_197' title='bbox 519 2027 621 2073; x_wconf 89' lang='lat' dir='ltr'><strong>mona·</strong></span> <span class='ocrx_word' id='word_1_198' title='bbox 649 2027 712 2072; x_wconf 89' lang='lat' dir='ltr'><strong>esse</strong></span> <span class='ocrx_word' id='word_1_199' title='bbox 727 2010 862 2084; x_wconf 88' lang='lat' dir='ltr'><strong>deberet,</strong></span> <span class='ocrx_word' id='word_1_200' title='bbox 877 2026 944 2073; x_wconf 88' lang='lat' dir='ltr'><strong>curn</strong></span> <span class='ocrx_word' id='word_1_201' title='bbox 967 2010 1103 2078; x_wconf 91' lang='lat' dir='ltr'><strong>vocibus,</strong></span> <span class='ocrx_word' id='word_1_202' title='bbox 1135 2016 1199 2070; x_wconf 91' lang='lat' dir='ltr'><strong>tum</strong></span> <span class='ocrx_word' id='word_1_203' title='bbox 1217 2025 1287 2088; x_wconf 89' lang='lat' dir='ltr'><strong>pre·</strong></span> 
     </span>
     <span class='ocr_line' id='line_1_23' title="bbox 8 2085 1287 2173; baseline 0.007 -31"><span class='ocrx_word' id='word_1_204' title='bbox 8 2085 621 2173; x_wconf 73' lang='lat' dir='ltr'><strong>:laisliasilianisatqueabuniversoclero</strong></span> <span class='ocrx_word' id='word_1_205' title='bbox 649 2091 734 2153; x_wconf 88' lang='lat' dir='ltr'><strong>cibus</strong></span> <span class='ocrx_word' id='word_1_206' title='bbox 763 2090 948 2168; x_wconf 88' lang='lat' dir='ltr'><strong>imploravit.</strong></span> <span class='ocrx_word' id='word_1_207' title='bbox 974 2089 1036 2151; x_wconf 90' lang='lat' dir='ltr'><strong>Nec</strong></span> <span class='ocrx_word' id='word_1_208' title='bbox 1061 2089 1193 2150; x_wconf 91' lang='lat' dir='ltr'><strong>dillicilis</strong></span> <span class='ocrx_word' id='word_1_209' title='bbox 1221 2097 1287 2151; x_wconf 89' lang='lat' dir='ltr'><strong>erat</strong></span> 
     </span>
     <span class='ocr_line' id='line_1_24' title="bbox 8 2163 1287 2248; baseline 0.007 -28"><span class='ocrx_word' id='word_1_210' title='bbox 8 2163 133 2230; x_wconf 83' lang='lat' dir='ltr'><strong>llroecesis</strong></span> <span class='ocrx_word' id='word_1_211' title='bbox 146 2169 320 2232; x_wconf 85' lang='lat' dir='ltr'><strong>Poloceoeis</strong></span> <span class='ocrx_word' id='word_1_212' title='bbox 337 2172 455 2232; x_wconf 88' lang='lat' dir='ltr'><strong>recitari</strong></span> <span class='ocrx_word' id='word_1_213' title='bbox 469 2173 618 2248; x_wconf 84' lang='lat' dir='ltr'><strong>permisit.</strong></span> <span class='ocrx_word' id='word_1_214' title='bbox 650 2173 704 2232; x_wconf 92' lang='lat' dir='ltr'><strong>ista</strong></span> <span class='ocrx_word' id='word_1_215' title='bbox 722 2173 878 2247; x_wconf 81' lang='lat' dir='ltr'><strong>congestio</strong></span> <span class='ocrx_word' id='word_1_216' title='bbox 900 2169 1062 2246; x_wconf 72' lang='lat' dir='ltr'><strong>decoqui</strong></span> <span class='ocrx_word' id='word_1_217' title='bbox 1080 2168 1287 2246; x_wconf 88' lang='lat' dir='ltr'><strong>praesagieba-</strong></span> 
     </span>
     <span class='ocr_line' id='line_1_25' title="bbox 8 2243 1286 2330; baseline -0.003 -18"><span class='ocrx_word' id='word_1_218' title='bbox 8 2243 276 2328; x_wconf 76' lang='lat' dir='ltr'><strong>turnotrbacler).</strong></span> <span class='ocrx_word' id='word_1_219' title='bbox 652 2258 714 2322; x_wconf 90' lang='lat' dir='ltr'><strong>tur,</strong></span> <span class='ocrx_word' id='word_1_220' title='bbox 738 2265 830 2330; x_wconf 87' lang='lat' dir='ltr'><strong>quem</strong></span> <span class='ocrx_word' id='word_1_221' title='bbox 846 2258 877 2312; x_wconf 91' lang='lat' dir='ltr'><strong>et</strong></span> <span class='ocrx_word' id='word_1_222' title='bbox 893 2265 943 2311; x_wconf 89' lang='lat' dir='ltr'><strong>rex</strong></span> <span class='ocrx_word' id='word_1_223' title='bbox 968 2248 1043 2310; x_wconf 90' lang='lat' dir='ltr'><strong>olim</strong></span> <span class='ocrx_word' id='word_1_224' title='bbox 1069 2249 1156 2309; x_wconf 86' lang='lat' dir='ltr'><strong>anxia</strong></span> <span class='ocrx_word' id='word_1_225' title='bbox 1182 2265 1286 2327; x_wconf 89' lang='lat' dir='ltr'><strong>exspe-</strong></span> 
     </span>
     <span class='ocr_line' id='line_1_26' title="bbox 650 2327 1286 2408; baseline 0.002 -18"><span class='ocrx_word' id='word_1_226' title='bbox 650 2333 781 2391; x_wconf 90' lang='lat' dir='ltr'><strong>ctatione</strong></span> <span class='ocrx_word' id='word_1_227' title='bbox 808 2331 991 2408; x_wconf 79' lang='lat' dir='ltr'><strong>promovere</strong></span> <span class='ocrx_word' id='word_1_228' title='bbox 1005 2327 1181 2406; x_wconf 82' lang='lat' dir='ltr'><strong>quaerebat,</strong></span> <span class='ocrx_word' id='word_1_229' title='bbox 1203 2338 1234 2391; x_wconf 91' lang='lat' dir='ltr'><strong>et</strong></span> <span class='ocrx_word' id='word_1_230' title='bbox 1255 2347 1286 2391; x_wconf 92' lang='lat' dir='ltr'><strong>o·</strong></span> 
     </span>
     <span class='ocr_line' id='line_1_27' title="bbox 122 2407 1286 2486; baseline -0.002 -14"><span class='ocrx_word' id='word_1_231' title='bbox 122 2410 151 2472; x_wconf 88' lang='lat' dir='ltr'><strong>S.</strong></span> <span class='ocrx_word' id='word_1_232' title='bbox 165 2409 293 2474; x_wconf 81' lang='lat' dir='ltr'>RUFUS</span> <span class='ocrx_word' id='word_1_233' title='bbox 312 2410 481 2472; x_wconf 85' lang='lat' dir='ltr'><strong>Errscorus.</strong></span> <span class='ocrx_word' id='word_1_234' title='bbox 652 2411 732 2472; x_wconf 90' lang='lat' dir='ltr'><strong>mnis</strong></span> <span class='ocrx_word' id='word_1_235' title='bbox 743 2407 1286 2486; x_wconf 82' lang='lat' dir='ltr'><strong>tripartitaaCalliaepapulusdignis·</strong></span> 
     </span>
     <span class='ocr_line' id='line_1_28' title="bbox 163 2487 1286 2581; baseline -0.002 -29"><span class='ocrx_word' id='word_1_236' title='bbox 163 2517 292 2581; x_wconf 60' lang='lat' dir='ltr'><strong>gaecupo</strong></span> <span class='ocrx_word' id='word_1_237' title='bbox 310 2517 425 2580; x_wconf 56' lang='lat' dir='ltr'><em>incerto</em></span> <span class='ocrx_word' id='word_1_238' title='bbox 650 2493 756 2564; x_wconf 86' lang='lat' dir='ltr'><strong>simus,</strong></span> <span class='ocrx_word' id='word_1_239' title='bbox 771 2496 801 2551; x_wconf 92' lang='lat' dir='ltr'><strong>et</strong></span> <span class='ocrx_word' id='word_1_240' title='bbox 817 2505 888 2551; x_wconf 87' lang='lat' dir='ltr'><strong>vere</strong></span> <span class='ocrx_word' id='word_1_241' title='bbox 905 2488 982 2566; x_wconf 91' lang='lat' dir='ltr'><strong>plebi</strong></span> <span class='ocrx_word' id='word_1_242' title='bbox 1005 2487 1058 2550; x_wconf 83' lang='lat' dir='ltr'><strong>liei</strong></span> <span class='ocrx_word' id='word_1_243' title='bbox 1085 2491 1286 2550; x_wconf 89' lang='lat' dir='ltr'><strong>necessarium</strong></span> 
     </span>
     <span class='ocr_line' id='line_1_29' title="bbox 429 2565 1287 2650; baseline -0.003 -19"><span class='ocrx_word' id='word_1_244' title='bbox 429 2565 435 2580; x_wconf 90' lang='lat'>&#39;</span> <span class='ocrx_word' id='word_1_245' title='bbox 652 2569 854 2650; x_wconf 88' lang='lat' dir='ltr'><strong>praedicabat.</strong></span> <span class='ocrx_word' id='word_1_246' title='bbox 884 2569 951 2630; x_wconf 90' lang='lat' dir='ltr'><strong>Sola</strong></span> <span class='ocrx_word' id='word_1_247' title='bbox 981 2567 1013 2628; x_wconf 90' lang='lat' dir='ltr'><strong>io</strong></span> <span class='ocrx_word' id='word_1_248' title='bbox 1038 2583 1075 2629; x_wconf 94' lang='lat' dir='ltr'><strong>eo</strong></span> <span class='ocrx_word' id='word_1_249' title='bbox 1104 2571 1287 2645; x_wconf 81' lang='lat' dir='ltr'><strong>repugnavit</strong></span> 
     </span>
     <span class='ocr_line' id='line_1_30' title="bbox 37 2643 1287 2726; baseline 0.004 -23"><span class='ocrx_word' id='word_1_250' title='bbox 37 2643 621 2723; x_wconf 78' lang='grc'><strong>111111111.-11111111111111111111,</strong></span> <span class='ocrx_word' id='word_1_251' title='bbox 653 2648 821 2725; x_wconf 89' lang='lat' dir='ltr'><strong>bumilitas,</strong></span> <span class='ocrx_word' id='word_1_252' title='bbox 846 2649 935 2726; x_wconf 90' lang='lat' dir='ltr'><strong>cnjus</strong></span> <span class='ocrx_word' id='word_1_253' title='bbox 952 2655 1052 2709; x_wconf 92' lang='lat' dir='ltr'><strong>tamen</strong></span> <span class='ocrx_word' id='word_1_254' title='bbox 1068 2645 1103 2708; x_wconf 87' lang='lat' dir='ltr'><strong>od</strong></span> <span class='ocrx_word' id='word_1_255' title='bbox 1131 2649 1188 2709; x_wconf 89' lang='lat' dir='ltr'><strong>boc</strong></span> <span class='ocrx_word' id='word_1_256' title='bbox 1212 2662 1287 2723; x_wconf 90' lang='lat' dir='ltr'><strong>opos</strong></span> 
     </span>
     <span class='ocr_line' id='line_1_31' title="bbox 9 2725 1288 2810; baseline -0.006 -14"><span class='ocrx_word' id='word_1_257' title='bbox 9 2725 81 2796; x_wconf 82' lang='lat' dir='ltr'><strong>prim</strong></span> <span class='ocrx_word' id='word_1_258' title='bbox 96 2730 225 2806; x_wconf 76' lang='lat' dir='ltr'><strong>ejusdem</strong></span> <span class='ocrx_word' id='word_1_259' title='bbox 242 2731 327 2792; x_wconf 86' lang='lat' dir='ltr'><strong>urbis</strong></span> <span class='ocrx_word' id='word_1_260' title='bbox 348 2731 495 2809; x_wconf 84' lang='lat' dir='ltr'><strong>Episcopi.</strong></span> <span class='ocrx_word' id='word_1_261' title='bbox 654 2729 874 2810; x_wconf 88' lang='lat' dir='ltr'><strong>praedestinata</strong></span> <span class='ocrx_word' id='word_1_262' title='bbox 896 2725 985 2789; x_wconf 91' lang='lat' dir='ltr'><strong>simul</strong></span> <span class='ocrx_word' id='word_1_263' title='bbox 1001 2733 1031 2788; x_wconf 92' lang='lat' dir='ltr'><strong>et</strong></span> <span class='ocrx_word' id='word_1_264' title='bbox 1045 2726 1206 2804; x_wconf 90' lang='lat' dir='ltr'><strong>approbata</strong></span> <span class='ocrx_word' id='word_1_265' title='bbox 1229 2728 1288 2788; x_wconf 89' lang='lat' dir='ltr'><strong>luit</strong></span> 
     </span>
     <span class='ocr_line' id='line_1_32' title="bbox 25 2801 1287 2890; baseline 0.005 -28"><span class='ocrx_word' id='word_1_266' title='bbox 25 2801 186 2890; x_wconf 80' lang='lat' dir='ltr'><strong>¹lleeodem</strong></span> <span class='ocrx_word' id='word_1_267' title='bbox 212 2817 315 2873; x_wconf 87' lang='lat' dir='ltr'><strong>vetera</strong></span> <span class='ocrx_word' id='word_1_268' title='bbox 339 2813 541 2888; x_wconf 84' lang='lat' dir='ltr'><strong>manuscripta</strong></span> <span class='ocrx_word' id='word_1_269' title='bbox 569 2809 625 2872; x_wconf 89' lang='lat' dir='ltr'><strong>bac</strong></span> <span class='ocrx_word' id='word_1_270' title='bbox 652 2809 815 2870; x_wconf 84' lang='lat' dir='ltr'><strong>abomino</strong></span> <span class='ocrx_word' id='word_1_271' title='bbox 836 2809 987 2869; x_wconf 89' lang='lat' dir='ltr'><strong>sanctitas.</strong></span> <span class='ocrx_word' id='word_1_272' title='bbox 1011 2805 1157 2879; x_wconf 80' lang='lat' dir='ltr'><strong>Tandem,</strong></span> <span class='ocrx_word' id='word_1_273' title='bbox 1172 2823 1287 2868; x_wconf 89' lang='lat' dir='ltr'><strong>convo-</strong></span> 
     </span>
     <span class='ocr_line' id='line_1_33' title="bbox 10 2879 1285 2965; baseline -0.003 -13"><span class='ocrx_word' id='word_1_274' title='bbox 10 2879 225 2965; x_wconf 72' lang='lat' dir='ltr'><strong>tlteexqutbos</strong></span> <span class='ocrx_word' id='word_1_275' title='bbox 240 2892 333 2952; x_wconf 84' lang='lat' dir='ltr'><strong>etiarn</strong></span> <span class='ocrx_word' id='word_1_276' title='bbox 356 2892 551 2953; x_wconf 86' lang='lat' dir='ltr'><strong>recentiores.</strong></span> <span class='ocrx_word' id='word_1_277' title='bbox 570 2888 622 2963; x_wconf 85' lang='lat' dir='ltr'><strong>lta,</strong></span> <span class='ocrx_word' id='word_1_278' title='bbox 654 2888 809 2950; x_wconf 86' lang='lat' dir='ltr'><strong>olentibus</strong></span> <span class='ocrx_word' id='word_1_279' title='bbox 831 2893 861 2948; x_wconf 88' lang='lat' dir='ltr'><strong>io</strong></span> <span class='ocrx_word' id='word_1_280' title='bbox 888 2901 982 2948; x_wconf 91' lang='lat' dir='ltr'><strong>unum</strong></span> <span class='ocrx_word' id='word_1_281' title='bbox 1006 2885 1102 2964; x_wconf 90' lang='lat' dir='ltr'><strong>plebis</strong></span> <span class='ocrx_word' id='word_1_282' title='bbox 1125 2885 1285 2948; x_wconf 78' lang='lat' dir='ltr'><strong>destitutae</strong></span> 
     </span>
     <span class='ocr_line' id='line_1_34' title="bbox 10 2963 1288 3046; baseline 0.003 -22"><span class='ocrx_word' id='word_1_283' title='bbox 10 2963 68 3036; x_wconf 79' lang='lat' dir='ltr'><strong>tuin</strong></span> <span class='ocrx_word' id='word_1_284' title='bbox 81 2966 157 3030; x_wconf 89' lang='lat' dir='ltr'><strong>alind</strong></span> <span class='ocrx_word' id='word_1_285' title='bbox 172 2970 274 3046; x_wconf 83' lang='lat' dir='ltr'><strong>addat,</strong></span> <span class='ocrx_word' id='word_1_286' title='bbox 291 2969 448 3032; x_wconf 82' lang='lat' dir='ltr'><strong>baronius.</strong></span> <span class='ocrx_word' id='word_1_287' title='bbox 517 2995 522 3006; x_wconf 93' lang='lat'><em>·</em></span> <span class='ocrx_word' id='word_1_288' title='bbox 654 2967 828 3045; x_wconf 84' lang='lat' dir='ltr'><strong>majmibus,</strong></span> <span class='ocrx_word' id='word_1_289' title='bbox 845 2969 1038 3044; x_wconf 82' lang='lat' dir='ltr'><strong>maximoque</strong></span> <span class='ocrx_word' id='word_1_290' title='bbox 1052 2965 1243 3028; x_wconf 82' lang='lat' dir='ltr'><strong>sacerdotum</strong></span> <span class='ocrx_word' id='word_1_291' title='bbox 1256 2973 1288 3028; x_wconf 90' lang='lat' dir='ltr'><strong>et</strong></span> 
     </span>
     <span class='ocr_line' id='line_1_35' title="bbox 652 3047 1286 3124; baseline -0.003 -14"><span class='ocrx_word' id='word_1_292' title='bbox 652 3049 780 3111; x_wconf 91' lang='lat' dir='ltr'><strong>aliorum</strong></span> <span class='ocrx_word' id='word_1_293' title='bbox 806 3047 977 3124; x_wconf 89' lang='lat' dir='ltr'><strong>principum</strong></span> <span class='ocrx_word' id='word_1_294' title='bbox 993 3054 1092 3120; x_wconf 87' lang='lat' dir='ltr'><strong>coetu,</strong></span> <span class='ocrx_word' id='word_1_295' title='bbox 1121 3047 1157 3108; x_wconf 91' lang='lat' dir='ltr'><strong>ad</strong></span> <span class='ocrx_word' id='word_1_296' title='bbox 1179 3061 1286 3108; x_wconf 92' lang='lat' dir='ltr'><strong>eorum</strong></span> 
     </span>
     <span class='ocr_line' id='line_1_36' title="bbox 74 3123 1286 3218; baseline 0.002 -34"><span class='ocrx_word' id='word_1_297' title='bbox 74 3123 543 3193; x_wconf 80' lang='lat' dir='ltr'><strong>SCUNlBEllTUSEersconus.</strong></span> <span class='ocrx_word' id='word_1_298' title='bbox 653 3129 804 3192; x_wconf 90' lang='lat' dir='ltr'><strong>auxilium</strong></span> <span class='ocrx_word' id='word_1_299' title='bbox 829 3129 941 3188; x_wconf 89' lang='lat' dir='ltr'><strong>animis</strong></span> <span class='ocrx_word' id='word_1_300' title='bbox 965 3126 1132 3216; x_wconf 82' lang='lat' dir='ltr'><strong>opibusque</strong></span> <span class='ocrx_word' id='word_1_301' title='bbox 1158 3133 1286 3218; x_wconf 74' lang='lat' dir='ltr'><strong>parato,</strong></span> 
     </span>
     <span class='ocr_line' id='line_1_37' title="bbox 129 3205 1286 3316; baseline -0.003 -45"><span class='ocrx_word' id='word_1_302' title='bbox 129 3235 256 3298; x_wconf 62' lang='lat' dir='ltr'><strong><em>Saeculo</em></strong></span> <span class='ocrx_word' id='word_1_303' title='bbox 288 3233 346 3298; x_wconf 73' lang='lat' dir='ltr'><strong>pfl</strong></span> <span class='ocrx_word' id='word_1_304' title='bbox 367 3233 484 3312; x_wconf 42' lang='lat' dir='ltr'><em>floruit·</em></span> <span class='ocrx_word' id='word_1_305' title='bbox 654 3209 854 3271; x_wconf 85' lang='lat' dir='ltr'><strong>lortissimuna</strong></span> <span class='ocrx_word' id='word_1_306' title='bbox 870 3209 927 3268; x_wconf 85' lang='lat' dir='ltr'><strong>viri</strong></span> <span class='ocrx_word' id='word_1_307' title='bbox 945 3205 995 3296; x_wconf 80' lang='lat' dir='ltr'><strong>[let</strong></span> <span class='ocrx_word' id='word_1_308' title='bbox 1012 3213 1126 3316; x_wconf 60' lang='lat' dir='ltr'><strong>pectus,</strong></span> <span class='ocrx_word' id='word_1_309' title='bbox 1149 3207 1286 3298; x_wconf 73' lang='lat' dir='ltr'><strong>cbnrrtatr</strong></span> 
     </span>
     <span class='ocr_line' id='line_1_38' title="bbox 203 3283 1286 3364; baseline -0.007 -10"><span class='ocrx_word' id='word_1_310' title='bbox 203 3321 205 3326; x_wconf 31' lang='grc' dir='ltr'><em>ν</em></span> <span class='ocrx_word' id='word_1_311' title='bbox 655 3283 1286 3364; x_wconf 87' lang='lat' dir='ltr'><strong>tantumcederesclrtnm,aproposrtrsm</strong></span> 
     </span>
     <span class='ocr_line' id='line_1_39' title="bbox 40 3356 1286 3444; baseline 0.006 -26"><span class='ocrx_word' id='word_1_312' title='bbox 40 3356 206 3428; x_wconf 81' lang='lat' dir='ltr'><strong>baarvnoc.</strong></span> <span class='ocrx_word' id='word_1_313' title='bbox 236 3366 443 3429; x_wconf 88' lang='lat' dir='ltr'><strong>-Coloniae</strong></span> <span class='ocrx_word' id='word_1_314' title='bbox 478 3364 624 3444; x_wconf 89' lang='lat' dir='ltr'><strong>depositio</strong></span> <span class='ocrx_word' id='word_1_315' title='bbox 653 3369 764 3430; x_wconf 89' lang='lat' dir='ltr'><strong>duritia</strong></span> <span class='ocrx_word' id='word_1_316' title='bbox 792 3366 961 3430; x_wconf 89' lang='lat' dir='ltr'><strong>emollitum</strong></span> <span class='ocrx_word' id='word_1_317' title='bbox 991 3370 1046 3425; x_wconf 90' lang='lat' dir='ltr'><strong>est.</strong></span> <span class='ocrx_word' id='word_1_318' title='bbox 1072 3363 1286 3442; x_wconf 73' lang='lat' dir='ltr'><strong>Siccaenum</strong></span> 
     </span>
     <span class='ocr_line' id='line_1_40' title="bbox 12 3441 1288 3526; baseline 0.009 -32"><span class='ocrx_word' id='word_1_319' title='bbox 12 3441 89 3499; x_wconf 85' lang='lat' dir='ltr'><strong>sancti</strong></span> <span class='ocrx_word' id='word_1_320' title='bbox 102 3441 268 3510; x_wconf 76' lang='lat' dir='ltr'><strong>Compsam</strong></span> <span class='ocrx_word' id='word_1_321' title='bbox 284 3447 432 3526; x_wconf 82' lang='lat' dir='ltr'><strong>Episcopi.</strong></span> <span class='ocrx_word' id='word_1_322' title='bbox 655 3448 719 3520; x_wconf 84' lang='lat' dir='ltr'><strong>liei,</strong></span> <span class='ocrx_word' id='word_1_323' title='bbox 734 3445 881 3511; x_wconf 86' lang='lat' dir='ltr'><strong>Remedio</strong></span> <span class='ocrx_word' id='word_1_324' title='bbox 895 3446 1040 3524; x_wconf 83' lang='lat' dir='ltr'><strong>Episcopo</strong></span> <span class='ocrx_word' id='word_1_325' title='bbox 1060 3442 1200 3505; x_wconf 85' lang='lat' dir='ltr'><strong>Coloniae</strong></span> <span class='ocrx_word' id='word_1_326' title='bbox 1221 3460 1288 3505; x_wconf 88' lang='lat' dir='ltr'><strong>suc·</strong></span> 
     </span>
     <span class='ocr_line' id='line_1_41' title="bbox 43 3513 1290 3605; baseline 0.002 -23"><span class='ocrx_word' id='word_1_327' title='bbox 43 3513 130 3584; x_wconf 83' lang='lat' dir='ltr'><strong>Nobili</strong></span> <span class='ocrx_word' id='word_1_328' title='bbox 155 3541 269 3604; x_wconf 89' lang='lat' dir='ltr'><strong>genere</strong></span> <span class='ocrx_word' id='word_1_329' title='bbox 297 3534 397 3599; x_wconf 90' lang='lat' dir='ltr'><strong>natus,</strong></span> <span class='ocrx_word' id='word_1_330' title='bbox 412 3545 427 3590; x_wconf 91' lang='lat' dir='ltr'><strong>a</strong></span> <span class='ocrx_word' id='word_1_331' title='bbox 444 3532 528 3605; x_wconf 94' lang='lat' dir='ltr'><strong>patre</strong></span> <span class='ocrx_word' id='word_1_332' title='bbox 548 3525 624 3604; x_wconf 85' lang='lat' dir='ltr'><strong>ejus,</strong></span> <span class='ocrx_word' id='word_1_333' title='bbox 653 3524 886 3596; x_wconf 87' lang='lat' dir='ltr'><strong>cessorelectus,</strong></span> <span class='ocrx_word' id='word_1_334' title='bbox 901 3524 1030 3602; x_wconf 89' lang='lat' dir='ltr'><strong>septimo</strong></span> <span class='ocrx_word' id='word_1_335' title='bbox 1046 3522 1190 3584; x_wconf 89' lang='lat' dir='ltr'><strong>Calendas</strong></span> <span class='ocrx_word' id='word_1_336' title='bbox 1203 3521 1290 3585; x_wconf 89' lang='lat' dir='ltr'><strong>Octo·</strong></span> 
     </span>
     <span class='ocr_line' id='line_1_42' title="bbox 12 3587 1289 3686; baseline 0.011 -36"><span class='ocrx_word' id='word_1_337' title='bbox 12 3587 91 3686; x_wconf 22' lang='lat' dir='ltr'><strong>Cralllo</strong></span> <span class='ocrx_word' id='word_1_338' title='bbox 117 3608 251 3680; x_wconf 88' lang='lat' dir='ltr'><strong>nomine,</strong></span> <span class='ocrx_word' id='word_1_339' title='bbox 273 3608 448 3686; x_wconf 91' lang='lat' dir='ltr'><strong>provinciae</strong></span> <span class='ocrx_word' id='word_1_340' title='bbox 464 3603 623 3668; x_wconf 88' lang='lat' dir='ltr'><strong>llosellen-</strong></span> <span class='ocrx_word' id='word_1_341' title='bbox 654 3607 715 3668; x_wconf 90' lang='lat' dir='ltr'><strong>bris</strong></span> <span class='ocrx_word' id='word_1_342' title='bbox 729 3605 858 3683; x_wconf 90' lang='lat' dir='ltr'><strong>gradum</strong></span> <span class='ocrx_word' id='word_1_343' title='bbox 875 3603 1053 3682; x_wconf 87' lang='lat' dir='ltr'><strong>Episcnpnlis</strong></span> <span class='ocrx_word' id='word_1_344' title='bbox 1068 3603 1289 3665; x_wconf 88' lang='lat' dir='ltr'><strong>benedictionis</strong></span> 
     </span>
     <span class='ocr_line' id='line_1_43' title="bbox 14 3679 1289 3764; baseline 0.013 -36"><span class='ocrx_word' id='word_1_345' title='bbox 14 3685 45 3730; x_wconf 85' lang='lat' dir='ltr'><strong>srs</strong></span> <span class='ocrx_word' id='word_1_346' title='bbox 63 3679 206 3758; x_wconf 82' lang='lat' dir='ltr'><strong>indigena,</strong></span> <span class='ocrx_word' id='word_1_347' title='bbox 222 3687 390 3764; x_wconf 86' lang='lat' dir='ltr'><strong>Dagoberto</strong></span> <span class='ocrx_word' id='word_1_348' title='bbox 405 3699 518 3763; x_wconf 89' lang='lat' dir='ltr'><strong>magno</strong></span> <span class='ocrx_word' id='word_1_349' title='bbox 532 3685 623 3746; x_wconf 84' lang='lat' dir='ltr'><strong>Fran·</strong></span> <span class='ocrx_word' id='word_1_350' title='bbox 653 3685 798 3748; x_wconf 86' lang='lat' dir='ltr'><strong>ascendit.</strong></span> <span class='ocrx_word' id='word_1_351' title='bbox 821 3685 938 3745; x_wconf 87' lang='lat' dir='ltr'><strong>Deinde</strong></span> <span class='ocrx_word' id='word_1_352' title='bbox 961 3683 1022 3761; x_wconf 89' lang='lat' dir='ltr'><strong>jam</strong></span> <span class='ocrx_word' id='word_1_353' title='bbox 1047 3699 1079 3743; x_wconf 90' lang='lat' dir='ltr'><strong>se</strong></span> <span class='ocrx_word' id='word_1_354' title='bbox 1105 3683 1289 3746; x_wconf 75' lang='lat' dir='ltr'><strong>talem-tao·</strong></span> 
     </span>
     <span class='ocr_line' id='line_1_44' title="bbox 14 3762 1287 3843; baseline 0.014 -37"><span class='ocrx_word' id='word_1_355' title='bbox 14 3763 100 3818; x_wconf 89' lang='lat' dir='ltr'><strong>corum</strong></span> <span class='ocrx_word' id='word_1_356' title='bbox 115 3767 189 3841; x_wconf 90' lang='lat' dir='ltr'><strong>regi,</strong></span> <span class='ocrx_word' id='word_1_357' title='bbox 206 3766 387 3828; x_wconf 90' lang='lat' dir='ltr'><strong>nutriendus</strong></span> <span class='ocrx_word' id='word_1_358' title='bbox 409 3765 546 3828; x_wconf 91' lang='lat' dir='ltr'><strong>simulet</strong></span> <span class='ocrx_word' id='word_1_359' title='bbox 560 3779 626 3842; x_wconf 91' lang='lat' dir='ltr'><strong>pro·</strong></span> <span class='ocrx_word' id='word_1_360' title='bbox 655 3773 779 3843; x_wconf 80' lang='lat' dir='ltr'><strong>tumque</strong></span> <span class='ocrx_word' id='word_1_361' title='bbox 804 3765 923 3826; x_wconf 91' lang='lat' dir='ltr'><strong>cunctis</strong></span> <span class='ocrx_word' id='word_1_362' title='bbox 948 3762 1107 3834; x_wconf 82' lang='lat' dir='ltr'><strong>exhibuit,</strong></span> <span class='ocrx_word' id='word_1_363' title='bbox 1131 3772 1165 3823; x_wconf 94' lang='lat' dir='ltr'><strong>ut</strong></span> <span class='ocrx_word' id='word_1_364' title='bbox 1187 3769 1287 3824; x_wconf 87' lang='lat' dir='ltr'><strong>nostra</strong></span> 
     </span>
     <span class='ocr_line' id='line_1_45' title="bbox 15 3829 1289 3924; baseline 0.004 -27"><span class='ocrx_word' id='word_1_365' title='bbox 15 3829 153 3924; x_wconf 55' lang='lat' dir='ltr'><strong>{theudas</strong></span> <span class='ocrx_word' id='word_1_366' title='bbox 181 3845 320 3906; x_wconf 87' lang='lat' dir='ltr'><strong>traditur.</strong></span> <span class='ocrx_word' id='word_1_367' title='bbox 347 3845 418 3907; x_wconf 89' lang='lat' dir='ltr'><strong>Erat</strong></span> <span class='ocrx_word' id='word_1_368' title='bbox 431 3853 534 3908; x_wconf 91' lang='lat' dir='ltr'><strong>autem</strong></span> <span class='ocrx_word' id='word_1_369' title='bbox 551 3859 625 3922; x_wconf 90' lang='lat' dir='ltr'><strong>puer</strong></span> <span class='ocrx_word' id='word_1_370' title='bbox 655 3849 709 3908; x_wconf 89' lang='lat' dir='ltr'><strong>boc</strong></span> <span class='ocrx_word' id='word_1_371' title='bbox 733 3842 856 3907; x_wconf 86' lang='lat' dir='ltr'><strong>lacnltas</strong></span> <span class='ocrx_word' id='word_1_372' title='bbox 883 3858 1075 3922; x_wconf 79' lang='lat' dir='ltr'><strong>nequaqnam</strong></span> <span class='ocrx_word' id='word_1_373' title='bbox 1098 3843 1189 3920; x_wconf 86' lang='lat' dir='ltr'><strong>possit</strong></span> <span class='ocrx_word' id='word_1_374' title='bbox 1209 3841 1289 3902; x_wconf 89' lang='lat' dir='ltr'><strong>evol-</strong></span> 
     </span>
     <span class='ocr_line' id='line_1_46' title="bbox 16 3905 1288 4004; baseline 0.007 -33"><span class='ocrx_word' id='word_1_375' title='bbox 16 3905 175 3982; x_wconf 85' lang='lat' dir='ltr'><strong>lumbertus</strong></span> <span class='ocrx_word' id='word_1_376' title='bbox 199 3925 363 4002; x_wconf 89' lang='lat' dir='ltr'><strong>modestia,</strong></span> <span class='ocrx_word' id='word_1_377' title='bbox 388 3926 535 3995; x_wconf 85' lang='lat' dir='ltr'><strong>castitate,</strong></span> <span class='ocrx_word' id='word_1_378' title='bbox 563 3925 625 4004; x_wconf 90' lang='lat' dir='ltr'><strong>pie·</strong></span> <span class='ocrx_word' id='word_1_379' title='bbox 654 3941 739 4000; x_wconf 89' lang='lat' dir='ltr'><strong>vere,</strong></span> <span class='ocrx_word' id='word_1_380' title='bbox 753 3941 791 3986; x_wconf 87' lang='lat' dir='ltr'><strong>rte</strong></span> <span class='ocrx_word' id='word_1_381' title='bbox 805 3923 967 3986; x_wconf 91' lang='lat' dir='ltr'><strong>videamur</strong></span> <span class='ocrx_word' id='word_1_382' title='bbox 982 3923 1112 3986; x_wconf 90' lang='lat' dir='ltr'><strong>maxima</strong></span> <span class='ocrx_word' id='word_1_383' title='bbox 1129 3921 1232 3983; x_wconf 90' lang='lat' dir='ltr'><strong>verbis</strong></span> <span class='ocrx_word' id='word_1_384' title='bbox 1244 3921 1288 3980; x_wconf 93' lang='lat' dir='ltr'><strong>vi-</strong></span> 
     </span>
     <span class='ocr_line' id='line_1_47' title="bbox 17 3989 1290 4082; baseline 0 -20"><span class='ocrx_word' id='word_1_385' title='bbox 17 3989 75 4062; x_wconf 73' lang='lat' dir='ltr'><strong>tare,</strong></span> <span class='ocrx_word' id='word_1_386' title='bbox 97 4003 231 4063; x_wconf 91' lang='lat' dir='ltr'><strong>etanimi</strong></span> <span class='ocrx_word' id='word_1_387' title='bbox 260 4005 452 4082; x_wconf 90' lang='lat' dir='ltr'><strong>simplicitate</strong></span> <span class='ocrx_word' id='word_1_388' title='bbox 478 4005 622 4082; x_wconf 90' lang='lat' dir='ltr'><strong>insignis.</strong></span> <span class='ocrx_word' id='word_1_389' title='bbox 655 4003 779 4068; x_wconf 88' lang='lat' dir='ltr'><strong>liovibus</strong></span> <span class='ocrx_word' id='word_1_390' title='bbox 807 4011 1025 4065; x_wconf 77' lang='lat' dir='ltr'><strong>extenuare...</strong></span> <span class='ocrx_word' id='word_1_391' title='bbox 1055 4000 1218 4078; x_wconf 91' lang='lat' dir='ltr'><strong>Completis</strong></span> <span class='ocrx_word' id='word_1_392' title='bbox 1240 4001 1290 4062; x_wconf 92' lang='lat' dir='ltr'><strong>de·</strong></span> 
     </span>
    </p>
   </div>
   <div class='ocr_carea' id='block_1_3' title="bbox 20 4063 1292 4479">
    <p class='ocr_par' dir='ltr' id='par_1_3' title="bbox 20 4063 1292 4479">
     <span class='ocr_line' id='line_1_48' title="bbox 21 4063 1289 4162; baseline -0.001 -17"><span class='ocrx_word' id='word_1_393' title='bbox 21 4063 128 4154; x_wconf 58' lang='lat' dir='ltr'><strong>Ellsssin</strong></span> <span class='ocrx_word' id='word_1_394' title='bbox 141 4095 275 4158; x_wconf 90' lang='lat' dir='ltr'><strong>processu</strong></span> <span class='ocrx_word' id='word_1_395' title='bbox 288 4085 443 4162; x_wconf 91' lang='lat' dir='ltr'><strong>temporis,</strong></span> <span class='ocrx_word' id='word_1_396' title='bbox 451 4083 557 4146; x_wconf 85' lang='lat' dir='ltr'><strong>beatus</strong></span> <span class='ocrx_word' id='word_1_397' title='bbox 567 4081 625 4144; x_wconf 91' lang='lat' dir='ltr'><strong>Cu·</strong></span> <span class='ocrx_word' id='word_1_398' title='bbox 655 4082 1082 4160; x_wconf 81' lang='lat' dir='ltr'><strong>mnmleliciterquadraginta</strong></span> <span class='ocrx_word' id='word_1_399' title='bbox 1094 4081 1289 4144; x_wconf 83' lang='lat' dir='ltr'><strong>villicationis</strong></span> 
     </span>
     <span class='ocr_line' id='line_1_49' title="bbox 20 4147 1290 4240; baseline 0.013 -32"><span class='ocrx_word' id='word_1_400' title='bbox 20 4147 137 4218; x_wconf 80' lang='lat' dir='ltr'><strong>otbertus</strong></span> <span class='ocrx_word' id='word_1_401' title='bbox 150 4165 280 4240; x_wconf 91' lang='lat' dir='ltr'><strong>apprime</strong></span> <span class='ocrx_word' id='word_1_402' title='bbox 296 4166 405 4228; x_wconf 89' lang='lat' dir='ltr'><strong>litteris</strong></span> <span class='ocrx_word' id='word_1_403' title='bbox 425 4160 574 4234; x_wconf 87' lang='lat' dir='ltr'><strong>eruditus,</strong></span> <span class='ocrx_word' id='word_1_404' title='bbox 596 4181 625 4224; x_wconf 96' lang='lat' dir='ltr'><strong>a·</strong></span> <span class='ocrx_word' id='word_1_405' title='bbox 653 4180 724 4226; x_wconf 83' lang='lat' dir='ltr'><strong>suae</strong></span> <span class='ocrx_word' id='word_1_406' title='bbox 739 4163 840 4236; x_wconf 87' lang='lat' dir='ltr'><strong>annis,</strong></span> <span class='ocrx_word' id='word_1_407' title='bbox 865 4163 963 4240; x_wconf 86' lang='lat' dir='ltr'><strong>pridie</strong></span> <span class='ocrx_word' id='word_1_408' title='bbox 979 4161 1084 4222; x_wconf 92' lang='lat' dir='ltr'><strong>iduum</strong></span> <span class='ocrx_word' id='word_1_409' title='bbox 1110 4160 1290 4224; x_wconf 84' lang='lat' dir='ltr'><strong>Novembris</strong></span> 
     </span>
     <span class='ocr_line' id='line_1_50' title="bbox 20 4235 1290 4330; baseline 0.009 -43"><span class='ocrx_word' id='word_1_410' title='bbox 20 4235 165 4300; x_wconf 77' lang='lat' dir='ltr'><strong>steosiones</strong></span> <span class='ocrx_word' id='word_1_411' title='bbox 187 4245 315 4319; x_wconf 88' lang='lat' dir='ltr'><strong>primum</strong></span> <span class='ocrx_word' id='word_1_412' title='bbox 333 4247 363 4306; x_wconf 91' lang='lat' dir='ltr'><strong>in</strong></span> <span class='ocrx_word' id='word_1_413' title='bbox 380 4244 470 4306; x_wconf 90' lang='lat' dir='ltr'><strong>corde</strong></span> <span class='ocrx_word' id='word_1_414' title='bbox 498 4243 626 4322; x_wconf 86' lang='lat' dir='ltr'><strong>disposl·</strong></span> <span class='ocrx_word' id='word_1_415' title='bbox 654 4242 836 4323; x_wconf 82' lang='lat' dir='ltr'><strong>perveniens</strong></span> <span class='ocrx_word' id='word_1_416' title='bbox 850 4243 885 4302; x_wconf 83' lang='lat' dir='ltr'><strong>ad</strong></span> <span class='ocrx_word' id='word_1_417' title='bbox 902 4243 982 4304; x_wconf 89' lang='lat' dir='ltr'><strong>diem</strong></span> <span class='ocrx_word' id='word_1_418' title='bbox 1000 4240 1073 4301; x_wconf 89' lang='lat' dir='ltr'><strong>lucis</strong></span> <span class='ocrx_word' id='word_1_419' title='bbox 1090 4239 1290 4330; x_wconf 70' lang='grc'><strong>1111111111-</strong></span> 
     </span>
     <span class='ocr_line' id='line_1_51' title="bbox 22 4307 1290 4402; baseline 0.003 -24"><span class='ocrx_word' id='word_1_420' title='bbox 22 4307 624 4402; x_wconf 61' lang='grc' dir='ltr'><strong>ῑ111111111111111111111111111111111,</strong></span> <span class='ocrx_word' id='word_1_421' title='bbox 656 4339 751 4396; x_wconf 91' lang='lat' dir='ltr'><strong>murn,</strong></span> <span class='ocrx_word' id='word_1_422' title='bbox 779 4319 912 4384; x_wconf 87' lang='lat' dir='ltr'><strong>Creatori</strong></span> <span class='ocrx_word' id='word_1_423' title='bbox 937 4335 992 4383; x_wconf 92' lang='lat' dir='ltr'><strong>suo</strong></span> <span class='ocrx_word' id='word_1_424' title='bbox 1013 4318 1174 4380; x_wconf 88' lang='lat' dir='ltr'><strong>ditandum</strong></span> <span class='ocrx_word' id='word_1_425' title='bbox 1200 4317 1290 4382; x_wconf 91' lang='lat' dir='ltr'><strong>bonrs</strong></span> 
     </span>
     <span class='ocr_line' id='line_1_52' title="bbox 20 4377 1292 4479; baseline 0.01 -33"><span class='ocrx_word' id='word_1_426' title='bbox 20 4377 274 4479; x_wconf 80' lang='lat' dir='ltr'><strong>Ecclesiasticnsper</strong></span> <span class='ocrx_word' id='word_1_427' title='bbox 285 4404 424 4466; x_wconf 90' lang='lat' dir='ltr'><strong>ordinem</strong></span> <span class='ocrx_word' id='word_1_428' title='bbox 435 4402 626 4466; x_wconf 90' lang='lat' dir='ltr'><strong>ascendendo</strong></span> <span class='ocrx_word' id='word_1_429' title='bbox 654 4401 794 4464; x_wconf 89' lang='lat' dir='ltr'><strong>omnibus</strong></span> <span class='ocrx_word' id='word_1_430' title='bbox 822 4401 955 4462; x_wconf 91' lang='lat' dir='ltr'><strong>reddidit</strong></span> <span class='ocrx_word' id='word_1_431' title='bbox 983 4399 1138 4476; x_wconf 82' lang='lat' dir='ltr'><strong>spiritum.</strong></span> <span class='ocrx_word' id='word_1_432' title='bbox 1174 4394 1292 4473; x_wconf 90' lang='lat' dir='ltr'><strong>Corpus</strong></span> 
     </span>
    </p>
   </div>
   <div class='ocr_carea' id='block_1_4' title="bbox 0 0 1467 4810">
    <p class='ocr_par' dir='ltr' id='par_1_4' title="bbox 0 0 1467 4810">
     <span class='ocr_line' id='line_1_53' title="bbox 0 0 1467 4810; baseline 0 0"><span class='ocrx_word' id='word_1_433' title='bbox 0 0 1467 4810; x_wconf 95' lang='lat' dir='ltr'><strong> </strong></span> 
     </span>
    </p>
   </div>
  </div>
 </body>
</html>
