2954 4816
39 279 110 344 ltEt'.
130 281 170 344 26
381 295 422 346 oc
447 301 474 347 s.
502 297 663 350 saderiano
689 301 934 349 enoronanrrna
994 314 998 322 ·
1186 284 1250 348 tea

38 397 102 449 nnn
121 383 222 459 enim,
243 385 314 453 sire
331 398 520 466 taceantur,
541 387 610 454 sive
635 387 887 476 significentur,
915 387 1057 456 omnino
1081 386 1306 476 contingent:

36 472 249 541 Praedicentis
266 487 382 544 autem
397 474 517 544 caedes
530 497 634 562 quam
651 477 884 544 molestiarum
902 475 1139 544 allevationem
1155 477 1296 544 alferat?

34 560 130 640 nuta?
149 562 238 647 qrrod
255 568 360 632 Jesus
384 567 578 632 Nazarenus
595 575 789 644 accusatur,
810 566 842 632 in
861 565 1072 654 Stephanum
1095 579 1208 633 autem
1226 564 1292 632 ler-

35 661 79 715 tnr
101 652 290 720 sententia?
315 653 415 738 Atqui
445 653 474 720 si
504 653 666 743 injuriam
697 653 838 734 laciens,
869 667 979 723 movet
1005 653 1291 742 indignationem,

34 737 144 826 injuria
160 754 275 809 autem
299 757 362 820 est,
391 741 456 809 loci
478 753 510 809 et
530 743 765 810 institutorum
783 744 914 812 eversio
929 756 961 811 et
977 743 1192 812 immutatio:
1209 743 1293 812 haec

34 847 98 894 vero
115 850 178 896 non
202 851 263 918 per
288 829 517 919 Stephanum,
538 829 595 899 sed
612 853 671 918 per
685 835 818 911 Jesurn,
840 845 876 901 ut
892 833 1014 901 asserit
1029 846 1220 912 accusator,
1243 832 1292 902 el-

34 913 161 986 licienda
180 932 275 998 sunt,
297 941 391 998 eum,
408 919 467 1004 qui
485 933 679 996 accusatur,
699 919 922 989 condemnari
948 922 1138 1010 oportebat.

70 1007 84 1088 ξ
106 1009 141 1075 2.
166 1011 191 1074 0
217 1007 341 1094 iniqua
367 1007 583 1077 audientium
602 1010 786 1077 sentential
805 1011 987 1092 Quoniam,
1008 1010 1293 1096 inquiunt,lesns

35 1095 163 1163 mutabit
190 1095 296 1186 leges
325 1097 520 1185 Stephanus
546 1097 722 1186 lapidibus
745 1099 923 1167 obruatur.
952 1104 1024 1180 Quo
1049 1113 1162 1167 autem
1194 1110 1294 1186 pacto

35 1179 126 1268 legem
140 1185 322 1273 abrogabit
337 1191 450 1266 tesus,
467 1187 527 1273 qni
549 1187 633 1274 legis
654 1187 738 1256 adeo
756 1187 933 1257 studiosus
950 1187 1037 1256 l'uit'l
1052 1189 1116 1270 Qui
1134 1189 1292 1256 instituta

38 1283 129 1339 retem
146 1287 323 1362 tantopere
342 1275 583 1344 conllrmavitl
600 1277 663 1357 Qni
686 1277 773 1354 reni,
797 1277 921 1362 inquit,
942 1297 1008 1344 non
1038 1277 1144 1366 legem
1171 1289 1209 1344 ut
1226 1275 1293 1347 sol·

38 1379 141 1440 rerem,
166 1363 223 1430 sed
243 1363 498 1451 adimplerem?
522 1365 586 1446 Qui
611 1365 719 1453 legem
742 1387 830 1446 earn,
849 1387 916 1452 qua
939 1365 1165 1434 homicidium
1189 1367 1293 1434 inter·

34 1446 153 1530 dicitur,
179 1453 229 1520 sie
256 1453 474 1541 approbavit,
493 1465 531 1522 ut
550 1453 733 1544 discipulis
750 1454 848 1522 initio
870 1475 911 1522 ne
929 1453 1031 1522 irasci
1052 1455 1191 1539 quidem
1216 1475 1294 1611 per·

35 1537 171 1607 miserat
198 1543 264 1624 Qui
295 1541 421 1630 pariter
448 1564 528 1611 cum
558 1543 633 1631 ipsa
661 1542 850 1630 eupiditate
873 1541 1081 1611 adulterium
1101 1565 1212 1612 oonvu
1229 1543 1295 1613 sit?

34 1627 86 1706 tlui
99 1628 232 1714 jubens,
253 1644 295 1698 ut
320 1651 361 1698 ne
382 1630 460 1700 illos
477 1631 617 1717 quidem
645 1629 906 1712 ulciscerentur,
929 1631 1094 1718 aquibus
1112 1647 1225 1700 essent
1243 1633 1292 1701 in-

31 1715 107 1812 juria
127 1717 286 1800 lacessiti,
316 1719 512 1789 inserendae
530 1721 677 1811 injuriae
696 1721 906 1810 principium
925 1719 1093 1788 abstulit?
1107 1723 1170 1802 Qui
1198 1743 1293 1809 prae·

35 1807 169 1888 cutiens,
200 1821 238 1876 ut
265 1831 356 1896 quae
381 1809 616 1898 possiderent,
643 1811 760 1878 omnia
787 1810 999 1899 pauperibus
1027 1808 1320 1898 distribuerent..
1398 1858 1402 1869 .

39 1896 176 1965 avaritiae
200 1899 325 1966 vitium
351 1899 610 1967 exterminavit?
637 1904 703 1967 Cur
734 1899 817 1968 haec
842 1898 891 1967 illi
928 1899 961 1966 in
991 1919 1030 1966 eo
1056 1899 1191 1986 judicio
1225 1921 1291 1966 non

38 1999 345 2065 commemorarunt,
369 2009 435 2055 non
457 1987 732 2077 perpenderunt?
751 1988 893 2057 Illorum
917 1987 1002 2055 mihi
1025 2009 1117 2054 rtunc
1130 1987 1291 2075 judicum

38 2073 270 2155 parricidarum
290 2075 486 2156 confessum
504 2077 623 2145 adesse
644 2075 757 2154 velim,
777 2075 870 2146 etde
896 2076 991 2158 lociS,
1013 2097 1074 2165 pro
1093 2077 1221 2161 quihus
1240 2076 1293 2142 in-

39 2157 215 2246 dignantur,
239 2165 386 2243 discere,
410 2166 552 2234 ubinam
579 2165 712 2234 celebre
737 2164 903 2254 templum
923 2165 1024 2245 illud,
1050 2165 1110 2233 ubi
1145 2163 1314 2232 incredi»

42 2245 191 2322 hilesillae
208 2253 366 2343 lapidum
385 2253 726 2342 magnitudines,uhi
745 2275 868 2322 aurum
889 2253 987 2333 illud,
1009 2254 1099 2340 quod
1124 2253 1291 2338 reliquam

43 2341 191 2410 materiam
209 2343 460 2432 propemodum
478 2344 700 2430 exaequabat,
716 2343 777 2412 ubi
792 2343 945 2432 legitima
961 2341 1143 2422 sacrificia,
1157 2342 1288 2422 hircus,

41 2425 161 2510 titulus,
183 2453 312 2521 agnus,
339 2453 474 2521 caprea,
503 2433 676 2511 columba,
707 2445 832 2513 turtur,
861 2431 991 2500 hoedus
1017 2432 1230 2522 repudiatus.
1259 2432 1293 2500 Si

40 2531 194 2602 propterea
220 2533 330 2589 morte
361 2521 571 2610 Stephanum
602 2521 808 2603 allecerunt,
835 2530 872 2590 ul
903 2543 1021 2589 earum
1054 2521 1289 2590 calamitatum
1328 2535 1330 2542 ·

39 2605 113 2672 nulla
142 2611 366 2696 contingeret,
398 2609 590 2692 ostendant,
622 2632 762 2696 (panesa,
794 2629 897 2697 quam
928 2609 1036 2679 multa
1062 2611 1129 2678 sihi
1155 2622 1293 2700 propter

38 2692 242 2766 homicidium
272 2698 356 2766 illud
376 2698 508 2790 integra
526 2712 786 2768 conservarunt.
809 2698 905 2781 Quod
924 2699 953 2766 si
973 2699 1057 2767 nihil
1086 2699 1208 2769 horum
1226 2710 1287 2774 est.

36 2785 237 2878 quamohrem
259 2786 468 2876 Stephanum
487 2789 772 2857 condemnarint:
799 2810 863 2858 cur
886 2809 924 2856 ea
950 2787 1073 2856 caedes
1099 2801 1229 2878 patrata
1248 2787 1292 2855 sit

37 2869 145 2942 droant.
168 2876 229 2944 Sed
252 2876 287 2945 in
310 2877 385 2965 ipso
409 2878 638 2947 certaminum
656 2877 777 2946 ordine
798 2876 987 2958 videamus,
1015 2877 1188 2963 quomodo
1214 2897 1292 2964 par-

38 2959 157 3044 ricidas,
183 2987 199 3032 a
226 2963 356 3050 quibus
380 2965 488 3034 densa
512 2965 667 3056 lapidum
695 2967 803 3036 instar
828 2965 958 3033 nivium
988 2965 1210 3035 multitudine
1233 2963 1292 3033 oh-

38 3049 142 3124 ruitur.
168 3053 367 3134 ulciscatur,
386 3077 475 3141 qrtae
490 3055 580 3123 dicta
600 3055 729 3142 rejiciat
748 3057 780 3123 in
802 3077 871 3136 eos,
891 3053 951 3144 qui
971 3052 1103 3144 lapides
1121 3056 1155 3122 in
1176 3054 1289 3142 ipsum

38 3138 247 3220 conjecerunt.
277 3147 488 3232 Cognoscant
518 3143 729 3213 iudaeorum
763 3143 845 3222 filii,
877 3143 1148 3212 Christianorum
1182 3165 1289 3220 arma,

38 3226 147 3306 ‹tuibns
172 3227 531 3322 magnus'Stephanus
557 3233 703 3320 injurias
728 3255 808 3300 suas
836 3243 1048 3319 persecutus,
1070 3231 1176 3321 legem
1204 3232 1291 3300 vitae

41 3333 96 3382 tem
114 3319 217 3406 ipsam
237 3321 367 3390 statuit.
387 3328 469 3391 Nam
492 3322 542 3390 illi
560 3321 699 3410 qttidem
720 3320 864 3388 irnmani
889 3333 921 3388 et
942 3321 1051 3388 serina
1068 3321 1218 3406 quadam
1238 3341 1291 3387 ra-

42 3399 200 3476 hievirum
228 3423 383 3479 sanetum
409 3410 729 3485 circumvenientes,
759 3409 800 3478 ad
826 3431 905 3478 cum
931 3431 1042 3477 untrm
1069 3431 1212 3496 scopum
1241 3430 1292 3475 re-

41 3493 220 3583 ¹¹spiciebant,
241 3511 278 3567 ut
296 3499 461 3585 quicquid
481 3500 515 3567 in
535 3521 658 3570 manus
677 3499 816 3577 veniret,
834 3519 894 3588 pro
912 3498 976 3566 telo
996 3499 1234 3586 corripientes,
1255 3497 1290 3564 in

42 3598 135 3675 ipsum
160 3599 439 3673 contorquerent:
467 3587 583 3656 atille
608 3603 782 3675 tamquam
809 3587 969 3656 sacerdos
993 3587 1134 3674 quidam
1157 3607 1197 3653 ex
1222 3587 1291 3674 spi·

44 3668 114 3736 ntuli
139 3671 207 3762 lege
233 3697 353 3764 puram
381 3677 527 3746 hostiam
556 3677 751 3755 immolans,
782 3699 848 3744 non
868 3677 1014 3751 alienus,
1036 3675 1092 3743 sed
1113 3675 1290 3764 proprium

43 3775 147 3850 terpus
169 3763 369 3844 adducebat,
387 3779 419 3835 et
436 3766 509 3835 loco
527 3765 703 3834 libaminis
728 3765 934 3851 sanguinem
951 3764 1159 3843 effundebat,
1181 3777 1213 3832 et
1228 3785 1290 3852 pro

46 3862 85 3939 tn.
103 3851 155 3932 qui
178 3873 213 3921 se
239 3866 304 3922 tam
325 3854 455 3924 helario
473 3855 600 3923 scelere
617 3854 892 3943 obstringebant,
914 3859 1030 3932 Deum,
1050 3875 1153 3940 quern
1177 3852 1291 3942 adspi-

46 3936 134 4032 ciebat
157 3939 188 4006 in
215 3943 419 4013 coelestibus
444 3943 568 4033 adytis,
591 3945 806 4032 precabatur,
834 3955 867 4011 ct
893 3965 953 4032 pro
978 3943 1081 4012 caede
1107 3965 1169 4012 sua
1191 3943 1294 4010 bene-

48 4021 142 4092 lrcrum
169 4032 397 4118 rependebat,
425 4032 648 4101 audientibus
680 4031 864 4102 homicidis
895 4030 1050 4100 clamans
1082 4045 1114 4100 et
1147 4031 1290 4100 dicens:

49 4133 58 4156 i
77 4113 212 4198 homine,
229 4140 270 4186 ne
294 4133 424 4190 statuas
445 4121 513 4190 illis
529 4122 594 4191 hoc
613 4134 805 4210 peccatum.
827 4144 844 4186 n
861 4127 904 4190 dc
921 4120 978 4188 ille
1002 4121 1141 4207 quidem
1165 4119 1290 4200 scelus,

49 4199 117 4274 llod
142 4208 327 4291 parricidae
350 4210 499 4299 propriis
524 4211 672 4298 impuris
696 4211 859 4279 manibus
881 4210 1077 4289 exarabant,
1100 4209 1293 4298 precatione

54 4283 166 4372 tlelevit3
191 4295 256 4380 ipsi
279 4319 355 4365 vero
373 4319 411 4368 ea
438 4299 632 4388 precatione
655 4300 765 4386 magis
781 4299 883 4368 etiarn
910 4299 1081 4379 concitati,
1106 4321 1172 4368 non
1195 4297 1292 4386 prius

54 4376 168 4449 aculari
191 4383 403 4468 destiterunt,
430 4409 535 4475 quam
554 4409 701 4476 magnus
719 4387 912 4477 Stephanus
931 4400 1105 4475 tamqnam
1129 4387 1294 4456 mollibus
