<?xml version="1.0" encoding="UTF-8"?>
<!DOCTYPE html PUBLIC "-//W3C//DTD XHTML 1.0 Transitional//EN"
    "http://www.w3.org/TR/xhtml1/DTD/xhtml1-transitional.dtd">
<html xmlns="http://www.w3.org/1999/xhtml" xml:lang="en" lang="en">
 <head>
  <title>
</title>
<meta http-equiv="Content-Type" content="text/html;charset=utf-8" />
  <meta name='ocr-system' content='tesseract 3.04.00' />
  <meta name='ocr-capabilities' content='ocr_page ocr_carea ocr_par ocr_line ocrx_word'/>
</head>
<body>
  <div class='ocr_page' id='page_1' title='image "./historiaeseuvit00lippgoog_0280.png"; bbox 0 0 2972 4826; ppageno 0'>
   <div class='ocr_carea' id='block_1_1' title="bbox 74 285 1243 351">
    <p class='ocr_par' dir='ltr' id='par_1_1' title="bbox 74 285 1243 351">
     <span class='ocr_line' id='line_1_1' title="bbox 74 285 1243 351; baseline 0.003 -4"><span class='ocrx_word' id='word_1_1' title='bbox 74 285 166 348; x_wconf 80' lang='lat' dir='ltr'>otto</span> <span class='ocrx_word' id='word_1_2' title='bbox 402 305 439 350; x_wconf 84' lang='lat' dir='ltr'>na</span> <span class='ocrx_word' id='word_1_3' title='bbox 464 305 509 350; x_wconf 87' lang='lat' dir='ltr'>ss.</span> <span class='ocrx_word' id='word_1_4' title='bbox 537 303 615 350; x_wconf 79' lang='lat' dir='ltr'>suno</span> <span class='ocrx_word' id='word_1_5' title='bbox 640 305 676 349; x_wconf 79' lang='lat' dir='ltr'>cr</span> <span class='ocrx_word' id='word_1_6' title='bbox 701 301 826 349; x_wconf 75' lang='lat' dir='ltr'>rvunrro</span> <span class='ocrx_word' id='word_1_7' title='bbox 851 303 898 347; x_wconf 81' lang='lat' dir='ltr'>nr.</span> <span class='ocrx_word' id='word_1_8' title='bbox 1180 287 1243 351; x_wconf 75' lang='lat' dir='ltr'>atr</span> 
     </span>
    </p>
   </div>
   <div class='ocr_carea' id='block_1_2' title="bbox 44 387 1366 3857">
    <p class='ocr_par' dir='ltr' id='par_1_2' title="bbox 44 387 1366 3857">
     <span class='ocr_line' id='line_1_2' title="bbox 71 387 1287 546; baseline 0.003 -92"><span class='ocrx_word' id='word_1_9' title='bbox 71 387 132 474; x_wconf 88' lang='lat' dir='ltr'>plebi</span> <span class='ocrx_word' id='word_1_10' title='bbox 153 387 299 476; x_wconf 75' lang='lat' dir='ltr'>cleroque</span> <span class='ocrx_word' id='word_1_11' title='bbox 322 399 469 546; x_wconf 61' lang='lat' dir='ltr'>aptatur,</span> <span class='ocrx_word' id='word_1_12' title='bbox 496 389 606 458; x_wconf 89' lang='lat' dir='ltr'>Patris</span> <span class='ocrx_word' id='word_1_13' title='bbox 630 410 669 457; x_wconf 89' lang='lat' dir='ltr'>ac</span> <span class='ocrx_word' id='word_1_14' title='bbox 695 387 874 458; x_wconf 88' lang='lat' dir='ltr'>nutritoris</span> <span class='ocrx_word' id='word_1_15' title='bbox 891 388 1113 486; x_wconf 30' lang='lat' dir='ltr'>sui-sequens</span> <span class='ocrx_word' id='word_1_16' title='bbox 1133 391 1287 480; x_wconf 87' lang='lat' dir='ltr'>vestigia.</span> 
     </span>
     <span class='ocr_line' id='line_1_3' title="bbox 70 475 1290 568; baseline 0.007 -26"><span class='ocrx_word' id='word_1_17' title='bbox 70 479 193 563; x_wconf 88' lang='lat' dir='ltr'>topiosus</span> <span class='ocrx_word' id='word_1_18' title='bbox 212 477 244 544; x_wconf 92' lang='lat' dir='ltr'>in</span> <span class='ocrx_word' id='word_1_19' title='bbox 269 477 324 546; x_wconf 84' lang='lat' dir='ltr'>bei</span> <span class='ocrx_word' id='word_1_20' title='bbox 362 477 523 561; x_wconf 75' lang='lat' dir='ltr'>audibuS,</span> <span class='ocrx_word' id='word_1_21' title='bbox 548 477 582 545; x_wconf 92' lang='lat' dir='ltr'>in</span> <span class='ocrx_word' id='word_1_22' title='bbox 608 477 833 556; x_wconf 89' lang='lat' dir='ltr'>orationibus,</span> <span class='ocrx_word' id='word_1_23' title='bbox 857 475 890 544; x_wconf 91' lang='lat' dir='ltr'>in</span> <span class='ocrx_word' id='word_1_24' title='bbox 913 475 1069 563; x_wconf 68' lang='lat' dir='ltr'>jejuniis</span> <span class='ocrx_word' id='word_1_25' title='bbox 1092 478 1290 568; x_wconf 83' lang='lat' dir='ltr'>vigiliisque</span> 
     </span>
     <span class='ocr_line' id='line_1_4' title="bbox 67 563 1289 657; baseline 0.007 -27"><span class='ocrx_word' id='word_1_26' title='bbox 67 563 180 636; x_wconf 76' lang='lat' dir='ltr'>assiduis</span> <span class='ocrx_word' id='word_1_27' title='bbox 202 566 392 653; x_wconf 88' lang='lat' dir='ltr'>persistens.</span> <span class='ocrx_word' id='word_1_28' title='bbox 409 571 486 635; x_wconf 85' lang='lat' dir='ltr'>Erat</span> <span class='ocrx_word' id='word_1_29' title='bbox 508 586 699 654; x_wconf 90' lang='lat' dir='ltr'>pauperum</span> <span class='ocrx_word' id='word_1_30' title='bbox 726 575 935 644; x_wconf 79' lang='lat' dir='ltr'><strong>munerator,</strong></span> <span class='ocrx_word' id='word_1_31' title='bbox 957 565 1137 636; x_wconf 90' lang='lat' dir='ltr'>viduarum</span> <span class='ocrx_word' id='word_1_32' title='bbox 1163 589 1203 636; x_wconf 89' lang='lat' dir='ltr'>ac</span> <span class='ocrx_word' id='word_1_33' title='bbox 1223 590 1289 657; x_wconf 93' lang='lat' dir='ltr'>pu-</span> 
     </span>
     <span class='ocr_line' id='line_1_5' title="bbox 67 651 1286 742; baseline 0.007 -24"><span class='ocrx_word' id='word_1_34' title='bbox 67 651 188 736; x_wconf 87' lang='lat' dir='ltr'>pillarum</span> <span class='ocrx_word' id='word_1_35' title='bbox 214 653 482 724; x_wconf 75' lang='lat' dir='ltr'>defensandam</span> <span class='ocrx_word' id='word_1_36' title='bbox 503 653 673 740; x_wconf 87' lang='lat' dir='ltr'>quaedam</span> <span class='ocrx_word' id='word_1_37' title='bbox 690 653 792 722; x_wconf 90' lang='lat' dir='ltr'>vidua</span> <span class='ocrx_word' id='word_1_38' title='bbox 813 654 895 724; x_wconf 92' lang='lat' dir='ltr'>dum</span> <span class='ocrx_word' id='word_1_39' title='bbox 915 653 1116 724; x_wconf 85' lang='lat' dir='ltr'>acreditore</span> <span class='ocrx_word' id='word_1_40' title='bbox 1136 657 1286 742; x_wconf 86' lang='lat' dir='ltr'>quodam</span> 
     </span>
     <span class='ocr_line' id='line_1_6' title="bbox 66 741 1290 845; baseline 0.007 -39"><span class='ocrx_word' id='word_1_41' title='bbox 66 741 153 812; x_wconf 90' lang='lat' dir='ltr'>durius</span> <span class='ocrx_word' id='word_1_42' title='bbox 172 744 438 833; x_wconf 77' lang='lat' dir='ltr'>opprimeretur,</span> <span class='ocrx_word' id='word_1_43' title='bbox 465 755 567 831; x_wconf 88' lang='lat' dir='ltr'>atque</span> <span class='ocrx_word' id='word_1_44' title='bbox 590 741 742 812; x_wconf 87' lang='lat' dir='ltr'>crudelis</span> <span class='ocrx_word' id='word_1_45' title='bbox 767 741 1025 814; x_wconf 80' lang='lat' dir='ltr'>nummularius</span> <span class='ocrx_word' id='word_1_46' title='bbox 1049 744 1194 845; x_wconf 90' lang='lat' dir='ltr'>duplum</span> <span class='ocrx_word' id='word_1_47' title='bbox 1232 767 1290 834; x_wconf 92' lang='lat' dir='ltr'>pe·</span> 
     </span>
     <span class='ocr_line' id='line_1_7' title="bbox 67 831 1289 923; baseline 0.008 -28"><span class='ocrx_word' id='word_1_48' title='bbox 67 831 203 900; x_wconf 82' lang='lat' dir='ltr'>ceniarum</span> <span class='ocrx_word' id='word_1_49' title='bbox 228 832 270 902; x_wconf 94' lang='lat' dir='ltr'>ab</span> <span class='ocrx_word' id='word_1_50' title='bbox 288 855 328 902; x_wconf 84' lang='lat' dir='ltr'>ea</span> <span class='ocrx_word' id='word_1_51' title='bbox 350 833 498 921; x_wconf 85' lang='lat' dir='ltr'>erigeret</span> <span class='ocrx_word' id='word_1_52' title='bbox 516 853 621 918; x_wconf 87' lang='lat' dir='ltr'>quam</span> <span class='ocrx_word' id='word_1_53' title='bbox 653 831 826 911; x_wconf 74' lang='lat' dir='ltr'>dedisset,</span> <span class='ocrx_word' id='word_1_54' title='bbox 848 831 890 900; x_wconf 92' lang='lat' dir='ltr'>ad</span> <span class='ocrx_word' id='word_1_55' title='bbox 918 831 1028 900; x_wconf 89' lang='lat' dir='ltr'>virum</span> <span class='ocrx_word' id='word_1_56' title='bbox 1052 838 1109 902; x_wconf 84' lang='lat' dir='ltr'>Der</span> <span class='ocrx_word' id='word_1_57' title='bbox 1131 835 1289 923; x_wconf 86' lang='lat' dir='ltr'>protinus</span> 
     </span>
     <span class='ocr_line' id='line_1_8' title="bbox 65 917 1289 1080; baseline 0.006 -95"><span class='ocrx_word' id='word_1_58' title='bbox 65 917 233 1019; x_wconf 68' lang='lat' dir='ltr'>confugiens</span> <span class='ocrx_word' id='word_1_59' title='bbox 252 920 521 992; x_wconf 87' lang='lat' dir='ltr'>misericordiam</span> <span class='ocrx_word' id='word_1_60' title='bbox 550 919 753 1010; x_wconf 90' lang='lat' dir='ltr'>postulabat.</span> <span class='ocrx_word' id='word_1_61' title='bbox 777 922 917 1010; x_wconf 80' lang='lat' dir='ltr'>Cognito</span> <span class='ocrx_word' id='word_1_62' title='bbox 942 921 994 989; x_wconf 88' lang='lat' dir='ltr'>vir</span> <span class='ocrx_word' id='word_1_63' title='bbox 1019 923 1074 990; x_wconf 83' lang='lat' dir='ltr'>Dei</span> <span class='ocrx_word' id='word_1_64' title='bbox 1100 921 1164 992; x_wconf 89' lang='lat' dir='ltr'>boc</span> <span class='ocrx_word' id='word_1_65' title='bbox 1186 943 1289 1080; x_wconf 55' lang='lat' dir='ltr'>nefo-</span> 
     </span>
     <span class='ocr_line' id='line_1_9' title="bbox 64 1008 1287 1097; baseline 0.007 -25"><span class='ocrx_word' id='word_1_66' title='bbox 64 1008 285 1085; x_wconf 84' lang='lat' dir='ltr'>tio,llraconum</span> <span class='ocrx_word' id='word_1_67' title='bbox 310 1031 426 1089; x_wconf 89' lang='lat' dir='ltr'>suum,</span> <span class='ocrx_word' id='word_1_68' title='bbox 457 1009 596 1078; x_wconf 90' lang='lat' dir='ltr'>nomine</span> <span class='ocrx_word' id='word_1_69' title='bbox 620 1010 900 1097; x_wconf 84' lang='lat' dir='ltr'>Eruperantium,</span> <span class='ocrx_word' id='word_1_70' title='bbox 930 1031 1009 1079; x_wconf 92' lang='lat' dir='ltr'>cum</span> <span class='ocrx_word' id='word_1_71' title='bbox 1035 1010 1154 1079; x_wconf 89' lang='lat' dir='ltr'>eadem</span> <span class='ocrx_word' id='word_1_72' title='bbox 1184 1012 1213 1079; x_wconf 90' lang='lat' dir='ltr'>vi</span> <span class='ocrx_word' id='word_1_73' title='bbox 1244 1033 1287 1080; x_wconf 88' lang='lat' dir='ltr'>ua</span> 
     </span>
     <span class='ocr_line' id='line_1_10' title="bbox 61 1095 1286 1186; baseline 0.007 -25"><span class='ocrx_word' id='word_1_74' title='bbox 61 1095 89 1162; x_wconf 85' lang='lat' dir='ltr'>ad</span> <span class='ocrx_word' id='word_1_75' title='bbox 108 1097 297 1184; x_wconf 86' lang='lat' dir='ltr'>praedictum</span> <span class='ocrx_word' id='word_1_76' title='bbox 322 1097 523 1171; x_wconf 88' lang='lat' dir='ltr'>creditorem</span> <span class='ocrx_word' id='word_1_77' title='bbox 550 1097 683 1178; x_wconf 81' lang='lat' dir='ltr'>direxit,</span> <span class='ocrx_word' id='word_1_78' title='bbox 703 1097 883 1168; x_wconf 79' lang='lat' dir='ltr'>dicenszc</span> <span class='ocrx_word' id='word_1_79' title='bbox 913 1098 1001 1168; x_wconf 86' lang='lat' dir='ltr'>Vade</span> <span class='ocrx_word' id='word_1_80' title='bbox 1031 1099 1074 1168; x_wconf 91' lang='lat' dir='ltr'>ad</span> <span class='ocrx_word' id='word_1_81' title='bbox 1105 1121 1197 1182; x_wconf 93' lang='lat' dir='ltr'>eum,</span> <span class='ocrx_word' id='word_1_82' title='bbox 1225 1100 1286 1186; x_wconf 89' lang='lat' dir='ltr'>qui</span> 
     </span>
     <span class='ocr_line' id='line_1_11' title="bbox 60 1181 1286 1277; baseline 0.008 -29"><span class='ocrx_word' id='word_1_83' title='bbox 60 1181 124 1252; x_wconf 88' lang='lat' dir='ltr'>hanc</span> <span class='ocrx_word' id='word_1_84' title='bbox 139 1186 265 1256; x_wconf 83' lang='lat' dir='ltr'>viduam</span> <span class='ocrx_word' id='word_1_85' title='bbox 285 1186 418 1256; x_wconf 88' lang='lat' dir='ltr'>crudeli</span> <span class='ocrx_word' id='word_1_86' title='bbox 441 1187 595 1256; x_wconf 84' lang='lat' dir='ltr'>eratione</span> <span class='ocrx_word' id='word_1_87' title='bbox 614 1186 802 1277; x_wconf 90' lang='lat' dir='ltr'>opprimit;</span> <span class='ocrx_word' id='word_1_88' title='bbox 830 1187 977 1257; x_wconf 83' lang='lat' dir='ltr'>admone</span> <span class='ocrx_word' id='word_1_89' title='bbox 999 1209 1077 1258; x_wconf 88' lang='lat' dir='ltr'>eum</span> <span class='ocrx_word' id='word_1_90' title='bbox 1100 1187 1173 1257; x_wconf 88' lang='lat' dir='ltr'>vice</span> <span class='ocrx_word' id='word_1_91' title='bbox 1190 1209 1286 1258; x_wconf 88' lang='lat' dir='ltr'>meae</span> 
     </span>
     <span class='ocr_line' id='line_1_12' title="bbox 61 1273 1282 1364; baseline 0.007 -24"><span class='ocrx_word' id='word_1_92' title='bbox 61 1273 270 1358; x_wconf 72' lang='lat' dir='ltr'>postulationis,</span> <span class='ocrx_word' id='word_1_93' title='bbox 298 1275 434 1346; x_wconf 86' lang='lat' dir='ltr'>dicens:</span> <span class='ocrx_word' id='word_1_94' title='bbox 460 1280 557 1344; x_wconf 88' lang='lat' dir='ltr'>Pater</span> <span class='ocrx_word' id='word_1_95' title='bbox 582 1288 662 1345; x_wconf 92' lang='lat' dir='ltr'>tuus</span> <span class='ocrx_word' id='word_1_96' title='bbox 682 1288 789 1362; x_wconf 78' lang='lat' dir='ltr'>rogat,</span> <span class='ocrx_word' id='word_1_97' title='bbox 813 1274 962 1346; x_wconf 84' lang='lat' dir='ltr'>sufficiat</span> <span class='ocrx_word' id='word_1_98' title='bbox 986 1276 1046 1345; x_wconf 92' lang='lat' dir='ltr'>tibi</span> <span class='ocrx_word' id='word_1_99' title='bbox 1070 1277 1160 1364; x_wconf 85' lang='lat' dir='ltr'>quod</span> <span class='ocrx_word' id='word_1_100' title='bbox 1186 1281 1282 1348; x_wconf 89' lang='lat' dir='ltr'>tuum</span> 
     </span>
     <span class='ocr_line' id='line_1_13' title="bbox 60 1362 1286 1455; baseline 0.008 -29"><span class='ocrx_word' id='word_1_101' title='bbox 60 1373 102 1438; x_wconf 87' lang='lat' dir='ltr'>cst,</span> <span class='ocrx_word' id='word_1_102' title='bbox 117 1383 166 1432; x_wconf 87' lang='lat' dir='ltr'>nec</span> <span class='ocrx_word' id='word_1_103' title='bbox 186 1365 302 1455; x_wconf 83' lang='lat' dir='ltr'>erigas</span> <span class='ocrx_word' id='word_1_104' title='bbox 324 1362 416 1454; x_wconf 91' lang='lat' dir='ltr'>quod</span> <span class='ocrx_word' id='word_1_105' title='bbox 441 1364 585 1434; x_wconf 88' lang='lat' dir='ltr'>minime</span> <span class='ocrx_word' id='word_1_106' title='bbox 609 1363 745 1444; x_wconf 91' lang='lat' dir='ltr'>dedisti,</span> <span class='ocrx_word' id='word_1_107' title='bbox 767 1385 808 1433; x_wconf 92' lang='lat' dir='ltr'>ne</span> <span class='ocrx_word' id='word_1_108' title='bbox 833 1363 866 1434; x_wconf 93' lang='lat' dir='ltr'>id</span> <span class='ocrx_word' id='word_1_109' title='bbox 891 1363 983 1450; x_wconf 89' lang='lat' dir='ltr'>qnod</span> <span class='ocrx_word' id='word_1_110' title='bbox 1013 1364 1139 1435; x_wconf 91' lang='lat' dir='ltr'>habere</span> <span class='ocrx_word' id='word_1_111' title='bbox 1160 1365 1286 1436; x_wconf 87' lang='lat' dir='ltr'>videris</span> 
     </span>
     <span class='ocr_line' id='line_1_14' title="bbox 58 1450 1366 1544; baseline 0.008 -31"><span class='ocrx_word' id='word_1_112' title='bbox 58 1450 169 1520; x_wconf 88' lang='lat' dir='ltr'>amittas.</span> <span class='ocrx_word' id='word_1_113' title='bbox 182 1455 216 1532; x_wconf 77' lang='lat' dir='ltr'>Si</span> <span class='ocrx_word' id='word_1_114' title='bbox 232 1465 349 1522; x_wconf 91' lang='lat' dir='ltr'>autem</span> <span class='ocrx_word' id='word_1_115' title='bbox 368 1466 400 1522; x_wconf 91' lang='lat' dir='ltr'>te</span> <span class='ocrx_word' id='word_1_116' title='bbox 414 1452 535 1522; x_wconf 86' lang='lat' dir='ltr'>audire</span> <span class='ocrx_word' id='word_1_117' title='bbox 555 1452 715 1532; x_wconf 88' lang='lat' dir='ltr'>noluerit,</span> <span class='ocrx_word' id='word_1_118' title='bbox 734 1475 812 1522; x_wconf 89' lang='lat' dir='ltr'>ecee</span> <span class='ocrx_word' id='word_1_119' title='bbox 828 1453 872 1524; x_wconf 93' lang='lat' dir='ltr'>do</span> <span class='ocrx_word' id='word_1_120' title='bbox 893 1453 953 1524; x_wconf 90' lang='lat' dir='ltr'>tibi</span> <span class='ocrx_word' id='word_1_121' title='bbox 973 1475 1144 1524; x_wconf 89' lang='lat' dir='ltr'>summam</span> <span class='ocrx_word' id='word_1_122' title='bbox 1169 1455 1280 1544; x_wconf 88' lang='lat' dir='ltr'>pretii,</span> <span class='ocrx_word' id='word_1_123' title='bbox 1364 1533 1366 1539; x_wconf 68' lang='lat'>,</span> 
     </span>
     <span class='ocr_line' id='line_1_15' title="bbox 57 1538 1286 1637; baseline 0.003 -27"><span class='ocrx_word' id='word_1_124' title='bbox 57 1538 160 1637; x_wconf 74' lang='lat' dir='ltr'>porrige</span> <span class='ocrx_word' id='word_1_125' title='bbox 173 1541 201 1611; x_wconf 88' lang='lat' dir='ltr'>ei</span> <span class='ocrx_word' id='word_1_126' title='bbox 220 1553 252 1611; x_wconf 93' lang='lat' dir='ltr'>et</span> <span class='ocrx_word' id='word_1_127' title='bbox 271 1555 451 1612; x_wconf 90' lang='lat' dir='ltr'>revertere.</span> <span class='ocrx_word' id='word_1_128' title='bbox 471 1563 489 1608; x_wconf 80' lang='lat' dir='ltr'>a</span> <span class='ocrx_word' id='word_1_129' title='bbox 507 1541 660 1631; x_wconf 83' lang='lat' dir='ltr'>implens</span> <span class='ocrx_word' id='word_1_130' title='bbox 676 1543 965 1612; x_wconf 89' lang='lat' dir='ltr'>autemDiaconus</span> <span class='ocrx_word' id='word_1_131' title='bbox 983 1543 1092 1612; x_wconf 91' lang='lat' dir='ltr'>sancti</span> <span class='ocrx_word' id='word_1_132' title='bbox 1104 1544 1203 1633; x_wconf 89' lang='lat' dir='ltr'>jussa</span> <span class='ocrx_word' id='word_1_133' title='bbox 1219 1549 1286 1614; x_wconf 77' lang='lat' dir='ltr'>An-</span> 
     </span>
     <span class='ocr_line' id='line_1_16' title="bbox 56 1627 1282 1727; baseline 0.01 -37"><span class='ocrx_word' id='word_1_134' title='bbox 56 1627 152 1708; x_wconf 87' lang='lat' dir='ltr'>trstrtis,</span> <span class='ocrx_word' id='word_1_135' title='bbox 178 1630 245 1702; x_wconf 81' lang='lat' dir='ltr'>ib&#39;at</span> <span class='ocrx_word' id='word_1_136' title='bbox 276 1653 357 1700; x_wconf 90' lang='lat' dir='ltr'>cum</span> <span class='ocrx_word' id='word_1_137' title='bbox 389 1651 440 1710; x_wconf 89' lang='lat' dir='ltr'>ea,</span> <span class='ocrx_word' id='word_1_138' title='bbox 471 1643 573 1716; x_wconf 85' lang='lat' dir='ltr'>atque</span> <span class='ocrx_word' id='word_1_139' title='bbox 601 1631 762 1700; x_wconf 91' lang='lat' dir='ltr'>universa</span> <span class='ocrx_word' id='word_1_140' title='bbox 785 1652 874 1716; x_wconf 88' lang='lat' dir='ltr'>quae</span> <span class='ocrx_word' id='word_1_141' title='bbox 896 1630 927 1698; x_wconf 89' lang='lat' dir='ltr'>ei</span> <span class='ocrx_word' id='word_1_142' title='bbox 952 1629 1106 1718; x_wconf 71' lang='lat' dir='ltr'>iniuncta</span> <span class='ocrx_word' id='word_1_143' title='bbox 1135 1630 1282 1727; x_wconf 77' lang='lat' dir='ltr'>fuerant,</span> 
     </span>
     <span class='ocr_line' id='line_1_17' title="bbox 55 1718 1286 1809; baseline 0.011 -32"><span class='ocrx_word' id='word_1_144' title='bbox 55 1733 130 1784; x_wconf 89' lang='lat' dir='ltr'>avaro</span> <span class='ocrx_word' id='word_1_145' title='bbox 143 1719 297 1788; x_wconf 85' lang='lat' dir='ltr'>creditori</span> <span class='ocrx_word' id='word_1_146' title='bbox 319 1718 547 1809; x_wconf 89' lang='lat' dir='ltr'>perordinem</span> <span class='ocrx_word' id='word_1_147' title='bbox 567 1719 693 1800; x_wconf 89' lang='lat' dir='ltr'>retulit,</span> <span class='ocrx_word' id='word_1_148' title='bbox 712 1719 770 1788; x_wconf 90' lang='lat' dir='ltr'>sed</span> <span class='ocrx_word' id='word_1_149' title='bbox 789 1719 973 1789; x_wconf 89' lang='lat' dir='ltr'>immutare</span> <span class='ocrx_word' id='word_1_150' title='bbox 988 1740 1066 1789; x_wconf 87' lang='lat' dir='ltr'>eum</span> <span class='ocrx_word' id='word_1_151' title='bbox 1083 1741 1103 1790; x_wconf 92' lang='lat' dir='ltr'>a</span> <span class='ocrx_word' id='word_1_152' title='bbox 1121 1722 1286 1809; x_wconf 78' lang='lat' dir='ltr'>pravitate</span> 
     </span>
     <span class='ocr_line' id='line_1_18' title="bbox 54 1804 1284 1900; baseline 0.01 -34"><span class='ocrx_word' id='word_1_153' title='bbox 54 1804 346 1898; x_wconf 83' lang='lat' dir='ltr'>cardisnullatenus</span> <span class='ocrx_word' id='word_1_154' title='bbox 371 1807 491 1896; x_wconf 87' lang='lat' dir='ltr'>potuit.</span> <span class='ocrx_word' id='word_1_155' title='bbox 516 1813 725 1878; x_wconf 81' lang='lat' dir='ltr'>iterantem</span> <span class='ocrx_word' id='word_1_156' title='bbox 749 1819 788 1876; x_wconf 92' lang='lat' dir='ltr'>ut</span> <span class='ocrx_word' id='word_1_157' title='bbox 810 1829 944 1889; x_wconf 87' lang='lat' dir='ltr'>aureos,</span> <span class='ocrx_word' id='word_1_158' title='bbox 966 1829 1054 1894; x_wconf 90' lang='lat' dir='ltr'>qnos</span> <span class='ocrx_word' id='word_1_159' title='bbox 1080 1809 1129 1877; x_wconf 90' lang='lat' dir='ltr'>vir</span> <span class='ocrx_word' id='word_1_160' title='bbox 1149 1811 1206 1878; x_wconf 84' lang='lat' dir='ltr'>Dei</span> <span class='ocrx_word' id='word_1_161' title='bbox 1222 1830 1284 1900; x_wconf 89' lang='lat' dir='ltr'>pro</span> 
     </span>
     <span class='ocr_line' id='line_1_19' title="bbox 53 1890 1287 1986; baseline 0.008 -28"><span class='ocrx_word' id='word_1_162' title='bbox 53 1890 130 1964; x_wconf 77' lang='lat' dir='ltr'>vidua</span> <span class='ocrx_word' id='word_1_163' title='bbox 152 1897 298 1978; x_wconf 83' lang='lat' dir='ltr'>miserat,</span> <span class='ocrx_word' id='word_1_164' title='bbox 316 1897 458 1986; x_wconf 89' lang='lat' dir='ltr'>accepit,</span> <span class='ocrx_word' id='word_1_165' title='bbox 480 1917 644 1966; x_wconf 86' lang='lat' dir='ltr'>corruens</span> <span class='ocrx_word' id='word_1_166' title='bbox 664 1896 697 1966; x_wconf 94' lang='lat' dir='ltr'>in</span> <span class='ocrx_word' id='word_1_167' title='bbox 724 1908 847 1966; x_wconf 89' lang='lat' dir='ltr'>terram</span> <span class='ocrx_word' id='word_1_168' title='bbox 868 1897 1064 1986; x_wconf 86' lang='lat' dir='ltr'>exspiravit.</span> <span class='ocrx_word' id='word_1_169' title='bbox 1087 1901 1207 1966; x_wconf 85' lang='lat' dir='ltr'>Tactus</span> <span class='ocrx_word' id='word_1_170' title='bbox 1234 1911 1287 1968; x_wconf 89' lang='lat' dir='ltr'>est</span> 
     </span>
     <span class='ocr_line' id='line_1_20' title="bbox 53 1983 1285 2075; baseline 0.009 -30"><span class='ocrx_word' id='word_1_171' title='bbox 53 1993 139 2050; x_wconf 91' lang='lat' dir='ltr'>autem</span> <span class='ocrx_word' id='word_1_172' title='bbox 162 1985 258 2056; x_wconf 90' lang='lat' dir='ltr'>timor</span> <span class='ocrx_word' id='word_1_173' title='bbox 284 1987 377 2055; x_wconf 89' lang='lat' dir='ltr'>circa</span> <span class='ocrx_word' id='word_1_174' title='bbox 399 2005 535 2056; x_wconf 86' lang='lat' dir='ltr'>omnem</span> <span class='ocrx_word' id='word_1_175' title='bbox 559 1985 731 2075; x_wconf 85' lang='lat' dir='ltr'>regionem</span> <span class='ocrx_word' id='word_1_176' title='bbox 753 1997 866 2072; x_wconf 90' lang='lat' dir='ltr'>atque.</span> <span class='ocrx_word' id='word_1_177' title='bbox 883 1983 1090 2065; x_wconf 88' lang='lat' dir='ltr'>incredulos,</span> <span class='ocrx_word' id='word_1_178' title='bbox 1117 1987 1174 2072; x_wconf 87' lang='lat' dir='ltr'>qui</span> <span class='ocrx_word' id='word_1_179' title='bbox 1201 1986 1285 2056; x_wconf 88' lang='lat' dir='ltr'>haec</span> 
     </span>
     <span class='ocr_line' id='line_1_21' title="bbox 51 2069 1282 2164; baseline 0.009 -30"><span class='ocrx_word' id='word_1_180' title='bbox 51 2069 212 2155; x_wconf 84' lang='lat' dir='ltr'>audiebant,</span> <span class='ocrx_word' id='word_1_181' title='bbox 241 2074 367 2144; x_wconf 84' lang='lat' dir='ltr'>Christi</span> <span class='ocrx_word' id='word_1_182' title='bbox 393 2094 470 2144; x_wconf 90' lang='lat' dir='ltr'>vero</span> <span class='ocrx_word' id='word_1_183' title='bbox 494 2072 612 2144; x_wconf 88' lang='lat' dir='ltr'>lideles</span> <span class='ocrx_word' id='word_1_184' title='bbox 637 2073 801 2142; x_wconf 89' lang='lat' dir='ltr'>laetanter</span> <span class='ocrx_word' id='word_1_185' title='bbox 823 2073 1062 2164; x_wconf 82' lang='lat' dir='ltr'>glorificabant</span> <span class='ocrx_word' id='word_1_186' title='bbox 1099 2074 1282 2144; x_wconf 86' lang='lat' dir='ltr'>Dominum</span> 
     </span>
     <span class='ocr_line' id='line_1_22' title="bbox 52 2161 1329 2258; baseline 0.009 -35"><span class='ocrx_word' id='word_1_187' title='bbox 52 2161 141 2230; x_wconf 77' lang='lat' dir='ltr'>tunna</span> <span class='ocrx_word' id='word_1_188' title='bbox 161 2163 346 2234; x_wconf 80' lang='lat' dir='ltr'>coriscum.</span> <span class='ocrx_word' id='word_1_189' title='bbox 1324 2245 1329 2258; x_wconf 46' lang='grc'><strong>,</strong></span> 
     </span>
     <span class='ocr_line' id='line_1_23' title="bbox 82 2248 1281 2339; baseline -0.003 -16"><span class='ocrx_word' id='word_1_190' title='bbox 82 2248 174 2332; x_wconf 68' lang='lat'>§15-</span> <span class='ocrx_word' id='word_1_191' title='bbox 190 2251 263 2323; x_wconf 85' lang='lat' dir='ltr'>ttio</span> <span class='ocrx_word' id='word_1_192' title='bbox 281 2272 418 2338; x_wconf 88' lang='lat' dir='ltr'>quoque</span> <span class='ocrx_word' id='word_1_193' title='bbox 442 2262 593 2339; x_wconf 89' lang='lat' dir='ltr'>tempore</span> <span class='ocrx_word' id='word_1_194' title='bbox 615 2249 699 2320; x_wconf 92' lang='lat' dir='ltr'>dum</span> <span class='ocrx_word' id='word_1_195' title='bbox 724 2249 865 2337; x_wconf 85' lang='lat' dir='ltr'>quidam</span> <span class='ocrx_word' id='word_1_196' title='bbox 895 2249 937 2321; x_wconf 92' lang='lat' dir='ltr'>de</span> <span class='ocrx_word' id='word_1_197' title='bbox 958 2251 1173 2321; x_wconf 83' lang='lat' dir='ltr'>exactoribus</span> <span class='ocrx_word' id='word_1_198' title='bbox 1194 2251 1281 2332; x_wconf 83' lang='lat' dir='ltr'>sisci,</span> 
     </span>
     <span class='ocr_line' id='line_1_24' title="bbox 54 2331 1283 2428; baseline 0.009 -30"><span class='ocrx_word' id='word_1_199' title='bbox 54 2331 149 2408; x_wconf 82' lang='lat' dir='ltr'>luente</span> <span class='ocrx_word' id='word_1_200' title='bbox 170 2340 268 2412; x_wconf 88' lang='lat' dir='ltr'>vellet</span> <span class='ocrx_word' id='word_1_201' title='bbox 295 2353 504 2410; x_wconf 88' lang='lat' dir='ltr'>transmeare</span> <span class='ocrx_word' id='word_1_202' title='bbox 531 2340 650 2417; x_wconf 83' lang='lat' dir='ltr'>Ticini,</span> <span class='ocrx_word' id='word_1_203' title='bbox 672 2338 857 2427; x_wconf 84' lang='lat' dir='ltr'>deportans</span> <span class='ocrx_word' id='word_1_204' title='bbox 882 2361 997 2410; x_wconf 89' lang='lat' dir='ltr'>secum</span> <span class='ocrx_word' id='word_1_205' title='bbox 1031 2340 1197 2410; x_wconf 88' lang='lat' dir='ltr'>talentum</span> <span class='ocrx_word' id='word_1_206' title='bbox 1229 2362 1283 2428; x_wconf 67' lang='lat' dir='ltr'>pe,-</span> 
     </span>
     <span class='ocr_line' id='line_1_25' title="bbox 55 2425 1281 2519; baseline 0.007 -30"><span class='ocrx_word' id='word_1_207' title='bbox 55 2425 153 2508; x_wconf 85' lang='lat' dir='ltr'>cuniaa,</span> <span class='ocrx_word' id='word_1_208' title='bbox 165 2441 326 2519; x_wconf 86' lang='lat' dir='ltr'>arreptus</span> <span class='ocrx_word' id='word_1_209' title='bbox 341 2450 360 2498; x_wconf 88' lang='lat' dir='ltr'>a</span> <span class='ocrx_word' id='word_1_210' title='bbox 377 2427 533 2498; x_wconf 84' lang='lat' dir='ltr'>fluminis</span> <span class='ocrx_word' id='word_1_211' title='bbox 551 2427 655 2509; x_wconf 87' lang='lat' dir='ltr'>unda,</span> <span class='ocrx_word' id='word_1_212' title='bbox 671 2426 812 2497; x_wconf 85' lang='lat' dir='ltr'>corruit:</span> <span class='ocrx_word' id='word_1_213' title='bbox 827 2427 1068 2516; x_wconf 86' lang='lat' dir='ltr'>dimersusque</span> <span class='ocrx_word' id='word_1_214' title='bbox 1084 2429 1150 2499; x_wconf 86' lang='lat' dir='ltr'>sub</span> <span class='ocrx_word' id='word_1_215' title='bbox 1170 2429 1281 2517; x_wconf 88' lang='lat' dir='ltr'>aquis,</span> 
     </span>
     <span class='ocr_line' id='line_1_26' title="bbox 53 2516 1283 2604; baseline 0.005 -24"><span class='ocrx_word' id='word_1_216' title='bbox 53 2529 153 2586; x_wconf 88' lang='lat' dir='ltr'>omnam</span> <span class='ocrx_word' id='word_1_217' title='bbox 177 2517 272 2588; x_wconf 89' lang='lat' dir='ltr'>illam</span> <span class='ocrx_word' id='word_1_218' title='bbox 293 2517 377 2586; x_wconf 89' lang='lat' dir='ltr'>auri·</span> <span class='ocrx_word' id='word_1_219' title='bbox 395 2517 574 2604; x_wconf 87' lang='lat' dir='ltr'>pecuniam</span> <span class='ocrx_word' id='word_1_220' title='bbox 602 2516 728 2596; x_wconf 91' lang='lat' dir='ltr'>amisit,</span> <span class='ocrx_word' id='word_1_221' title='bbox 747 2516 800 2585; x_wconf 85' lang='lat' dir='ltr'>vir</span> <span class='ocrx_word' id='word_1_222' title='bbox 820 2517 1005 2586; x_wconf 88' lang='lat' dir='ltr'>semivivus</span> <span class='ocrx_word' id='word_1_223' title='bbox 1021 2517 1179 2586; x_wconf 88' lang='lat' dir='ltr'>evadens.</span> <span class='ocrx_word' id='word_1_224' title='bbox 1200 2521 1283 2587; x_wconf 78' lang='lat' dir='ltr'>Cum</span> 
     </span>
     <span class='ocr_line' id='line_1_27' title="bbox 53 2603 1281 2696; baseline 0.004 -27"><span class='ocrx_word' id='word_1_225' title='bbox 53 2618 108 2669; x_wconf 78' lang='lat' dir='ltr'>vcro</span> <span class='ocrx_word' id='word_1_226' title='bbox 126 2606 373 2696; x_wconf 82' lang='lat' dir='ltr'>recognovisset</span> <span class='ocrx_word' id='word_1_227' title='bbox 389 2627 425 2676; x_wconf 88' lang='lat' dir='ltr'>se</span> <span class='ocrx_word' id='word_1_228' title='bbox 447 2603 605 2676; x_wconf 89' lang='lat' dir='ltr'>amisisse</span> <span class='ocrx_word' id='word_1_229' title='bbox 624 2604 819 2694; x_wconf 88' lang='lat' dir='ltr'>pecuniam,</span> <span class='ocrx_word' id='word_1_230' title='bbox 841 2603 948 2676; x_wconf 91' lang='lat' dir='ltr'>multa</span> <span class='ocrx_word' id='word_1_231' title='bbox 965 2605 1102 2676; x_wconf 76' lang='lat' dir='ltr'>tristitia</span> <span class='ocrx_word' id='word_1_232' title='bbox 1122 2606 1281 2685; x_wconf 87' lang='lat' dir='ltr'>afflictus,</span> 
     </span>
     <span class='ocr_line' id='line_1_28' title="bbox 48 2691 1285 2772; baseline 0.008 -18"><span class='ocrx_word' id='word_1_233' title='bbox 48 2691 172 2764; x_wconf 85' lang='lat' dir='ltr'>concitus</span> <span class='ocrx_word' id='word_1_234' title='bbox 193 2695 235 2764; x_wconf 89' lang='lat' dir='ltr'>ad</span> <span class='ocrx_word' id='word_1_235' title='bbox 257 2695 373 2764; x_wconf 91' lang='lat' dir='ltr'>virum</span> <span class='ocrx_word' id='word_1_236' title='bbox 397 2694 451 2762; x_wconf 80' lang='lat' dir='ltr'>[lei</span> <span class='ocrx_word' id='word_1_237' title='bbox 472 2693 624 2762; x_wconf 89' lang='lat' dir='ltr'>cucurrit</span> <span class='ocrx_word' id='word_1_238' title='bbox 647 2694 828 2772; x_wconf 91' lang='lat' dir='ltr'>lventium,</span> <span class='ocrx_word' id='word_1_239' title='bbox 847 2693 989 2763; x_wconf 86' lang='lat' dir='ltr'>dicens:</span> <span class='ocrx_word' id='word_1_240' title='bbox 1010 2715 1027 2760; x_wconf 82' lang='lat' dir='ltr'>c</span> <span class='ocrx_word' id='word_1_241' title='bbox 1049 2695 1119 2764; x_wconf 86' lang='lat' dir='ltr'>Nisi</span> <span class='ocrx_word' id='word_1_242' title='bbox 1145 2717 1199 2764; x_wconf 92' lang='lat' dir='ltr'>me</span> <span class='ocrx_word' id='word_1_243' title='bbox 1226 2707 1285 2764; x_wconf 86' lang='lat' dir='ltr'>tua</span> 
     </span>
     <span class='ocr_line' id='line_1_29' title="bbox 50 2781 1281 2872; baseline 0.009 -31"><span class='ocrx_word' id='word_1_244' title='bbox 50 2781 140 2849; x_wconf 87' lang='lat' dir='ltr'>marita</span> <span class='ocrx_word' id='word_1_245' title='bbox 155 2782 312 2863; x_wconf 87' lang='lat' dir='ltr'>liberent,</span> <span class='ocrx_word' id='word_1_246' title='bbox 331 2787 439 2863; x_wconf 90' lang='lat' dir='ltr'>Pater,</span> <span class='ocrx_word' id='word_1_247' title='bbox 463 2782 582 2852; x_wconf 90' lang='lat' dir='ltr'>mortis</span> <span class='ocrx_word' id='word_1_248' title='bbox 601 2781 773 2871; x_wconf 90' lang='lat' dir='ltr'>supplicio</span> <span class='ocrx_word' id='word_1_249' title='bbox 792 2781 989 2872; x_wconf 88' lang='lat' dir='ltr'>subjacebo.</span> <span class='ocrx_word' id='word_1_250' title='bbox 1010 2805 1028 2848; x_wconf 78' lang='lat' dir='ltr'>a</span> <span class='ocrx_word' id='word_1_251' title='bbox 1048 2783 1108 2852; x_wconf 86' lang='lat' dir='ltr'>Cui</span> <span class='ocrx_word' id='word_1_252' title='bbox 1126 2783 1177 2852; x_wconf 89' lang='lat' dir='ltr'>vir</span> <span class='ocrx_word' id='word_1_253' title='bbox 1203 2784 1281 2852; x_wconf 88' lang='lat' dir='ltr'>Dei:</span> 
     </span>
     <span class='ocr_line' id='line_1_30' title="bbox 47 2869 1284 2962; baseline 0.004 -25"><span class='ocrx_word' id='word_1_254' title='bbox 47 2869 149 2962; x_wconf 76' lang='lat' dir='ltr'>«duit</span> <span class='ocrx_word' id='word_1_255' title='bbox 170 2883 232 2953; x_wconf 87' lang='lat' dir='ltr'>est,</span> <span class='ocrx_word' id='word_1_256' title='bbox 253 2871 379 2958; x_wconf 87' lang='lat' dir='ltr'>inquit,</span> <span class='ocrx_word' id='word_1_257' title='bbox 398 2870 490 2958; x_wconf 87' lang='lat' dir='ltr'>quod</span> <span class='ocrx_word' id='word_1_258' title='bbox 516 2873 609 2940; x_wconf 76' lang='lat' dir='ltr'>tanta</span> <span class='ocrx_word' id='word_1_259' title='bbox 633 2871 770 2939; x_wconf 74' lang='lat' dir='ltr'>tristitia</span> <span class='ocrx_word' id='word_1_260' title='bbox 786 2869 959 2960; x_wconf 82' lang='lat' dir='ltr'>affligeris,</span> <span class='ocrx_word' id='word_1_261' title='bbox 977 2869 1053 2940; x_wconf 82' lang='lat' dir='ltr'>fitia</span> <span class='ocrx_word' id='word_1_262' title='bbox 1074 2894 1090 2938; x_wconf 85' lang='lat' dir='ltr'>v</span> <span class='ocrx_word' id='word_1_263' title='bbox 1116 2895 1191 2940; x_wconf 84' lang='lat' dir='ltr'>-c</span> <span class='ocrx_word' id='word_1_264' title='bbox 1216 2876 1284 2942; x_wconf 90' lang='lat' dir='ltr'>Pu-</span> 
     </span>
     <span class='ocr_line' id='line_1_31' title="bbox 46 2950 1283 3049; baseline 0.011 -33"><span class='ocrx_word' id='word_1_265' title='bbox 46 2950 159 3040; x_wconf 88' lang='lat' dir='ltr'>blrcum,</span> <span class='ocrx_word' id='word_1_266' title='bbox 176 2960 233 3042; x_wconf 91' lang='lat' dir='ltr'>ait,</span> <span class='ocrx_word' id='word_1_267' title='bbox 245 2961 333 3030; x_wconf 90' lang='lat' dir='ltr'>dum</span> <span class='ocrx_word' id='word_1_268' title='bbox 348 2957 600 3031; x_wconf 76' lang='lat' dir='ltr'>transvadatum</span> <span class='ocrx_word' id='word_1_269' title='bbox 613 2959 723 3028; x_wconf 88' lang='lat' dir='ltr'>Ticini</span> <span class='ocrx_word' id='word_1_270' title='bbox 740 2957 888 3040; x_wconf 85' lang='lat' dir='ltr'>alveum,</span> <span class='ocrx_word' id='word_1_271' title='bbox 906 2961 940 3028; x_wconf 94' lang='lat' dir='ltr'>in</span> <span class='ocrx_word' id='word_1_272' title='bbox 954 2958 1107 3049; x_wconf 90' lang='lat' dir='ltr'>ejusdem</span> <span class='ocrx_word' id='word_1_273' title='bbox 1126 2961 1283 3031; x_wconf 84' lang='lat' dir='ltr'>fluminis</span> 
     </span>
     <span class='ocr_line' id='line_1_32' title="bbox 46 3039 1280 3140; baseline 0.006 -29"><span class='ocrx_word' id='word_1_274' title='bbox 46 3039 178 3140; x_wconf 82' lang='lat' dir='ltr'>luctibus</span> <span class='ocrx_word' id='word_1_275' title='bbox 202 3047 387 3139; x_wconf 89' lang='lat' dir='ltr'>pecuniam</span> <span class='ocrx_word' id='word_1_276' title='bbox 437 3047 598 3118; x_wconf 82' lang='lat' dir='ltr'>crdidi.»</span> <span class='ocrx_word' id='word_1_277' title='bbox 626 3047 686 3118; x_wconf 84' lang='lat' dir='ltr'>Cui</span> <span class='ocrx_word' id='word_1_278' title='bbox 706 3048 757 3118; x_wconf 92' lang='lat' dir='ltr'>vir</span> <span class='ocrx_word' id='word_1_279' title='bbox 780 3048 858 3116; x_wconf 86' lang='lat' dir='ltr'>Dei:</span> <span class='ocrx_word' id='word_1_280' title='bbox 886 3071 904 3114; x_wconf 86' lang='lat' dir='ltr'>cc</span> <span class='ocrx_word' id='word_1_281' title='bbox 929 3047 1016 3118; x_wconf 87' lang='lat' dir='ltr'>Illuc</span> <span class='ocrx_word' id='word_1_282' title='bbox 1035 3047 1096 3118; x_wconf 90' lang='lat' dir='ltr'>ubi</span> <span class='ocrx_word' id='word_1_283' title='bbox 1120 3049 1280 3131; x_wconf 90' lang='lat' dir='ltr'>amisisti,</span> 
     </span>
     <span class='ocr_line' id='line_1_33' title="bbox 44 3135 1284 3226; baseline -0.002 -15"><span class='ocrx_word' id='word_1_284' title='bbox 44 3141 86 3211; x_wconf 70' lang='lat'>³¹¹,</span> <span class='ocrx_word' id='word_1_285' title='bbox 103 3139 291 3222; x_wconf 80' lang='lat' dir='ltr'>pecuniam,</span> <span class='ocrx_word' id='word_1_286' title='bbox 317 3159 373 3207; x_wconf 90' lang='lat' dir='ltr'>me</span> <span class='ocrx_word' id='word_1_287' title='bbox 425 3137 528 3207; x_wconf 89' lang='lat' dir='ltr'>uoito.</span> <span class='ocrx_word' id='word_1_288' title='bbox 556 3141 747 3222; x_wconf 84' lang='lat' dir='ltr'>»Cumque</span> <span class='ocrx_word' id='word_1_289' title='bbox 769 3135 812 3206; x_wconf 91' lang='lat' dir='ltr'>ad</span> <span class='ocrx_word' id='word_1_290' title='bbox 837 3136 951 3206; x_wconf 89' lang='lat' dir='ltr'>locum</span> <span class='ocrx_word' id='word_1_291' title='bbox 977 3137 1209 3226; x_wconf 89' lang='lat' dir='ltr'>pervenisset,</span> <span class='ocrx_word' id='word_1_292' title='bbox 1235 3139 1284 3208; x_wconf 91' lang='lat' dir='ltr'>ait</span> 
     </span>
     <span class='ocr_line' id='line_1_34' title="bbox 45 3215 1320 3312; baseline 0.009 -22"><span class='ocrx_word' id='word_1_293' title='bbox 45 3215 138 3292; x_wconf 74' lang='lat' dir='ltr'>butus</span> <span class='ocrx_word' id='word_1_294' title='bbox 158 3229 379 3296; x_wconf 83' lang='lat' dir='ltr'>Iveotiusac</span> <span class='ocrx_word' id='word_1_295' title='bbox 414 3225 488 3296; x_wconf 83' lang='lat' dir='ltr'>Tibi</span> <span class='ocrx_word' id='word_1_296' title='bbox 513 3225 602 3306; x_wconf 90' lang='lat' dir='ltr'>dieo,</span> <span class='ocrx_word' id='word_1_297' title='bbox 629 3246 742 3312; x_wconf 87' lang='lat' dir='ltr'>aqua,</span> <span class='ocrx_word' id='word_1_298' title='bbox 772 3225 807 3293; x_wconf 92' lang='lat' dir='ltr'>in</span> <span class='ocrx_word' id='word_1_299' title='bbox 835 3226 973 3295; x_wconf 90' lang='lat' dir='ltr'>nomine</span> <span class='ocrx_word' id='word_1_300' title='bbox 1008 3225 1144 3296; x_wconf 86' lang='lat' dir='ltr'>Domini</span> <span class='ocrx_word' id='word_1_301' title='bbox 1174 3227 1284 3296; x_wconf 88' lang='lat' dir='ltr'>nostri</span> <span class='ocrx_word' id='word_1_302' title='bbox 1318 3299 1320 3303; x_wconf 81' lang='grc'>,</span> 
     </span>
     <span class='ocr_line' id='line_1_35' title="bbox 44 3309 1283 3404; baseline 0.006 -28"><span class='ocrx_word' id='word_1_303' title='bbox 44 3309 104 3404; x_wconf 75' lang='lat' dir='ltr'>lesu</span> <span class='ocrx_word' id='word_1_304' title='bbox 126 3313 257 3396; x_wconf 82' lang='lat' dir='ltr'>Christi,</span> <span class='ocrx_word' id='word_1_305' title='bbox 284 3315 344 3401; x_wconf 90' lang='lat' dir='ltr'>qui</span> <span class='ocrx_word' id='word_1_306' title='bbox 411 3313 515 3384; x_wconf 87' lang='lat' dir='ltr'>dibus</span> <span class='ocrx_word' id='word_1_307' title='bbox 539 3326 691 3403; x_wconf 87' lang='lat' dir='ltr'>superte</span> <span class='ocrx_word' id='word_1_308' title='bbox 709 3312 909 3394; x_wconf 89' lang='lat' dir='ltr'>ambulavit,</span> <span class='ocrx_word' id='word_1_309' title='bbox 937 3333 978 3384; x_wconf 93' lang='lat' dir='ltr'>ne</span> <span class='ocrx_word' id='word_1_310' title='bbox 1004 3314 1150 3384; x_wconf 89' lang='lat' dir='ltr'>retineas</span> <span class='ocrx_word' id='word_1_311' title='bbox 1178 3335 1283 3404; x_wconf 86' lang='lat' dir='ltr'>pecu·</span> 
     </span>
     <span class='ocr_line' id='line_1_36' title="bbox 45 3402 1281 3494; baseline 0.002 -26"><span class='ocrx_word' id='word_1_312' title='bbox 45 3413 126 3490; x_wconf 77' lang='lat' dir='ltr'>ptam,</span> <span class='ocrx_word' id='word_1_313' title='bbox 150 3423 210 3492; x_wconf 87' lang='lat' dir='ltr'>pro</span> <span class='ocrx_word' id='word_1_314' title='bbox 228 3425 302 3492; x_wconf 87' lang='lat' dir='ltr'>quo</span> <span class='ocrx_word' id='word_1_315' title='bbox 329 3425 349 3472; x_wconf 88' lang='lat' dir='ltr'>a</span> <span class='ocrx_word' id='word_1_316' title='bbox 387 3403 492 3494; x_wconf 79' lang='lat' dir='ltr'>igitur</span> <span class='ocrx_word' id='word_1_317' title='bbox 516 3403 618 3472; x_wconf 88' lang='lat' dir='ltr'>homo</span> <span class='ocrx_word' id='word_1_318' title='bbox 635 3402 708 3472; x_wconf 88' lang='lat' dir='ltr'>iste.</span> <span class='ocrx_word' id='word_1_319' title='bbox 728 3425 746 3470; x_wconf 85' lang='lat' dir='ltr'>v</span> <span class='ocrx_word' id='word_1_320' title='bbox 766 3404 933 3472; x_wconf 82' lang='lat' dir='ltr'>Continuo</span> <span class='ocrx_word' id='word_1_321' title='bbox 953 3415 1067 3472; x_wconf 90' lang='lat' dir='ltr'>autem</span> <span class='ocrx_word' id='word_1_322' title='bbox 1088 3402 1281 3484; x_wconf 88' lang='lat' dir='ltr'>vasculum,</span> 
     </span>
     <span class='ocr_line' id='line_1_37' title="bbox 44 3491 1284 3581; baseline 0.003 -25"><span class='ocrx_word' id='word_1_323' title='bbox 44 3503 136 3572; x_wconf 75' lang='lat' dir='ltr'>loquo</span> <span class='ocrx_word' id='word_1_324' title='bbox 151 3493 299 3580; x_wconf 81' lang='lat' dir='ltr'>pecuma</span> <span class='ocrx_word' id='word_1_325' title='bbox 318 3502 392 3562; x_wconf 89' lang='lat' dir='ltr'>erat</span> <span class='ocrx_word' id='word_1_326' title='bbox 415 3491 599 3572; x_wconf 89' lang='lat' dir='ltr'>recondita,</span> <span class='ocrx_word' id='word_1_327' title='bbox 627 3511 731 3580; x_wconf 90' lang='lat' dir='ltr'>super</span> <span class='ocrx_word' id='word_1_328' title='bbox 753 3511 862 3577; x_wconf 85' lang='lat' dir='ltr'>aquas</span> <span class='ocrx_word' id='word_1_329' title='bbox 886 3501 1003 3561; x_wconf 88' lang='lat' dir='ltr'>natare</span> <span class='ocrx_word' id='word_1_330' title='bbox 1025 3492 1148 3581; x_wconf 89' lang='lat' dir='ltr'>coepit,</span> <span class='ocrx_word' id='word_1_331' title='bbox 1167 3503 1200 3560; x_wconf 87' lang='lat' dir='ltr'>et</span> <span class='ocrx_word' id='word_1_332' title='bbox 1219 3513 1284 3560; x_wconf 92' lang='lat' dir='ltr'>un-</span> 
     </span>
     <span class='ocr_line' id='line_1_38' title="bbox 45 3567 1284 3670; baseline 0.01 -31"><span class='ocrx_word' id='word_1_333' title='bbox 45 3567 139 3644; x_wconf 87' lang='lat' dir='ltr'>darum</span> <span class='ocrx_word' id='word_1_334' title='bbox 166 3579 381 3670; x_wconf 82' lang='lat' dir='ltr'>impulsibus</span> <span class='ocrx_word' id='word_1_335' title='bbox 407 3591 609 3661; x_wconf 87' lang='lat' dir='ltr'>revocatam,</span> <span class='ocrx_word' id='word_1_336' title='bbox 632 3578 675 3649; x_wconf 90' lang='lat' dir='ltr'>ad</span> <span class='ocrx_word' id='word_1_337' title='bbox 707 3579 771 3648; x_wconf 92' lang='lat' dir='ltr'>viri</span> <span class='ocrx_word' id='word_1_338' title='bbox 800 3581 857 3648; x_wconf 85' lang='lat' dir='ltr'>Dei</span> <span class='ocrx_word' id='word_1_339' title='bbox 882 3579 1034 3670; x_wconf 80' lang='lat' dir='ltr'>vestigia,</span> <span class='ocrx_word' id='word_1_340' title='bbox 1054 3579 1088 3648; x_wconf 90' lang='lat' dir='ltr'>in</span> <span class='ocrx_word' id='word_1_341' title='bbox 1115 3579 1190 3650; x_wconf 91' lang='lat' dir='ltr'>loco</span> <span class='ocrx_word' id='word_1_342' title='bbox 1215 3601 1284 3667; x_wconf 89' lang='lat' dir='ltr'>quo</span> 
     </span>
     <span class='ocr_line' id='line_1_39' title="bbox 45 3663 1284 3770; baseline 0.002 -36"><span class='ocrx_word' id='word_1_343' title='bbox 45 3663 321 3759; x_wconf 77' lang='lat' dir='ltr'>stahcrappticuic.</span> <span class='ocrx_word' id='word_1_344' title='bbox 334 3673 442 3752; x_wconf 85' lang='lat' dir='ltr'>Quam</span> <span class='ocrx_word' id='word_1_345' title='bbox 458 3669 641 3770; x_wconf 86' lang='lat' dir='ltr'>pecuniam</span> <span class='ocrx_word' id='word_1_346' title='bbox 655 3667 918 3758; x_wconf 88' lang='lat' dir='ltr'>apprehendens</span> <span class='ocrx_word' id='word_1_347' title='bbox 931 3668 1078 3738; x_wconf 88' lang='lat' dir='ltr'>restituit</span> <span class='ocrx_word' id='word_1_348' title='bbox 1092 3667 1284 3738; x_wconf 87' lang='lat' dir='ltr'>tribulanti.</span> 
     </span>
     <span class='ocr_line' id='line_1_40' title="bbox 47 3749 1286 3857; baseline 0.006 -37"><span class='ocrx_word' id='word_1_349' title='bbox 47 3749 147 3838; x_wconf 81' lang='lat' dir='ltr'>ltgnus</span> <span class='ocrx_word' id='word_1_350' title='bbox 175 3757 328 3828; x_wconf 88' lang='lat' dir='ltr'>imitator</span> <span class='ocrx_word' id='word_1_351' title='bbox 365 3757 488 3838; x_wconf 82' lang='lat' dir='ltr'>Eliset,</span> <span class='ocrx_word' id='word_1_352' title='bbox 508 3757 579 3844; x_wconf 81' lang='lat' dir='ltr'>·qui</span> <span class='ocrx_word' id='word_1_353' title='bbox 606 3779 645 3826; x_wconf 84' lang='lat' dir='ltr'>ex</span> <span class='ocrx_word' id='word_1_354' title='bbox 668 3757 829 3826; x_wconf 82' lang='lat' dir='ltr'>lordonis</span> <span class='ocrx_word' id='word_1_355' title='bbox 859 3758 995 3857; x_wconf 72' lang='lat' dir='ltr'>gurgite</span> <span class='ocrx_word' id='word_1_356' title='bbox 1026 3779 1141 3826; x_wconf 91' lang='lat' dir='ltr'>coram</span> <span class='ocrx_word' id='word_1_357' title='bbox 1175 3757 1286 3828; x_wconf 87' lang='lat' dir='ltr'>oculis</span> 
     </span>
    </p>
   </div>
   <div class='ocr_carea' id='block_1_3' title="bbox 46 3832 1287 4468">
    <p class='ocr_par' dir='ltr' id='par_1_3' title="bbox 46 3832 1287 4293">
     <span class='ocr_line' id='line_1_41' title="bbox 46 3832 1284 3936; baseline 0.007 -29"><span class='ocrx_word' id='word_1_358' title='bbox 46 3832 166 3932; x_wconf 81' lang='lat' dir='ltr'>iliorum</span> <span class='ocrx_word' id='word_1_359' title='bbox 194 3847 443 3936; x_wconf 87' lang='lat' dir='ltr'>Prophetarum</span> <span class='ocrx_word' id='word_1_360' title='bbox 468 3844 727 3926; x_wconf 85' lang='lat' dir='ltr'>lorramentum,</span> <span class='ocrx_word' id='word_1_361' title='bbox 753 3845 844 3934; x_wconf 92' lang='lat' dir='ltr'>quod</span> <span class='ocrx_word' id='word_1_362' title='bbox 869 3867 905 3914; x_wconf 90' lang='lat' dir='ltr'>m</span> <span class='ocrx_word' id='word_1_363' title='bbox 925 3865 1006 3916; x_wconf 92' lang='lat' dir='ltr'>eum</span> <span class='ocrx_word' id='word_1_364' title='bbox 1030 3844 1205 3936; x_wconf 90' lang='lat' dir='ltr'>dilapsum</span> <span class='ocrx_word' id='word_1_365' title='bbox 1229 3867 1284 3918; x_wconf 87' lang='lat' dir='ltr'>ca·</span> 
     </span>
     <span class='ocr_line' id='line_1_42' title="bbox 47 3925 1284 4025; baseline 0.007 -28"><span class='ocrx_word' id='word_1_366' title='bbox 47 3925 156 4025; x_wconf 76' lang='lat' dir='ltr'>oderat,</span> <span class='ocrx_word' id='word_1_367' title='bbox 173 3955 280 4024; x_wconf 87' lang='lat' dir='ltr'>super</span> <span class='ocrx_word' id='word_1_368' title='bbox 306 3955 415 4021; x_wconf 85' lang='lat' dir='ltr'>aquas</span> <span class='ocrx_word' id='word_1_369' title='bbox 439 3945 557 4006; x_wconf 85' lang='lat' dir='ltr'>natare</span> <span class='ocrx_word' id='word_1_370' title='bbox 583 3933 673 4016; x_wconf 89' lang='lat' dir='ltr'>lecit,</span> <span class='ocrx_word' id='word_1_371' title='bbox 704 3933 878 4021; x_wconf 87' lang='lat' dir='ltr'>missoque</span> <span class='ocrx_word' id='word_1_372' title='bbox 900 3935 937 4006; x_wconf 92' lang='lat' dir='ltr'>in</span> <span class='ocrx_word' id='word_1_373' title='bbox 962 3935 1062 4022; x_wconf 89' lang='lat' dir='ltr'>aquis</span> <span class='ocrx_word' id='word_1_374' title='bbox 1087 3933 1284 4015; x_wconf 87' lang='lat' dir='ltr'>manubrio,</span> 
     </span>
     <span class='ocr_line' id='line_1_43' title="bbox 48 4021 1287 4114; baseline 0.003 -22"><span class='ocrx_word' id='word_1_375' title='bbox 48 4029 86 4114; x_wconf 71' lang='lat' dir='ltr'>tut</span> <span class='ocrx_word' id='word_1_376' title='bbox 105 4021 458 4106; x_wconf 86' lang='lat' dir='ltr'>amiserat,moerenti</span> <span class='ocrx_word' id='word_1_377' title='bbox 482 4023 642 4094; x_wconf 89' lang='lat' dir='ltr'>restituit.</span> <span class='ocrx_word' id='word_1_378' title='bbox 665 4021 763 4105; x_wconf 87' lang='lat' dir='ltr'>Quod</span> <span class='ocrx_word' id='word_1_379' title='bbox 790 4043 900 4110; x_wconf 83' lang='lat' dir='ltr'>quum</span> <span class='ocrx_word' id='word_1_380' title='bbox 929 4023 1138 4094; x_wconf 89' lang='lat' dir='ltr'>miraculum</span> <span class='ocrx_word' id='word_1_381' title='bbox 1166 4044 1287 4096; x_wconf 88' lang='lat' dir='ltr'>omncs</span> 
     </span>
     <span class='ocr_line' id='line_1_44' title="bbox 50 4108 1287 4202; baseline 0.002 -22"><span class='ocrx_word' id='word_1_382' title='bbox 50 4117 86 4180; x_wconf 79' lang='lat' dir='ltr'>ttt</span> <span class='ocrx_word' id='word_1_383' title='bbox 105 4108 242 4182; x_wconf 83' lang='lat' dir='ltr'>aderant</span> <span class='ocrx_word' id='word_1_384' title='bbox 271 4113 459 4193; x_wconf 82' lang='lat' dir='ltr'>vidissent,</span> <span class='ocrx_word' id='word_1_385' title='bbox 485 4112 615 4202; x_wconf 80' lang='lat' dir='ltr'>gratias</span> <span class='ocrx_word' id='word_1_386' title='bbox 637 4123 782 4202; x_wconf 76' lang='lat' dir='ltr'>egerunt</span> <span class='ocrx_word' id='word_1_387' title='bbox 811 4116 900 4193; x_wconf 84' lang='lat' dir='ltr'>beo,</span> <span class='ocrx_word' id='word_1_388' title='bbox 932 4113 993 4199; x_wconf 90' lang='lat' dir='ltr'>qui</span> <span class='ocrx_word' id='word_1_389' title='bbox 1025 4112 1099 4184; x_wconf 86' lang='lat' dir='ltr'>suis</span> <span class='ocrx_word' id='word_1_390' title='bbox 1122 4110 1287 4184; x_wconf 86' lang='lat' dir='ltr'>fidelibus</span> 
     </span>
     <span class='ocr_line' id='line_1_45' title="bbox 53 4200 732 4293; baseline 0 -25"><span class='ocrx_word' id='word_1_391' title='bbox 53 4203 152 4268; x_wconf 69' lang='lat' dir='ltr'>locato</span> <span class='ocrx_word' id='word_1_392' title='bbox 169 4212 260 4272; x_wconf 87' lang='lat' dir='ltr'>esset</span> <span class='ocrx_word' id='word_1_393' title='bbox 278 4223 339 4293; x_wconf 90' lang='lat' dir='ltr'>per</span> <span class='ocrx_word' id='word_1_394' title='bbox 353 4202 525 4272; x_wconf 88' lang='lat' dir='ltr'>orationes</span> <span class='ocrx_word' id='word_1_395' title='bbox 539 4200 648 4270; x_wconf 88' lang='lat' dir='ltr'>Patris</span> <span class='ocrx_word' id='word_1_396' title='bbox 665 4200 732 4270; x_wconf 92' lang='lat' dir='ltr'>sui.</span> 
     </span>
    </p>

    <p class='ocr_par' dir='ltr' id='par_1_4' title="bbox 56 4281 1285 4468">
     <span class='ocr_line' id='line_1_46' title="bbox 77 4281 1284 4378; baseline -0.005 -14"><span class='ocrx_word' id='word_1_397' title='bbox 77 4281 90 4364; x_wconf 77' lang='lat' dir='ltr'>l</span> <span class='ocrx_word' id='word_1_398' title='bbox 108 4291 175 4358; x_wconf 71' lang='lat' dir='ltr'>to.</span> <span class='ocrx_word' id='word_1_399' title='bbox 202 4291 425 4361; x_wconf 75' lang='lat' dir='ltr'>beatissimus</span> <span class='ocrx_word' id='word_1_400' title='bbox 445 4311 522 4359; x_wconf 89' lang='lat' dir='ltr'>vero</span> <span class='ocrx_word' id='word_1_401' title='bbox 539 4290 691 4360; x_wconf 87' lang='lat' dir='ltr'>lventius</span> <span class='ocrx_word' id='word_1_402' title='bbox 711 4287 925 4378; x_wconf 90' lang='lat' dir='ltr'>spiritalibus</span> <span class='ocrx_word' id='word_1_403' title='bbox 942 4288 1178 4359; x_wconf 85' lang='lat' dir='ltr'>inflammatus</span> <span class='ocrx_word' id='word_1_404' title='bbox 1192 4287 1284 4358; x_wconf 86' lang='lat' dir='ltr'>desi-</span> 
     </span>
     <span class='ocr_line' id='line_1_47' title="bbox 56 4357 1285 4468; baseline 0.012 -35"><span class='ocrx_word' id='word_1_405' title='bbox 56 4357 136 4455; x_wconf 77' lang='lat' dir='ltr'>datis,</span> <span class='ocrx_word' id='word_1_406' title='bbox 155 4378 409 4466; x_wconf 83' lang='lat' dir='ltr'>ambulansque</span> <span class='ocrx_word' id='word_1_407' title='bbox 423 4378 466 4448; x_wconf 93' lang='lat' dir='ltr'>de</span> <span class='ocrx_word' id='word_1_408' title='bbox 482 4379 606 4448; x_wconf 91' lang='lat' dir='ltr'>virtute</span> <span class='ocrx_word' id='word_1_409' title='bbox 622 4378 656 4446; x_wconf 94' lang='lat' dir='ltr'>in</span> <span class='ocrx_word' id='word_1_410' title='bbox 682 4379 854 4458; x_wconf 89' lang='lat' dir='ltr'>virtutem,</span> <span class='ocrx_word' id='word_1_411' title='bbox 881 4377 1110 4448; x_wconf 83' lang='lat' dir='ltr'>Mediolanum</span> <span class='ocrx_word' id='word_1_412' title='bbox 1137 4377 1285 4468; x_wconf 85' lang='lat' dir='ltr'>perrexit</span> 
     </span>
    </p>
   </div>
   <div class='ocr_carea' id='block_1_4' title="bbox 0 0 1490 4826">
    <p class='ocr_par' dir='ltr' id='par_1_5' title="bbox 0 0 1490 4826">
     <span class='ocr_line' id='line_1_48' title="bbox 0 0 1490 4826; baseline 0 4"><span class='ocrx_word' id='word_1_413' title='bbox 0 0 1490 4826; x_wconf 95' lang='lat' dir='ltr'> </span> 
     </span>
    </p>
   </div>
  </div>
 </body>
</html>
