2954 4816
45 298 111 361 lidii.
130 301 167 364 '26
374 322 412 366 nn
437 321 465 365 s.
493 319 654 367 sraetmrto
681 319 925 368 raoroimairnc
1190 305 1248 370 lbl

41 401 267 472 i-raedilicanda
292 405 555 474 similitudinem
583 407 674 474 vocis
700 407 898 486 amiserant,
917 427 990 472 eam
1019 406 1052 474 in
1074 407 1213 476 coelesti
1233 413 1293 477 Ec·

41 489 141 559 clasiae
157 495 409 564 constructione
427 507 681 584 recuperarent.
706 495 793 563 Hinc
811 495 915 586 igitur
935 495 1064 584 gratiae
1090 496 1241 585 Spiritus
1257 501 1290 566 S.

40 579 222 666 dispensatio
238 582 337 652 duxit
353 584 505 659 initium,
529 595 565 652 ut
589 583 681 670 quod
708 584 740 650 in
760 606 879 652 omnes
905 583 1066 653 homines
1081 583 1290 653 beneficium

38 668 260 752 ronlerebatnr,
285 673 350 740 liae
368 672 499 740 ratione
519 672 561 740 ad
579 673 735 740 omnium
755 673 984 761 cognitionem
1011 675 1211 761 perveniret,
1233 695 1288 753 ne,

37 759 58 822 si
75 759 234 848 religionis
253 760 497 850 promulgatio,
519 761 641 830 unicae
661 773 793 830 tantum
814 761 952 850 linguae
968 762 1123 830 terminis
1148 761 1292 830 conclu·

38 845 163 926 deretur,
191 848 396 918 bominibus
426 871 499 918 eam
532 849 686 940 linguam
719 850 959 939 ignorantibus
986 851 1070 920 nibil
1099 851 1287 940 prodesset.

36 946 127 1015 Quare
148 959 223 1006 oum
250 938 426 1007 Pharisaei
452 960 514 1007 nec
540 941 687 1028 propriis
712 939 856 1009 auribus
876 941 949 1029 jam
977 939 1079 1008 litlem
1109 939 1286 1020 baberent,

37 1037 61 1089 rt
81 1047 140 1102 eoa,
170 1027 228 1113 qui
251 1029 299 1096 rei
330 1039 397 1096 tam
427 1027 652 1096 admirandae
679 1041 817 1115 stupore
844 1028 1059 1108 tenebantur,
1091 1029 1285 1108 irriderent,

37 1112 111 1196 quod
127 1129 233 1184 musto
249 1116 423 1202 ejusmodi
442 1116 590 1185 lurorem
618 1117 785 1206 ,lpostolis
804 1117 965 1205 iniectum
981 1116 1146 1196 dicerent,
1168 1123 1286 1186 Petrus

38 1213 223 1282 autemnon
246 1206 415 1274 orationis
429 1205 537 1292 jactu,
560 1207 623 1273 tria
637 1207 834 1275 animarum
852 1206 960 1274 millia
978 1207 1110 1275 Christo
1133 1206 1289 1294 piscatus

40 1304 120 1369 esset,
142 1293 352 1379 assiduaque
378 1295 542 1384 deinceps
561 1315 693 1375 eorum,
724 1294 785 1380 qui
810 1296 1054 1374 servabantur,
1090 1295 1288 1364 accessione

37 1395 175 1450 cresceret
189 1383 364 1452 Ecclesiae
389 1383 585 1462 multituda,
613 1405 692 1452 cum
715 1397 745 1450 et
768 1381 834 1462 ille,
858 1385 917 1472 qui
941 1384 1013 1468 jam
1042 1383 1121 1451 inde
1146 1385 1189 1452 ab
1211 1385 1286 1472 ipso

36 1479 97 1537 ortu
117 1470 256 1542 claudus
281 1485 366 1550 erat,
390 1473 584 1559 Speciosam
612 1471 729 1560 templi
749 1485 878 1571 portam
908 1473 991 1560 ipsis
1012 1472 1172 1560 aperiret.
1191 1479 1290 1540 Tam-

36 1577 121 1640 quam
139 1563 226 1628 enim
252 1561 285 1628 ei
314 1561 546 1650 praesideret,
574 1583 655 1630 suae
684 1561 873 1629 curationis
904 1561 1101 1646 spectaculo
1131 1561 1290 1630 homines
1391 1595 1395 1600 v

37 1645 131 1712 anirno
153 1649 389 1718 claudicantes
404 1649 446 1718 ad
475 1649 574 1718 fidem
601 1650 760 1719 ducebat.
788 1651 1016 1731 Quamobrem
1038 1671 1117 1718 cum
1144 1650 1184 1718 ad
1210 1649 1290 1719 fidei

39 1737 304 1817 praedicationem
326 1739 551 1812 conlluerent,
568 1751 599 1808 et
624 1761 709 1807 usus
730 1739 900 1808 Ecclesiae
918 1739 1069 1827 plurium
1093 1744 1210 1823 opera,
1230 1740 1291 1824 qui

38 1823 141 1906 gratiae
171 1827 419 1908 ministrarent,
439 1829 618 1916 indigeret,
650 1829 798 1916 Spiritus
826 1832 971 1896 Sanetus
1001 1827 1043 1895 ad
1070 1827 1289 1913 adjuvandos

39 1913 186 2014 apostolos
215 1917 443 2006 Stephanum,
473 1917 579 1985 multet
598 1919 766 2005 sapientia
791 1917 969 2006 gratiaque
991 1915 1199 2005 praeditum,
1228 1915 1289 1983 ad·

41 2019 155 2070 roravit.
717 2059 720 2064 ,

72 2092 140 2172 §S
167 2093 291 2161 Nullus
314 2107 525 2162 autemeam
554 2109 691 2184 propter
716 2093 778 2161 hoc
810 2093 1028 2161 ministrandi
1055 2113 1178 2160 nomen
1202 2096 1289 2180 lpo-

39 2177 133 2246 stolica
149 2179 318 2270 dignitate
345 2182 537 2252 inferiorem
557 2185 736 2252 existimet.
762 2182 936 2268 Siquidem
959 2195 990 2249 et
1015 2180 1142 2250 Paulus
1163 2193 1289 2269 myste-

42 2264 141 2337 riorum
159 2271 284 2340 tlbristi
302 2294 337 2338 se
355 2273 552 2340 ministrum
573 2273 676 2352 novit,
699 2284 731 2339 et
748 2272 904 2340 omnium
927 2272 1102 2350 Dominus,
1123 2269 1205 2338 dum
1230 2289 1290 2359 per

39 2373 148 2425 carnem
166 2359 316 2429 salutem
344 2360 532 2428 humanam
558 2359 766 2450 disponeret,
792 2360 940 2428 ministri
968 2381 1091 2427 nomen
1116 2379 1181 2426 non
1208 2379 1289 2427 eru-

37 2441 102 2522 buit,
119 2445 245 2528 dicens,
275 2469 309 2519 se
327 2449 360 2516 in
384 2449 496 2517 medio
517 2461 672 2519 nostrum
699 2471 785 2529 asse,
813 2461 987 2538 tamquam
1015 2449 1075 2534 qui
1103 2446 1286 2524 ministrat,

34 2531 80 2624 qui
95 2533 277 2606 divisiones
296 2537 588 2606 ministrationum
603 2538 695 2617 lacit,
709 2552 746 2607 ut
763 2539 876 2624 inquit
889 2536 1082 2626 Apostolus.
1101 2540 1182 2604 Nam
1201 2536 1292 2604 sicut

35 2621 108 2705 ignis
132 2623 289 2695 idoneam
325 2639 446 2694 nactus
476 2628 675 2705 materiam,
704 2626 887 2696 sublimem
917 2628 1090 2694 llammam
1120 2625 1229 2702 tollit,
1260 2638 1292 2693 et

34 2709 282 2790 splendidiorem
307 2713 417 2783 lucem
440 2712 554 2794 efficit,
581 2717 626 2784 ita
653 2715 801 2804 Spiritus
830 2719 975 2784 Sanctus
999 2735 1038 2782 ex
1065 2735 1189 2802 magno
1216 2719 1287 2782 Ste-

35 2795 122 2882 phani
137 2805 251 2873 animo
270 2802 432 2872 clariores
450 2805 579 2894 gratiae
597 2804 709 2873 radios
724 2803 911 2872 emittebat.
930 2807 1146 2892 Quapropter
1165 2823 1285 2872 omnes

31 2887 79 2968 itui
105 2889 248 2982 alicujus
277 2905 374 2960 erant
402 2893 609 2982 cognitionis
633 2905 665 2961 et
689 2891 896 2982 disciplinae
921 2893 1117 2981 participes,
1137 2893 1180 2980 ,in
1206 2913 1285 2960 eum

33 2979 221 3059 spectabant,
249 2993 283 3049 et
308 3003 386 3049 com
409 2981 490 3062 illia,
518 2983 576 3068 qui
604 2980 827 3052 multitudine
852 2982 1047 3071 superiores
1067 2981 1287 3060 videbantur,

32 3067 248 3152 conjuratione
265 3069 364 3151 lacta,
392 3084 424 3140 et
450 3083 624 3157 tamquam
650 3072 685 3139 in
713 3069 902 3160 phalanges
933 3069 1091 3138 instructi
1121 3082 1153 3137 ot
1173 3069 1283 3148 densi,

34 3152 87 3220 rim
111 3169 141 3224 et
164 3158 332 3247 impetum
350 3159 513 3250 Stephani
538 3159 709 3228 sustinere
728 3159 954 3228 conabantur.
975 3157 1036 3227 llle
1054 3179 1130 3226 vero
1148 3169 1180 3226 et
1204 3179 1284 3225 cum

35 3238 322 3326 pluribus,etcum
340 3249 562 3334 paucioribus
577 3247 694 3317 eodem
718 3261 870 3336 tempore
885 3245 1123 3336 congrediens
1144 3269 1162 3314 a
1181 3245 1287 3313 nullis

36 3341 146 3411 poterat
161 3336 365 3425 expugnari.
393 3341 430 3406 ln
456 3337 520 3406 hoc
545 3349 659 3408 autem
682 3337 869 3406 certamine
889 3336 1046 3423 quamvis
1075 3335 1189 3424 sperio
1215 3334 1289 3434 ipsa

35 3415 244 3512 dleiandrini,
268 3439 300 3492 et
320 3425 499 3504 Libertini,
521 3439 553 3494 et
578 3427 750 3511 Cyrenaei,
770 3437 802 3493 et
827 3447 866 3494 ex
890 3425 985 3493 omni
1011 3436 1105 3514 parte
1130 3423 1289 3491 bomrnrs

35 3519 107 3575 iuter
133 3533 168 3580 se
195 3513 383 3599 conjuncti,
412 3513 577 3584 adversus
601 3515 681 3584 fidei
708 3527 997 3605 propugnatorem
1024 3511 1222 3580 viderentur
1243 3510 1290 3578 ir-

36 3611 125 3676 ruere,
151 3600 282 3670 occulte
302 3616 414 3672 tamen
442 3603 515 3690 ipsa
541 3617 636 3690 pater
653 3604 836 3682 mendacii,
861 3603 1034 3672 veritatem
1053 3621 1142 3687 quae
1162 3600 1196 3666 in
1217 3603 1287 3668 Ste-

36 3680 130 3762 phano
146 3685 357 3774 loquebatur,
384 3714 442 3781 per
459 3691 616 3764 hominos
631 3693 868 3783 oppugnabat.
889 3691 951 3761 Sed
969 3690 1133 3759 omnibus
1154 3688 1287 3757 lraudis

35 3765 253 3870 defensoribus
272 3801 291 3847 a
317 3779 386 3850 viro
406 3793 544 3851 strenuo
563 3782 765 3870 profligatis,
786 3781 827 3850 tle
849 3780 1029 3850 mendacio
1054 3778 1231 3878 victoriam
1258 3788 1290 3844 et

37 3864 233 3958 triumphum
255 3869 376 3940 veritas
398 3871 592 3958 reportavit.
611 3873 725 3940 Hostis
743 3871 847 3960 igitur
867 3869 1018 3938 veritatis
1039 3867 1292 3967 criminabatur

38 3952 166 4022 tentatis
186 3954 406 4040 ministrnm,
433 3957 525 4046 quod
553 3959 725 4029 veritatem
753 3981 821 4028 non
846 3981 934 4046 quae
962 3970 1071 4039 esset,
1100 3955 1287 4034 indicaret:

38 4033 81 4102 *rd
100 4061 182 4128 quae
203 4064 270 4112 non
290 4059 387 4126 esset,
408 4060 584 4118 assereret.
612 4049 698 4130 Quid
727 4049 808 4118 istas
834 4047 977 4116 insidias
1003 4047 1168 4115 adversus
1189 4064 1289 4140 prae-¹

39 4139 136 4220 torem
164 4131 255 4201 bunc
275 4137 402 4214 struis,
429 4159 449 4205 o
473 4135 634 4206 diabole?
657 4137 820 4206 dixissem
845 4159 918 4227 ego.
952 4137 985 4206 Si
1010 4135 1091 4223 quid
1120 4133 1234 4211 vales,
1262 4153 1291 4199 st

41 4207 146 4311 aliquid
167 4221 298 4291 roboris
322 4239 371 4293 cst
396 4225 467 4305 tibi,
493 4227 664 4295 raritatem
695 4227 829 4306 laedito,
848 4247 935 4313 quae
967 4227 999 4294 in
1031 4223 1203 4315 Stephano
1226 4232 1289 4288 est.

44 4310 87 4363 bio
113 4305 196 4378 dolis
224 4324 255 4378 et
285 4313 451 4382 machinis
477 4315 545 4383 tuis
569 4315 629 4383 illa
656 4315 839 4385 sublimior
864 4330 925 4394 cst,
957 4337 1019 4384 cur
1040 4316 1073 4382 in
1097 4313 1207 4402 ipsius
1232 4331 1290 4378 vas

44 4401 153 4462 cruces
185 4397 303 4468 odium
330 4413 360 4468 et
386 4403 656 4473 malevolentiam
690 4408 808 4473 tuam?
840 4410 923 4485 dur,
958 4427 997 4473 eo
1028 4401 1165 4482 relicto,
1197 4397 1289 4488 quod
