2994 4832
263 296 323 359 lQl
617 313 654 356 on
679 313 706 357 s.
736 311 814 356 sana
839 311 909 355 ann.
937 311 974 354 ιιι
999 309 1089 356 conr.
1153 299 1154 304 ’

218 397 361 465 nimiam
387 397 611 471 curationem,
639 409 677 464 ut
701 394 877 485 sigillatim
895 393 1131 474 declarabunt,
1150 415 1237 480 quae
1253 392 1397 480 deinceps
1416 412 1458 458 se·

168 545 169 552 ,
239 500 383 556 uuntur.
1483 511 1484 526 ι

217 507 345 661 ᾳξῦ.
378 573 590 658 Operabatnr
622 573 810 660 aliquando
842 574 977 640 bortum
1013 573 1223 641 monasterii.
1258 569 1338 638 ‚llala
1366 579 1457 636 autent

216 685 305 750 qnae
332 663 526 751 pendebant
550 662 593 730 ab
614 663 677 742 iis,
703 683 792 749 quae
821 661 1023 740 illicerent,
1051 661 1246 740 arboribus
1268 659 1338 746 ejus
1362 657 1458 724 incita·
1483 661 1484 714 t

217 753 300 820 bant
316 752 573 840 appetitionem,
592 765 625 820 et
646 751 826 820 movebant
842 750 884 818 ad
904 749 1110 818 vescendum
1125 761 1204 818 ante
1218 762 1357 837 tempus.
1377 750 1458 830 itque

218 840 281 908 suit
310 839 450 926 quidem
477 840 586 908 victus
616 839 660 908 ab
693 839 857 928 adspectu
891 859 1070 924 pomorum
1095 838 1220 926 (erant
1251 839 1337 906 enim
1362 833 1457 922 pulcra
1483 857 1484 912 ι

218 929 335 1016 visu),
363 941 401 996 ut
423 929 483 1015 qui
509 928 581 1015 ipse
605 949 741 1016 quoque
769 941 858 996 esset
889 927 1015 1006 bomo,
1041 941 1073 996 et
1098 927 1264 996 humanis
1288 923 1459 994 deliniretur
1483 915 1484 988 l

217 1017 479 1106 cupiditatibus.
506 1017 623 1087 Victus
647 1030 697 1086 est
721 1030 834 1086 autem
854 1015 1075 1103 usqueadeo,
1103 1029 1139 1084 ut
1162 1015 1292 1084 malum
1312 1033 1405 1080 manu
1418 1033 1459 1079 ca·

219 1121 322 1194 peret.
347 1106 474 1174 Deinde
497 1127 576 1174 cum
598 1106 819 1175 intellexisset
836 1127 909 1174 esse
935 1104 1019 1173 tales
1046 1103 1187 1193 maligni
1206 1103 1358 1180 insidias,
1382 1113 1409 1167 et
1422 1119 1459 1167 so·

218 1195 286 1265 lere
310 1217 388 1262 eum
415 1194 558 1264 latenter
582 1195 762 1274 attrahere,
790 1215 926 1282 semper
951 1192 1155 1282 voluptatem
1183 1189 1371 1280 objiciendo
1394 1202 1460 1257 tatu·

218 1305 322 1371 quarn
337 1305 464 1363 escam,
479 1297 511 1352 et
528 1297 643 1372 postea
664 1285 860 1372 suspicatus
877 1293 964 1350 esset
981 1284 1014 1350 in
1034 1281 1148 1350 lructu
1166 1281 1272 1350 latere
1284 1290 1458 1367 serpentem

217 1387 250 1441 et
266 1373 448 1441 coritasset
465 1371 594 1461 primos
612 1389 769 1461 parentes
786 1395 803 1440 a
828 1371 1000 1459 voluptate
1020 1383 1052 1438 et
1073 1372 1150 1439 cibo
1172 1371 1297 1460 ejectos
1321 1369 1413 1437 luisse
1432 1385 1459 1431 er

221 1427 390 1548 paradiso,
418 1483 505 1546 quac
528 1481 585 1530 eos
607 1462 778 1531 conlisere
809 1460 908 1528 malis
934 1459 1263 1529 innumerabilibus.
1296 1463 1378 1526 Haec
1400 1475 1457 1522 cun

219 1550 276 1618 ille
292 1563 404 1618 mente
418 1548 535 1637 pulcre
555 1550 728 1640 agitasset,
746 1567 779 1619 et
793 1548 984 1639 juvenilius
1007 1549 1079 1636 ipse
1095 1548 1246 1636 scipsum
1269 1550 1458 1634 increpasset.

220 1639 350 1706 malum
377 1639 490 1707 statim
515 1639 596 1725 jecit
622 1639 739 1708 bumi:
767 1655 896 1706 etcum
923 1637 955 1704 id
981 1637 1125 1726 pedibus
1143 1636 1385 1709 conculcasset.
1401 1651 1459 1700 cunt

221 1726 310 1794 malo
330 1729 430 1795 etiam
450 1727 631 1796 conculcat
646 1727 883 1817 cupiditatem,
902 1738 934 1793 et
955 1747 1042 1806 eam,
1066 1747 1154 1811 quae
1169 1726 1244 1814 ejus
1272 1727 1389 1794 vicerat
1402 1741 1461 1818 ocu·

220 1815 282 1894 los,
310 1837 368 1904 per
392 1817 554 1906 probrum
580 1827 612 1885 et
635 1816 879 1884 contumeliam
902 1816 1041 1902 proterit
1057 1815 1129 1884 suis
1148 1813 1315 1903 pedibus:
1343 1813 1419 1881 banc
1438 1829 1460 1873 n

222 1917 395 1993 posterum
423 1905 486 1974 sibi
514 1903 621 1995 legem
650 1906 844 1993 imponens,
872 1917 909 1973 ut
935 1917 1000 1972 toto
1020 1904 1105 1972 ritae
1126 1915 1290 1992 tempore,
1317 1900 1397 1970 malo
1414 1916 1460 1964 non

222 2007 380 2062 vescatur
403 1994 578 2083 amplius,
613 2015 722 2080 neque
755 1993 932 2083 indulgeat
964 1993 1090 2061 ventris
1114 1993 1330 2081 appetitioni.
1357 1990 1397 2058 to
1423 1984 1462 2052 illo

220 2103 301 2172 ergo
318 2094 468 2172 tempore
494 2095 657 2172 perpetuo
681 2083 716 2150 in
742 2103 879 2152 summa
896 2084 1051 2150 omnium
1075 2101 1188 2149 rerum
1218 2082 1299 2150 vixit
1322 2077 1462 2148 abstinen-

222 2172 291 2248 tia,
320 2173 431 2240 somni
459 2182 589 2240 tantum
616 2173 779 2260 capiens,
805 2182 972 2256 quantum
999 2169 1083 2237 satis
1105 2182 1177 2237 erat
1201 2169 1242 2238 ad
1269 2169 1346 2258 ejus
1366 2171 1484 2250 'corpur

221 2261 495 2339 continendum,
523 2259 614 2346 quod
647 2272 719 2329 erat
747 2259 921 2329 continuis
950 2257 1121 2328 defessum
1157 2257 1346 2327 laboribus.
1375 2259 1461 2324 llanus

222 2370 301 2417 vero
322 2350 419 2418 beato
444 2349 550 2417 Sabae
577 2369 753 2435 nunquam
773 2349 1018 2438 quiescebant:
1045 2347 1102 2414 sed
1128 2345 1268 2432 quando
1289 2369 1352 2417 non
1370 2363 1416 2412 ets
1433 2333 1462 2405 ιιι
1483 2321 1484 2370 t

223 2442 328 2506 Deum
348 2451 505 2506 extensas
522 2437 669 2506 babebat
684 2437 804 2516 oratio,
831 2459 890 2504 eae
916 2449 1079 2524 perpetuo
1099 2435 1327 2506 versabantur
1345 2435 1374 2503 in
1390 2445 1464 2518 opert

222 2525 340 2611 aliquo
360 2525 528 2605 faciendo,
554 2547 607 2605 ne,
636 2527 663 2594 si
692 2526 741 2594 vel
769 2547 955 2614 parumper
983 2523 1192 2593 relaxaretur
1207 2525 1378 2612 cogitatio,
1401 2516 1464 2608 olant¹

223 2635 289 2682 non
310 2613 571 2683 animadversus
596 2615 722 2686 sensim
750 2615 913 2703 irreperet
939 2613 1112 2682 inimicus.
1142 2613 1227 2680 Hine
1250 2613 1382 2682 virtutis
1404 2608 1433 2676 tn
1446 2623 1465 2668 tt

224 2723 338 2790 penna
364 2700 480 2782 levior,
507 2716 539 2770 et
563 2724 699 2772 omnem
725 2725 814 2790 quae
838 2717 910 2772 crat
938 2702 1108 2770 Flavianis
1139 2701 1382 2772 lraternitatem
1404 2697 1467 2784 lettl

223 2803 337 2860 autem
357 2792 493 2860 circiter
517 2793 735 2894 septuaginta
759 2790 921 2877 fratrum)
944 2790 1149 2870 obedientia,
1176 2805 1208 2858 et
1233 2789 1427 2860 bumilitate.
1447 2790 1467 2845 d

223 2879 386 2948 omnibus
402 2879 480 2948 aliis
496 2880 710 2968 Evangeltcis
731 2894 819 2950 recte
835 2879 933 2949 lactis
950 2878 1146 2968 superabat.
1249 2930 1251 2937 .
1455 2955 1466 2962 ..

270 2971 359 3054 §lb
386 2968 559 3050 Quaedam
586 2983 700 3038 autem
726 2971 760 3037 in
787 2969 889 3038 corde
913 2969 1060 3058 agitans,
1091 2989 1169 3036 cum
1199 2968 1309 3036 divini
1338 2961 1468 3062 desident

224 3055 358 3124 nullum
387 3056 527 3126 modum
554 3061 678 3138 nosset,
707 3079 768 3126 ner.
793 3059 995 3133 satietatem,
1023 3059 1056 3124 in
1083 3057 1199 3126 animo
1220 3057 1367 3126 babebat
1391 3070 1429 3118 tre
1445 3063 1468 3112 n

224 3157 376 3214 sanctam
410 3145 603 3226 civitatem,
629 3161 661 3215 et
685 3146 911 3237 contemplari
948 3145 1021 3214 loca
1054 3157 1195 3226 sancta,
1230 3143 1470 3230 tusciaeque

224 3235 333 3302 visere
359 3245 481 3324 patres,
501 3236 674 3324 quierant
702 3237 736 3304 in
763 3234 969 3312 solitudine,
1000 3247 1033 3302 et
1052 3255 1089 3303 aa
1112 3233 1198 3315 lrui,
1225 3255 1315 3320 qnae
1343 3253 1388 3328 ea¹
1409 3229 1470 3321 ipsa

225 3323 424 3413 percipitur,
443 3323 601 3404 utilitate,
629 3339 689 3394 aut
711 3325 813 3392 etiam
841 3325 1038 3392 incitatione
1061 3344 1177 3392 eorum
1207 3323 1292 3392 vitae
1313 3324 1471 3390 institutio·

225 3413 299 3490 nis,
325 3411 504 3482 ostendere
527 3415 693 3482 acriorem
724 3414 890 3502 impetum
917 3411 957 3480 ad
995 3413 1164 3480 virtutem.
1196 3411 1229 3479 Si
1260 3412 1352 3479 enim
1387 3401 1471 3474 malae

223 3501 493 3572 consuetudines
512 3515 544 3571 et
560 3503 822 3592 congressiones
841 3514 983 3590 possunt
1002 3502 1109 3570 bonos
1127 3521 1238 3568 mores
1254 3507 1469 3582 corrumpere?

223 3605 352 3678 quanto
379 3591 488 3679 magis
503 3591 610 3661 bonos
632 3612 742 3660 mores
758 3592 866 3660 bonae
890 3589 1117 3676 adjuvabunt,
1141 3601 1173 3656 et
1192 3587 1310 3677 pulcre
1328 3584 1472 3654 deducent

224 3679 388 3758 adriam,
415 3700 504 3766 quae
527 3678 592 3748 lert
625 3679 667 3747 ad
695 3680 878 3748 virtutem?
909 3677 1045 3748 tlocedit
1068 3681 1183 3763 itaque
1206 3676 1248 3745 ad
1290 3672 1471 3745 Praefectum

226 3769 435 3848 monasterii,
458 3781 491 3837 et
515 3771 670 3837 animum
692 3768 813 3857 aperit,
833 3781 865 3836 et
888 3769 932 3837 ab
956 3789 995 3836 eo
1020 3767 1113 3856 petit,
1145 3777 1183 3835 ut
1207 3766 1305 3834 liceat
1329 3759 1471 3832 secedere.

224 3853 286 3922 llle
303 3877 378 3924 vero
401 3879 467 3925 non
490 3858 708 3947 permittens.
730 3857 788 3926 sed
817 3856 932 3926 volens
958 3856 1127 3945 imperare
1146 3855 1318 3942 juventuti
1338 3865 1400 3920 tam
1419 3860 1473 3913 mt-

225 3941 373 4023 deratae,
400 3959 432 4014 et
455 3967 543 4032 quae
567 3945 754 4015 admodum
783 3945 937 4032 pulcram
964 3944 1112 4014 babebat
1135 3944 1310 4020 animam,
1342 3959 1404 4008 non
1426 3950 1473 4000 tu·

224 4031 339 4100 diebat
354 4034 602 4116 obsecrantem,
622 4046 655 4102 et
675 4055 814 4124 peregre
830 4033 1001 4124 proficisci
1028 4046 1268 4122 properantem
1293 4051 1357 4099 non
1379 4018 1474 4093 dimit-

226 4121 327 4200 tebat,
353 4135 385 4190 et
409 4123 523 4210 ipsum
549 4124 690 4193 ornnino
708 4123 898 4192 conabatur
914 4121 1078 4191 detinere.
1108 4121 1234 4189 Deinde
1258 4141 1336 4188 cum
1355 4114 1393 4185 ad
1411 4125 1473 4200 eum

225 4231 243 4276 e
266 4211 403 4307 superis
423 4211 539 4279 divina
569 4212 738 4296 quaedam
756 4211 948 4281 advenisset
966 4210 1062 4291 visio,
1090 4209 1231 4278 mandat
1254 4221 1290 4278 ut
1307 4204 1420 4276 Sabata
1435 4193 1475 4260 dt·

227 4307 349 4374 mtttat‚
376 4318 438 4365 nec
456 4299 644 4384 probibeat,
667 4322 734 4386 quo
760 4301 877 4369 minus
894 4321 1034 4389 peregre
1062 4298 1310 4388 proficiscatur.
1337 4291 1394 4388 llle
1410 4301 1477 4368 ergo

228 4402 416 4470 persuasus
434 4385 581 4466 visione,
612 4409 690 4455 eunt
717 4387 862 4467 dimisit,
894 4402 926 4456 et
951 4387 1223 4468 invitusvolenti
1250 4382 1413 4476 permittit,
1446 4377 1475 4436 ut
