2934 4810
231 294 334 364 l082*
579 315 843 364 uannrnouoaturi
866 315 1085 362 rcuusnnenun
1305 293 1371 357 uit.
1391 292 1414 352 ii

186 398 334 473 Leander,
350 395 522 486 allexander
534 405 565 486 et
578 397 676 460 Soter.
693 397 735 489 lle
747 413 820 489 quo·
879 397 1070 489 ‘Munmnon
1088 427 1125 438 -
1140 394 1171 456 ln
1185 409 1257 486 pago
1266 393 1416 484 londonen·

185 493 253 618 Eun:
269 491 431 618 οοιροὲῗηι
448 484 714 618 rnggntmlnenagrt
730 477 820 618 ῗὸξιί·
849 473 1215 633 cugufflConlessorrs.
1230 473 1309 551 (Vide
1321 475 1415 532 sarrai.

225 572 337 619 rusrn
398 572 467 617 ron.
525 572 564 618 no
612 573 706 618 orm
812 573 919 634 ‚pa.
1020 599 1026 614 .

211 711 311 752 mutus
669 711 720 752 ont
733 711 795 752 xm.

227 797 460 860 Μιιιιτιιιοι.ω
484 797 640 875 Syracusis
662 799 694 859 in
719 799 821 861 Sicilia
1121 866 1158 876 ..
1196 866 1202 876 ι
1310 862 1315 872 ,

188 876 297 940 natalis
326 885 447 940 sanctae
475 876 592 938 Lucane
618 878 759 955 Virginis
792 888 824 940 et
987 864 1168 928 Obiltrmtvtl
1189 865 1346 927 utilitati

187 957 339 1036 llartyris,
354 959 385 1018 in
402 958 612 1035 persecutione
626 957 821 1020 Diocletiani:
1006 952 1133 1032 probol).
1157 970 1236 1015 uano
1254 950 1313 1012 ild.

188 1052 282 1113 quam
303 1051 373 1098 cum
394 1035 532 1110 lenones,
555 1037 676 1115 quibus,
695 1037 824 1115 jubente
1310 1112 1315 1121 Ι

188 1115 345 1177 Paschasio
365 1113 536 1187 Consulari,
562 1116 671 1178 tradita
697 1125 773 1191 erat,
790 1123 824 1180 ut
891 1113 1070 1176 Maarrnou.
1094 1145 1133 1157 -
1149 1113 1182 1175 ln
1197 1112 1333 1174 territorio
1348 1109 1421 1181 Arsen

190 1211 204 1256 a
232 1195 345 1272 populo
373 1194 500 1257 castitati
529 1195 595 1272 eius
622 1195 823 1268 illuderetur,
853 1195 995 1256 toratensi
1011 1190 1401 1265 sanotanrnmmnl‘irpinis.

190 1273 302 1336 ducere
317 1274 441 1347 uellent,
460 1273 631 1338 nuliatenus
644 1291 710 1338 cam
723 1280 825 1338 move·
893 1273 989 1346 llaec,
1015 1271 1204 1336 nobilissimo
1223 1285 1323 1348 genere
1344 1275 1421 1327 ercan

190 1369 224 1415 re
238 1361 416 1430 potuerunt,
428 1369 483 1416 nec
497 1355 622 1417 ionibus
637 1354 756 1432 additis,
771 1372 826 1418 nec
855 1353 965 1426 risum,
980 1369 1107 1432 quuma
1124 1352 1280 1416 nativitate
1292 1363 1360 1410 caem
1372 1360 1423 1406 ea

191 1432 283 1494 boum
313 1433 396 1511 jugis
424 1433 584 1512 plurimis:
618 1435 728 1498 deinde
754 1451 825 1498 vero
855 1434 887 1492 in
915 1433 1102 1510 baptismate,
1126 1441 1159 1494 ut
1180 1433 1283 1502 iertnr,
1302 1421 1419 1502 recepit-l!

191 1513 311 1588 picem,
336 1512 481 1587 resinam,
510 1514 633 1576 terrens
657 1515 759 1576 oleum
782 1516 824 1577 nil
856 1513 917 1590 ipso
935 1511 1105 1590 juventutis
1126 1513 1212 1583 llore,
1235 1511 1317 1571 uitam
1332 1515 1420 1596 moust-

192 1591 268 1654 laesa
284 1607 441 1669 superans,
459 1593 581 1656 tandem
596 1593 695 1671 gladio
709 1597 741 1656 in
757 1601 826 1671 gut·
855 1607 921 1654 cam
944 1593 1073 1670 professa
1087 1597 1146 1652 est.
1170 1591 1352 1652 altitonensis
1362 1595 1420 1656 itu:

193 1677 261 1732 ture
276 1687 425 1746 percussa,
441 1673 624 1752 martyrium
639 1689 827 1738 consumma·
857 1669 1024 1751 Homdurp)
1043 1669 1196 1744 coenobii,
1217 1669 1291 1748 quod
1313 1671 1420 1750 pateret

192 1752 246 1814 vit·
264 1750 352 1827 (Vide
368 1752 507 1823 Surium,
528 1771 594 1832 pag.
617 1752 699 1830 324).
856 1751 1043 1824 condiderat,
1068 1750 1220 1813 eonattssa
1244 1753 1339 1816 creata,
1357 1751 1420 1833 nint

856 1824 1420 1914 quantoscoelomanipulosintulentun

233 1945 272 1954 -—
294 1910 328 1972 ln
342 1909 487 1973 Armenia
512 1913 607 1990 passio
629 1911 682 1973 SS.
698 1913 755 1975 llll
771 1914 827 1976 llu-
857 1910 944 1988 paulo
971 1919 1036 1988 post
1064 1917 1213 1971 trecentas
1239 1907 1352 1992 triginta¹
1369 1909 1420 1961 sarri

192 2007 327 2065 srnarrr,
339 1991 506 2064 Anxanum,
518 1990 654 2066 Euenum,
667 1992 826 2056 Mannann
857 1991 917 2052 Deo
931 1990 1076 2068 virgines,
1096 1988 1230 2066 exempli
1250 2003 1292 2047 sur
1311 1982 1421 2056 diligent*-

194 2077 225 2131 ct
239 2069 379 2142 Oansrrs,
393 2072 423 2131 in
447 2073 656 2148 persecutione
670 2073 827 2135 Iliocletia-
856 2074 947 2132 simas
967 2070 1101 2132 aemulas
1115 2075 1146 2130 et
1160 2066 1316 2146 discipulas
1333 2071 1422 2150 nulnrtt·

195 2151 243 2211 ni:
266 2167 303 2212 eu
325 2151 434 2229 onibus
458 2149 629 2212 Eustratius
653 2154 752 2231 primo
773 2153 829 2216 sub
858 2157 914 2212 ret.
941 2151 1063 2212 vacarit
1091 2149 1247 2209 continuis
1264 2145 1320 2207 lere
1340 2145 1421 2232 jejuni

195 2228 294 2308 Lysia,
316 2230 426 2292 deinde
454 2229 576 2292 Sebaste
600 2231 655 2294 snb
670 2232 829 2310 Agricolae
858 2229 970 2306 vigiliis
1005 2237 1157 2308 praeterea
1185 2237 1273 2305 atoue
1302 2215 1422 2284 omuonrlu

195 2307 334 2370 Praeside
363 2311 423 2370 und
451 2325 519 2370 cum
547 2308 650 2373 Oreste
673 2313 829 2388 exquisitis
859 2315 1004 2388 perpetuo
1015 2308 1142 2370 addicta.
1156 2303 1416 2396 Misericordiaeopgrt

196 2391 359 2451 tormentis
371 2389 533 2462 cruciatus,
543 2391 575 2450 in
590 2390 743 2453 lornacem
758 2393 829 2452 mis·
859 2399 891 2450 ut
906 2389 1023 2465 propria
1041 2387 1158 2458 habuit,
1173 2384 1314 2465 eiusmodi
1327 2389 1423 2466 aserim

196 2485 247 2531 sus
268 2468 402 2530 reddidit
415 2469 573 2546 spiritum:
590 2467 708 2532 Orestes
727 2481 829 2533 autem
859 2471 921 2529 risa
935 2468 1051 2528 mirum
1068 2468 1099 2528 in
1122 2467 1246 2528 modum
1268 2455 1422 2545 semperne

196 2549 229 2610 in
251 2557 379 2610 stratum
400 2547 534 2610 ferreum
560 2549 692 2624 ignitum
719 2551 831 2626 positus
858 2548 946 2611 ctari.
970 2547 1055 2608 Dono
1074 2546 1277 2620 lacrymarum
1299 2537 1420 2603 retiati

197 2627 345 2702 migrarit
372 2627 408 2690 ad
431 2627 612 2690 Dominum:
637 2631 726 2691 ceteri
752 2631 828 2708 apud
860 2625 1144 2706 MenolopioBcocd.
1159 2621 1345 2696 eteBaillet).

199 2707 366 2770 Arabracos
376 2706 662 2783 saevissimisagitati
676 2708 832 2788 suppliciis
1356 2776 1359 2784 Ι

197 2786 255 2848 sub
264 2788 350 2866 Lysia
360 2787 711 2850 Praesidediversimode
720 2797 832 2867 marty·
900 2817 939 2830 -
960 2783 1062 2846 lloiini
1092 2786 1121 2845 in
1149 2783 1265 2852 Gallia,
1288 2775 1421 2868 nataliam·

200 2867 282 2928 rium
293 2873 555 2930 consummarunt.
579 2865 693 2930 Eorum
707 2883 832 2946 corpora
861 2871 924 2926 ctae
938 2864 1076 2927 losanae
1092 2863 1286 2926 ancrscus
1299 2859 1420 2948 Fotidi?

197 2953 296 3024 postea
323 2945 453 3008 Romam
476 2945 628 3010 translata.
651 2948 683 3009 in
707 2946 832 3010 ecclesia
862 2943 987 3006 Chautal
1024 2942 1302 3006 sanctimonialium
1331 2937 1421 3026 lisina·

196 3026 292 3086 sancti
307 3025 489 3100 Apollinaris
506 3025 673 3088 honorilice
686 3033 761 3087 sunt
775 3026 833 3088 col·
862 3025 910 3085 nis
933 3031 1052 3085 sanctae
1073 3021 1185 3084 llariae
1210 3021 1383 3105 Fundanum
1398 3021 1422 3062 t:

197 3103 303 3166 locata.
326 3103 414 3180 (Vide
429 3105 569 3180 Surr'om,
583 3120 648 3184 pag.
670 3105 753 3184 305).
863 3103 980 3166 uilitate
1004 3103 1144 3182 generis,
1168 3098 1349 3164 sanctimonii
1365 3097 1421 3146 rrae

863 3197 952 3259 onam
982 3183 1015 3244 in
1041 3179 1231 3260 quadruplici
1251 3185 1320 3242 statu
1341 3175 1421 3260 sotii·

297 3269 328 3334 S.
352 3271 403 3332 AN
407 3270 568 3334 TIOCHUS
589 3273 734 3335 Manain.
865 3269 910 3326 tor
923 3263 1019 3333 duxit,
1032 3261 1293 3402 efimmcffloftum
1306 3251 1421 3390 multifidi·

495 3381 505 3412 ,·
863 3343 1021 3418 spicuaea
1062 3341 1208 3402 'emente
1250 3339 1391 3400 ecimoert
1412 3333 1421 3422 ἦ

279 3379 396 3440 passm
416 3384 461 3439 επ
478 3395 561 3442 ma
580 3393 661 3440 amm
687 3377 753 3441 ΗΟ·
863 3407 1422 3502 Sanctarumnumernmrelatae.Satrt†3

239 3501 418 3565 llunrrnou.
443 3537 482 3550 -
503 3504 591 3581 Apud
606 3501 781 3566 Sardiniam
802 3503 834 3564 in
863 3501 927 3578 ejus
954 3517 1064 3579 corpus
1084 3499 1255 3562 Anneciurn
1283 3498 1309 3556 in
1332 3488 1420 3579 Soliti-¹

200 3581 353 3644 Sulcitana
374 3582 471 3645 insula
493 3585 587 3661 passio
607 3583 704 3645 sancti
727 3584 836 3646 durio-
866 3580 1056 3656 translatum,
1074 3582 1105 3640 in
1122 3580 1219 3657 prima
1238 3577 1279 3640 sni
1299 3571 1421 3634 Ordinis

201 3677 253 3723 cnr
273 3661 328 3724 sub
342 3662 493 3725 Hadriano
509 3663 702 3741 imperatore.
863 3659 950 3723 clesia
962 3657 1091 3722 solemni
1103 3673 1210 3738 pompa
1227 3652 1374 3720 tumulatum
1384 3641 1420 3755 ittw

239 3741 281 3804 lie
295 3742 402 3804 eodem
417 3741 609 3818 tabulaeeius
625 3741 836 3805 ecclesiaelaac
865 3740 936 3817 EJ'us
958 3745 1061 3802 autem
1083 3739 1167 3800 diem
1189 3739 1290 3800 testum
1310 3727 1419 3822 duodttti·

200 3822 260 3884 dic.
279 3819 352 3883 lnde
366 3823 471 3896 etiam,
489 3824 528 3886 ita
548 3821 707 3898 Berenice,
722 3822 835 3900 accepi·
864 3819 1010 3882 Kalendas
1023 3816 1211 3896 Septembris
1224 3817 1259 3880 ab
1274 3819 1381 3900 uniuersa
1394 3793 1420 3852 l:

200 3915 270 3964 mus
283 3901 349 3978 ejus
363 3902 434 3964 dcta
452 3902 570 3980 plenius
591 3903 710 3980 scripta,
731 3909 835 3980 atque,
864 3899 954 3962 clesia
981 3895 1121 3985 Clemens
1154 3873 1420 3978 quartodecimo-itiL

200 3990 293 4122 prout
307 3983 339 4044 in
354 3981 419 4058 ejus
435 3981 631 4044 solemnitate
652 3981 773 4044 recitari
790 3997 836 4043 so·
865 3979 945 4041 brari
962 3977 1130 4040 mandarit.
1155 3977 1241 4054 (Vide
1260 3977 1370 4035 sineri
1390 3968 1413 4008 m

212 4068 277 4135 ent,
293 4077 346 4139 per
361 4060 508 4123 lectiones
520 4060 672 4124 distincta.
866 4076 930 4132 vrri,
946 4073 1013 4137 pag.
1028 4057 1085 4118 tter
1100 4056 1182 4134 etc).

998 739 1027 802 S.
1048 737 1203 802 OTlllle
1224 739 1318 800 l'rnuo.
1387 783 1391 798 .

241 4251 282 4263 -
306 4218 457 4284 Gameraci
486 4223 517 4282 in
542 4219 635 4283 Gallia
656 4222 750 4282 sancti
779 4221 837 4282 du·

202 4313 333 4358 anonam
354 4299 490 4377 Episcopi
501 4307 532 4362 et
542 4298 736 4363 contessoris.
748 4299 838 4378 (Vide

204 4374 346 4448 Surium,
364 4393 429 4455 pag.
453 4377 534 4456 328).
