3046 4838
259 275 301 338 56
623 291 662 336 ns
687 291 713 336 s.
736 287 840 336 simio
864 291 913 334 er.
941 287 1071 335 rvovioii.
1346 269 1425 332 nst.
1447 271 1457 331 l
1502 225 1503 236 l

216 375 375 464 sperabat
399 374 542 444 feliciter
566 375 640 444 sine
659 374 726 442 fine
749 375 934 444 victurum.
964 376 1043 442 Erat
1065 371 1132 441 fide
1157 371 1291 450 firmus,
1310 391 1406 459 opere
1419 371 1465 461 ju·
1502 369 1503 420 ἶ

216 478 301 545 stus,
324 464 457 554 judicio
472 463 756 551 circumspectus,
783 462 959 532 devotione
987 461 1204 551 praecipuus,
1230 459 1379 528 moribus
1398 483 1466 530 sua·
1502 495 1503 508 ι

215 555 389 633 vissimus,
419 573 523 620 sensu
540 551 774 630 doctissimus,
795 551 911 620 animo
931 549 1151 638 tranquillae,
1173 548 1275 618 corde
1293 549 1465 648 piissimus,
1502 591 1503 594 =

215 647 356 730 Semper
386 639 541 710 servabat
564 641 599 709 in
625 639 723 710 factis
747 640 996 721 sinceritatem,
1024 641 1058 707 in
1090 637 1192 708 corde
1226 649 1413 726 puritatem,
1438 638 1466 704 iu
1502 703 1503 716 2

214 730 346 800 actione
370 730 541 810 virtutem,
569 729 601 797 in
621 727 777 798 moribus
800 728 1033 817 disciplinam.
1059 727 1245 798 Exhibebat
1260 727 1294 794 in
1319 725 1468 814 simplici·

214 817 574 899 tateinnocentiam,in
590 817 755 887 charitate
764 817 997 898 concordiam,
1010 815 1250 885 inhumilitate
1267 815 1465 892 modestiam,
1502 855 1503 890 2

213 909 250 976 in
274 906 511 976 adhortatione
534 906 761 996 diligentiam,
792 907 827 974 in
852 904 1058 993 adjuvandis
1087 903 1322 974 laborantibus
1340 903 1469 993 vigilan·
1502 925 1503 992 3

215 996 310 1078 tiam,
334 997 369 1063 in
386 994 540 1066 fovendis
566 995 775 1086 pauperibus
796 993 1087 1074 misericordiam,
1115 993 1148 1062 in
1174 991 1396 1062 defendendis
1420 997 1468 1060 Ca·
1502 1017 1503 1084 3

216 1084 361 1155 tholieae
392 1082 560 1153 Ecclesiae
589 1083 808 1172 dogmatibus
834 1083 1073 1154 constantiam.
1101 1086 1218 1151 Seruio
1244 1081 1320 1170 ejus
1348 1101 1468 1168 semper
1502 1089 1503 1166 t

216 1173 374 1243 comitate
386 1172 758 1244 etcharitateconditus
768 1184 923 1258 erat,quo
935 1183 1064 1241 mentes
1076 1170 1292 1240 audientium
1306 1182 1465 1254 tamquam

217 1261 389 1332 luminare
415 1261 710 1332 radiantissimum
738 1261 943 1332 illustrabat.
963 1264 989 1329 0
1007 1281 1082 1328 vere
1107 1258 1313 1328 imitandum
1346 1258 1463 1326 viruml

217 1354 242 1421 0
281 1371 396 1420 semen
426 1351 581 1420 ilbrahae
614 1349 852 1419 benedictuml
880 1352 905 1419 0
930 1348 1153 1439 proponenda
1182 1346 1345 1417 omnibus
1383 1345 1469 1434 ptigit

217 1439 394 1528 exemplat
427 1438 491 1508 Sed
524 1440 690 1509 hactenus
717 1439 874 1526 quidem,
908 1438 971 1506 etsi
1000 1459 1121 1526 parum
1153 1435 1338 1527 eleganter,
1372 1445 1468 1503 tamen

216 1528 358 1618 prolixe,
374 1528 416 1596 de
432 1527 520 1596 beati
537 1528 601 1596 viri
618 1529 682 1596 vita
701 1527 864 1606 diximus,
884 1547 1095 1614 quamquam
1113 1525 1214 1615 longe
1230 1524 1359 1604 minus,
1379 1543 1468 1609 quain

216 1639 278 1706 pro
303 1617 432 1686 meritis
446 1630 479 1684 et
497 1614 663 1706 dignitate
679 1615 785 1686 illius.
809 1621 970 1705 Superest
986 1637 1089 1695 nunc,
1113 1627 1150 1683 ut
1166 1636 1227 1703 pro
1242 1611 1468 1682 aedificatione

218 1705 418 1782 multorum,
436 1705 512 1792 ejus
536 1705 636 1784 evita
650 1705 828 1774 decessum
850 1725 1171 1774 commemoremus

262 1801 281 1875 ἓ
305 1797 379 1865 81.
406 1797 488 1862 Cum
512 1815 596 1884 ergo
617 1794 736 1863 beatus
765 1793 895 1893 Eligius'
922 1793 1038 1862 omnia
1063 1791 1186 1862 mundi
1215 1791 1322 1883 hujus
1346 1795 1471 1888 adverse

218 1881 493 1970 multiplicesque
518 1882 651 1952 labores
674 1882 734 1950 diu
758 1880 889 1951 fortiter
912 1881 1109 1960 tolerasset,
1140 1881 1325 1952 innumera
1352 1883 1470 1952 miseri-

216 1971 352 2039 cordiae
368 1983 400 2040 et
416 1970 636 2060 benignitatis
653 1969 764 2038 officia
780 1970 1014 2058 praestitisset,
1035 1970 1164 2058 optima
1179 1969 1315 2040 vivendi
1333 1966 1472 2056 exemplo

216 2058 258 2127 de
283 2081 317 2130 se
342 2059 567 2147 praebuisset,
595 2060 747 2148 captivos
774 2059 941 2147 plurimos
965 2071 997 2128 et
1018 2079 1123 2149 prope
1143 2056 1414 2130 innumerabiles
1430 2077 1471 2123 ie·
1502 2113 1503 2142 ,

215 2147 389 2230 demissae
418 2171 561 2238 magnos
590 2147 836 2216 monachorum
864 2161 896 2217 et
924 2148 1170 2217 monacharum
1196 2169 1319 2240 greges
1344 2148 1472 2219 Domino
1502 2143 1503 2210 l

214 2236 418 2326 collegisset,
442 2236 677 2307 incredibilem
693 2235 987 2326 eleemosynarum
1007 2237 1142 2326 copiam
1159 2235 1193 2303 in
1221 2259 1390 2328 pauperes
1405 2256 1470 2305 eon·
1502 2241 1503 2326 t

215 2325 360 2406 tulisset,
380 2338 412 2394 et
436 2327 591 2414 ingentes
615 2325 681 2394 sibi
698 2325 896 2394 meritorum
910 2324 1090 2396 thesauros
1113 2339 1359 2410 coacervasset,
1378 2343 1472 2396 annos
1502 2335 1503 2358 ³

210 2413 283 2504 jain
303 2426 403 2484 natus
427 2413 577 2503 amplius
601 2413 830 2504 septuaginta,
859 2414 1008 2482 sentiens
1025 2414 1207 2483 imminere
1222 2415 1471 2486 dissolutionem

214 2503 369 2592 corporis
387 2504 456 2582 sui,
474 2502 623 2588 quodam
650 2502 706 2571 die
722 2525 802 2572 curn
824 2501 1006 2592 discipulis
1029 2501 1102 2571 suis
1127 2502 1162 2570 in
1187 2505 1404 2576 Noviomensi
1422 2523 1472 2590 op·
1502 2493 1503 2566 l

240 2590 297 2660 ido
321 2591 587 2671 deambulabat,
621 2603 722 2677 atque
753 2591 889 2660 interim
922 2613 1005 2660 casu
1042 2591 1179 2662 eminus
1207 2595 1423 2683 conspiciens
1445 2591 1471 2656 iu

215 2613 325 2748 lionte
339 2677 501 2748 basilicae
514 2679 603 2748 beati
617 2679 767 2748 llledardi
784 2681 946 2768 parietem
963 2679 1121 2748 nonnihil
1136 2679 1329 2772 diruptum,
1348 2683 1472 2752 ruinam

215 2767 353 2847 minari,
379 2788 486 2856 ocyus
505 2768 611 2856 jussit
625 2767 737 2850 [acciri
758 2768 942 2848 artificem,
968 2769 1029 2855 qui
1053 2769 1216 2859 parietem
1241 2771 1471 2840 communiret.
1502 2807 1503 2834 i

215 2855 413 2924 Dicentibus
437 2868 550 2925 autem
571 2855 764 2944 discipulis,
791 2868 829 2925 ut
857 2869 1089 2957 opportunum
1111 2869 1249 2949 tempus
1279 2860 1471 2932 sustineret,

214 2964 283 3028 quo
303 2956 335 3012 et
350 2943 485 3014 facilins
505 2957 537 3014 et
552 2944 746 3014 durabilius
760 2965 911 3034 reparari
930 2958 1053 3036 posset,
1072 2945 1129 3015 ille
1143 2947 1332 3038 respondit:
1346 2953 1473 3017 «Immo

210 3032 284 3120 jam
310 3031 380 3102 fiat:
408 3054 487 3102 nam
513 3032 653 3120 alioqui,
681 3032 790 3123 Eligio
807 3034 999 3124 superstite,
1023 3055 1089 3104 non
1107 3034 1175 3104 fiet.
1196 3059 1213 3103 »
1232 3035 1294 3106 lllo
1320 3055 1472 3106 veroser-

214 3142 316 3189 mone
331 3121 416 3190 mire
432 3144 551 3192 omnes
566 3122 785 3203 consternati,
808 3123 1017 3211 gemebundi
1033 3122 1194 3194 dixerunt
1206 3124 1249 3194 ad
1274 3147 1368 3194 eum:
1389 3129 1471 3193 «Non
1502 3157 1503 3174 i

212 3210 400 3300 contingat,
434 3211 583 3293 domine,
621 3211 719 3280 uobis
743 3209 884 3282 famulis
909 3212 977 3281 tuis
1012 3211 1125 3280 videre
1159 3213 1250 3299 quod
1285 3213 1397 3283 dicis:
1422 3207 1471 3280 sed
1502 3175 1503 3258 l

213 3299 329 3388 potius
345 3300 386 3368 ad
410 3301 578 3370 Ecclesiae
594 3321 676 3368 suae
691 3313 938 3370 ornamentum
964 3312 996 3371 et
1021 3321 1211 3390 pauperum
1238 3302 1471 3377 levamentum,

212 3388 368 3458 Christus
393 3400 485 3457 tuam
506 3388 757 3458 beatitudinem
783 3388 817 3456 in
836 3388 963 3458 multos
988 3411 1097 3458 annos
1122 3391 1243 3460 florere
1267 3390 1472 3460 velitiiTum

211 3475 281 3558 ille,
301 3475 446 3548 sublatis
471 3477 673 3566 suppliciter
698 3477 731 3545 in
757 3477 890 3547 coeluin
917 3476 1038 3558 oculis,
1066 3478 1110 3547 ab
1129 3479 1199 3549 imo
1225 3490 1359 3569 pectore
1381 3478 1473 3564 longa

211 3565 350 3635 trahens
375 3566 545 3667 suspiria:
565 3589 582 3634 «
599 3572 669 3636 llon
692 3577 818 3647 nostra,
844 3566 968 3652 inquit,
996 3567 1053 3636 sed
1082 3567 1216 3636 Domini
1241 3567 1398 3637 voluntas
1422 3565 1473 3633 fiat
1502 3593 1503 3648 i

209 3652 252 3721 de
268 3677 333 3724 me.
350 3659 460 3745 Exigit
477 3677 559 3726 sane
575 3655 649 3744 ipsa
665 3667 807 3724 naturae
823 3655 986 3735 conditio,
1011 3668 1048 3725 ut
1065 3671 1140 3744 post
1153 3656 1256 3746 longa
1275 3656 1362 3725 vitae
1378 3655 1473 3742 hujus
1502 3649 1503 3728 l

208 3740 459 3813 oblectamenta
482 3744 620 3813 tandem
636 3766 756 3814 eamus
780 3743 821 3812 ad
848 3744 995 3814 veniam.
1024 3744 1137 3814 Sedet
1161 3745 1256 3814 vobis
1280 3744 1425 3835 expedit,
1442 3751 1472 3808 ut

210 3851 229 3897 a
254 3828 380 3931 divina·
391 3832 575 3916 voluntate,
602 3855 705 3920 quain
732 3833 899 3921 impedire
925 3854 990 3902 non
1018 3833 1170 3923 potestis,
1192 3833 1335 3903 minime
1353 3833 1472 3901 discre-

209 3930 319 4018 petis:
353 3941 426 3988 sme
450 3921 557 3992 dubio
581 3922 672 3990 enini
700 3922 918 4010 praefinitum
947 3934 1093 4012 tempus·
1108 3943 1201 3992 nunc
1233 3922 1374 3992 adest.»
1400 3923 1472 3989 Om-

209 4007 312 4076 nibus
337 4008 442 4098 igitur
465 4009 563 4079 valde
591 4011 836 4089 moerentibus,
870 4031 992 4080 rursus
1016 4012 1085 4079 ait:
1109 4012 1264 4090 «Nolite,
1293 4009 1402 4087 tilioli,
1423 4007 1472 4073 do·
1502 4037 1503 4092 p

208 4093 277 4164 lere
302 4096 365 4165 boc
384 4099 532 4178 nomine,
554 4097 611 4168 sed
632 4099 745 4187 potius
761 4097 984 4188 gratulamini
1010 4099 1107 4167 mibi.
1131 4103 1202 4169 lloo
1226 4113 1360 4188 tempus
1384 4097 1470 4165 enini

203 4183 277 4338 {am
296 4184 376 4252 olim
402 4206 465 4276 ego
481 4186 731 4266 desiderabam,
747 4186 956 4343 jampridem
976 4187 1066 4256 banc
1084 4187 1170 4256 mihi
1186 4187 1382 4259 missionem
1402 4191 1471 4274 post

222 4293 330 4360 ongas
357 4273 440 4342 vitae
475 4273 580 4364 hujus
611 4296 796 4344 aerumnas
832 4275 893 4343 ieri
929 4277 1156 4366 peroptavi.»
1186 4282 1307 4346 Verum
1329 4273 1397 4343 illis
1441 4293 1470 4337 e·
1502 4283 1503 4362 ζ

210 4358 395 4438 mentibus,
424 4374 583 4430 ettamen
609 4362 757 4448 quadam
784 4362 897 4432 adhuc
915 4363 1142 4454 ambiguitate
1166 4364 1396 4442 haerentibus,
1416 4294 1467 4428 ilia

1502 4535 1503 4576 l
