2972 4826
250 315 314 380 238
590 333 629 378 nn
653 333 698 378 ss.
724 329 803 378 sino
827 333 864 378 ar
888 331 1014 379 avennio
1038 331 1088 379 ar.
1338 313 1413 380 DEC.
1434 317 1450 379 9

207 419 330 488 Christi
358 416 537 506 Apostolus
565 415 772 486 Antiochena
797 415 967 496 Ecclesia,
996 418 1028 485 in
1057 439 1125 504 qua
1150 417 1298 506 primum
1321 417 1449 486 novellae

207 507 318 598 gentis
342 505 573 576 Christianum
600 525 723 573 nomen
750 517 905 574 exortum
926 517 987 582 est,
1014 505 1259 576 aedificaturus
1284 510 1448 575 Romanam

207 595 405 674 Ecclesiam,
425 592 466 662 ad
488 598 678 662 Romanam
699 593 819 663 urbem
847 594 1013 675 transivit;
1032 595 1149 682 ibique
1165 593 1360 684 praedicans
1373 593 1450 663 Chri-

207 696 297 753 stum
323 682 539 764 crucifixum,
561 702 749 768 omnesque
767 683 907 752 virtutes
930 682 1059 753 faciens
1074 696 1175 770 atque
1194 681 1366 761 miracula,
1379 703 1450 768 quae

208 794 322 842 coram
349 770 590 860 conspectibus
613 769 824 840 ludaeorum
850 770 985 849 lecerat,
1015 771 1142 841 multos
1165 770 1207 840 ad
1238 771 1448 844 credulitatem

208 861 263 930 sui
283 859 447 930 convertit
469 858 613 929 oraculi.
633 859 765 941 Quibus
790 861 824 928 in
843 859 965 930 diebus
986 866 1119 930 Marcus
1136 861 1357 952 Evangelista,
1372 859 1450 948 adju·

209 962 262 1019 tor
279 961 312 1018 et
327 950 494 1037 interpres
517 947 590 1037 ejus
607 946 759 1029 elnotus,
778 948 820 1016 de
836 949 999 1019 omnibns
1018 971 1105 1036 quae
1129 971 1168 1018 ex
1192 970 1250 1019 ore
1274 949 1364 1018 illius
1378 947 1451 1016 didi·

208 1050 300 1107 cerat
316 1037 532 1107 mirabilibus
558 1035 735 1106 salvatoris
752 1037 857 1105 nostri
872 1043 954 1107 lesu
968 1037 1091 1108 Christi
1116 1037 1335 1128 Evangelium
1352 1036 1449 1110 edidit,

232 1126 300 1196 uod
326 1125 469 1215 plurimi
485 1125 585 1194 etiam
612 1125 701 1194 beati
717 1125 804 1194 Petri
818 1147 891 1194 esse
906 1125 1125 1206 confirmant,
1147 1148 1186 1196 eo
1205 1125 1296 1212 quod
1321 1125 1450 1213 ejusden

208 1149 415 1285 documento
430 1213 588 1284 eruditus
608 1213 822 1304 Evangelista
837 1219 970 1286 hlarcus
983 1213 1205 1306 Evangelium
1219 1214 1307 1285 illud
1327 1215 1451 1284 conscri-

209 1304 326 1395 pserit,
348 1317 381 1372 et
403 1303 479 1390 ejus
496 1302 540 1371 sit
556 1303 754 1372 auctoritate
769 1297 943 1373 firmatum
970 1318 1072 1391 atque
1088 1303 1130 1372 ad
1157 1303 1338 1404 legendum
1362 1302 1451 1372 Eccle

209 1393 280 1464 siae
301 1391 475 1461 traditum.
491 1395 626 1462 Marcus
643 1413 720 1460 vero
731 1391 944 1481 Evangelista
965 1407 1041 1482 post
1058 1393 1142 1462 haec
1162 1391 1338 1482 digressus
1354 1397 1449 1466 Roma,

209 1481 250 1550 ad
277 1485 464 1570 Aegyptum
491 1479 648 1568 perrexit,
670 1493 772 1567 atque
787 1480 1050 1550 Alexandrinam
1067 1480 1246 1551 ecclesiam
1263 1501 1303 1550 ex
1323 1479 1451 1548 doctrina
1481 1509 1482 1514 ,

209 1571 359 1660 Magistri
377 1569 555 1658 operarius
571 1569 722 1638 veritatis
740 1569 826 1638 mira
845 1569 1029 1640 concordia
1044 1581 1077 1640 et
1096 1571 1315 1639 sanctissima
1337 1589 1452 1638 conver-

209 1663 339 1729 satione
362 1657 530 1729 fundavit.
556 1656 776 1747 Evangelium
809 1671 946 1738 autem,
973 1657 1063 1746 quod
1102 1671 1241 1748 rogatus
1273 1657 1452 1728 alratribus
1480 1697 1482 1726 ;

208 1753 335 1818 Romae
351 1745 553 1827 confecerat,
581 1766 695 1815 secum
714 1744 881 1827 deserens,
899 1746 1035 1817 beatum
1058 1747 1168 1817 virum
1185 1751 1418 1847 Hermagoran
1430 1743 1449 1816 ⁸.
1480 1765 1482 1824 j

208 1857 309 1922 quem
336 1837 409 1925 ipse
432 1833 591 1904 educavit
614 1847 647 1905 et
665 1836 846 1916 enutrivit,
877 1836 998 1906 ordine
1023 1837 1104 1905 vicis
1130 1857 1210 1905 suae
1251 1835 1366 1906 Italiae
1393 1855 1451 1923 pru-

208 1925 325 1994 dentia
340 1937 373 1994 et
396 1925 574 1995 sanctitate
592 1922 729 2010 reliquit
749 1925 932 2015 insignem.
952 1925 1063 2012 Hujus
1089 1924 1265 1994 auditores
1292 1939 1387 2011 atque
1405 1921 1451 1990 mi·

209 2014 308 2084 nistri
332 2011 543 2082 venerabiles
560 2012 622 2080 viri
640 2017 660 2082 S
688 2033 746 2081 rus
762 2011 902 2082 luerunt
921 2024 1022 2103 atque
1046 2015 1208 2083 lventius.
1236 2017 1321 2082 Ecce
1341 2013 1450 2082 enimc

209 2102 300 2174 lonte
318 2100 460 2172 luminis
477 2033 740 2170 inaestimahilis
755 2101 892 2172 claritas
914 2100 1113 2189 procedens,
1142 2123 1201 2192 per
1224 2101 1324 2172 beata
1344 2113 1450 2191 pectora

208 2191 371 2270 derivata,
393 2189 582 2259 Ticinensis
605 2189 722 2279 populi
751 2192 885 2259 animos
904 2189 1154 2260 circumfulsit:
1173 2191 1219 2260 ita
1244 2212 1264 2260 a
1289 2191 1410 2260 Christo
1429 2187 1450 2252 in

211 2285 360 2360 Petrum,
387 2283 520 2348 aPetro
547 2279 580 2345 in
602 2281 765 2357 Marcum,
793 2301 813 2347 a
840 2281 951 2349 Harco
978 2299 1056 2348 vero
1086 2280 1119 2346 in
1150 2283 1402 2372 Hermagoram‚
1422 2273 1451 2341 ab

210 2373 420 2458 Hermagora
440 2367 473 2433 in
501 2367 716 2438 beatissimos
739 2367 830 2438 viros
855 2372 977 2456 Syrum
1008 2380 1109 2455 atque
1126 2370 1294 2438 lventium
1326 2381 1450 2436 transcu-

208 2455 327 2536 currit,
355 2467 392 2525 ut
416 2454 617 2545 impleretur
650 2455 736 2525 illud
769 2455 969 2524 Psalmistae
995 2457 1238 2545 praeconium:
1270 2460 1336 2540 Qui
1356 2451 1450 2524 emittit

208 2547 377 2636 eloquium
400 2566 498 2612 suom
523 2554 643 2624 terrae,
661 2547 818 2614 velociter
834 2547 940 2613 currit
963 2567 1069 2614 sermo
1085 2547 1157 2637 ejus
1179 2545 1250 2635 (Pa.
1271 2545 1358 2628 tlt).

251 2637 269 2722 §
294 2637 338 2704 ².
366 2637 468 2702 Porro
491 2632 545 2702 his
561 2631 750 2702 secundum
770 2633 906 2703 divinae
923 2635 1117 2723 scripturae
1137 2633 1353 2703 traditionem
1378 2647 1451 2726 prae·

208 2723 335 2805 missis,
361 2720 530 2802 ordinem,
552 2743 653 2807 quem
674 2741 714 2792 ex
738 2724 907 2792 sermonis
932 2723 1019 2791 vitae
1041 2744 1159 2792 eorum
1176 2723 1368 2793 narratione
1384 2717 1451 2787 didr-

207 2813 340 2892 cimus,
370 2831 592 2896 exequamur.
618 2811 728 2901 lgitur
761 2810 982 2880 beatissimus
1008 2815 1236 2902 Hermagoras
1272 2812 1354 2881 dum
1378 2801 1449 2894 apud

206 2899 454 2989 Aquilejensem
485 2898 605 2968 urbem
632 2897 770 2988 populis
800 2899 918 2970 insciis
943 2900 1114 2969 Christum
1137 2900 1451 2986 Dominuminnote-

156 3067 162 3078 ‚
206 2999 324 3068 sceret,
343 2987 455 3076 coepit
477 3009 516 3056 en
533 2986 677 3058 diversis
698 2988 852 3076 partibus
869 2987 910 3056 ad
936 2988 1011 3078 ejus
1027 2988 1187 3084 dogmata
1207 2989 1361 3058 inlinitae
1384 2979 1449 3052 mul·

208 3075 367 3146 titudinis
398 3088 515 3146 coetus
545 3097 767 3156 concurrere,
803 3089 835 3146 et
865 3097 1016 3164 superno
1046 3077 1161 3146 afflatu
1186 3076 1292 3147 veloci
1318 3073 1451 3168 felicitate

206 3165 328 3235 Christi
354 3165 502 3236 Ecclesia
532 3165 736 3255 germinare,
759 3165 805 3234 ita
830 3186 923 3245 sane,
951 3179 989 3236 ut
1012 3165 1053 3234 ad
1074 3165 1312 3236 credulitatem
1340 3158 1451 3254 prandi·

206 3255 351 3326 cationis
375 3255 449 3345 ejus
474 3265 604 3323 mentes
623 3253 827 3337 conferrent,
846 3253 887 3322 ad
913 3275 999 3340 quos
1014 3255 1104 3324 verbi
1124 3253 1219 3325 illius
1235 3255 1378 3324 eruditio
1392 3267 1451 3336 par·

206 3344 365 3413 venisset.
388 3348 583 3414 Convocans
607 3354 720 3412 autem
739 3343 920 3412 alumnum
945 3365 1045 3412 suum
1072 3347 1196 3433 Syrum
1218 3339 1401 3434 Episcopali
1415 3335 1451 3402 la·

207 3433 247 3502 sti
275 3433 307 3503 io
330 3431 510 3514 dedicavit,
527 3442 630 3519 atque
653 3432 855 3502 consocians
880 3430 930 3501 illi
948 3431 1084 3502 beatum
1101 3432 1283 3514 lventium,
1304 3431 1344 3501 ad
1371 3443 1451 3496 ercn-

230 3455 423 3592 ehzandum
450 3541 573 3590 nomen
611 3520 746 3590 Domini
777 3520 884 3590 nostri
907 3525 990 3592 lesu
1022 3519 1145 3590 Christi
1173 3521 1312 3609 Papiam
1348 3515 1448 3586 urben

207 3545 341 3692 direxit,
367 3621 537 3697 quatenus
555 3608 682 3678 ibldem
709 3609 850 3678 honoris
874 3609 979 3698 hujus
1006 3607 1207 3699 iungeretur
1225 3605 1450 3677 minister-ian

206 3699 309 3770 fidem
327 3698 449 3770 Christi
470 3696 598 3855 populo
615 3698 649 3766 in
668 3697 785 3767 eadem
815 3698 1042 3767 commoranti
1067 3697 1270 3780 ostenderet,
1300 3719 1337 3766 ac
1368 3709 1450 3782 paga·

206 3809 328 3858 norum
347 3787 518 3858 animosC
547 3787 619 3856 risti
636 3788 765 3878 gratiae
784 3787 971 3876 copularet.
998 3787 1151 3857 Absoluti
1176 3787 1289 3874 itaque
1313 3807 1331 3854 a
1360 3787 1446 3850 Patre.

207 3877 366 3964 auctique
394 3875 691 3946 benedictionibus
715 3877 811 3964 ejus,
838 3876 926 3945 viam
956 3876 1065 3945 sancti
1089 3875 1193 3966 hujus
1225 3871 1363 3976 ingressi
1386 3873 1449 3936 sunt

205 3965 331 4053 operis.
351 3965 674 4052 Proficiscentesque
698 3963 780 4034 dum
806 3965 1053 4035 Veronensium
1074 3965 1241 4066 oppidum
1263 3961 1445 4032 introissent,

206 4053 417 4142 nonpotuit
439 4053 615 4132 abscondi,
638 4053 735 4142 juxta
767 4054 1012 4144 Evangelium,
1039 4055 1158 4124 civitas
1187 4070 1290 4143 snper
1320 4057 1445 4117 montem
1475 4125 1476 4128 Ἴ

161 4219 165 4232 ,
208 4141 328 4232 posita.
355 4145 437 4211 Nam
462 4141 628 4229 quaedam
656 4142 871 4212 nobilissima
895 4141 1045 4211 foemina
1070 4163 1219 4234 superno
1242 4140 1355 4210 crebro
1378 4141 1446 4200 nutu

207 4229 393 4312 admonita,
421 4231 614 4320 ingressum
640 4252 757 4301 eorum
780 4253 982 4321 agnoscens,
1009 4253 1147 4300 summa
1167 4230 1209 4299 ad
1234 4251 1289 4301 eos
1318 4243 1389 4318 cum
1408 4215 1446 4282 lt·

208 4319 390 4390 stinatione
414 4320 583 4388 cucurrit:
614 4320 768 4388 orbatam
794 4342 830 4390 se
855 4320 956 4390 unico
988 4318 1060 4390 silio
1095 4318 1297 4410 deplorans,
1324 4307 1445 4404 pedibus

229 4443 242 4470 *
257 4443 279 4484 8.
288 4443 444 4493 Hermagorae
454 4443 534 4485 natale
545 4445 582 4485 dle
593 4446 617 4486 tt
625 4441 679 4494 tutti
690 4441 809 4486 recolitur.
822 4445 879 4487 Vide
889 4445 1008 4495 Herlyrol.
1020 4446 1112 4488 illustr.
1122 4447 1165 4488 boc
1177 4445 1222 4492 dte,
1230 4453 1293 4496 poss.
1304 4437 1357 4484 ow,
1365 4429 1416 4474 tlt‘.
