2994 4832
208 287 211 294 ⁴
256 261 319 326 l56
608 280 647 325 na
671 280 699 326 s.
726 275 803 326 sian
830 279 900 324 aaa.
927 279 965 324 nr
989 277 1081 326 cons.
1335 259 1407 324 bnt.
1430 263 1445 322 5
1486 250 1487 323 l

209 361 457 453 providentiae:
473 384 491 428 «
507 361 570 432 Sed
585 383 659 451 ego,
678 363 801 450 inquit,
822 383 1038 450 nequaquam
1059 360 1244 450 prohibebo
1264 381 1385 429 sacrum
1397 361 1445 429 Ilei

211 452 456 520 ministerium.
475 474 493 518 a
511 457 616 520 Tanta
631 472 708 520 vero
734 473 847 519 rerum
874 451 1145 522 necessariarum
1163 449 1354 539 indigentia,
1369 471 1447 537 prae·

210 541 303 610 bebit
326 540 426 609 nobis
454 539 604 624 aliquem
631 560 744 609 rerum
775 539 974 609 thesaurum
1000 539 1041 608 ad
1068 559 1203 609 sacrum
1228 537 1444 607 celebrandurn
1486 561 1487 620 t

211 629 452 697 ministerium:
481 627 539 697 sed
564 640 615 698 est
638 627 762 710 fidelis,
785 629 907 715 inquit,
934 628 994 714 qui
1013 628 1114 716 jubet
1129 627 1315 697 crastinum
1333 647 1447 695 manere
1486 621 1487 678 l

210 717 358 786 liberum
387 737 407 784 a
435 715 678 797 sollicitudine,
698 716 789 806 quod
815 719 935 786 attinet
957 715 999 784 ad
1025 739 1128 787 usum
1150 716 1312 804 corporis.
1330 721 1364 783 ttt
1383 734 1446 782 cum
1486 681 1487 758 l

210 806 364 874 nondum
396 803 589 874 advenisset
613 805 686 876 dies
713 805 932 898 Dorninicus,
961 807 1104 876 veniunt
1127 805 1267 961 guidam
1292 804 1333 872 ad
1355 804 1448 892 ipsum

210 905 387 980 tamquam
408 894 565 963 consulto
594 894 690 963 missi
715 915 734 962 a
759 895 983 982 providentia,
1003 892 1108 962 simul
1147 906 1279 963 erentes
1304 914 1383 962 onus
1404 891 1450 958 tri-

209 982 305 1071 ginta
324 982 575 1070 jumentorum.
607 985 702 1052 Onus
737 997 851 1052 autem
883 995 955 1052 erat
990 981 1202 1053 frumentum
1230 993 1263 1051 et
1292 981 1399 1050 riuum
1426 991 1450 1046 et

210 1071 337 1150 oleum,
364 1081 396 1139 et
412 1070 478 1140 alia
502 1070 682 1140 monachis
706 1083 785 1161 apta
802 1071 844 1140 ad
863 1071 1081 1140 alimentum:
1106 1070 1191 1139 adeo
1210 1083 1248 1139 ut
1264 1075 1367 1140 Laura
1391 1087 1450 1157 pro·

209 1158 394 1250 pemodum
419 1171 507 1229 esset
534 1171 681 1250 angusta
713 1160 756 1228 ad
781 1160 988 1250 capiendum
1028 1181 1081 1228 res
1116 1158 1320 1230 esculentas.
1352 1157 1449 1226 Statim

209 1269 289 1337 ergo
310 1260 449 1316 sanctus
475 1247 580 1317 Sabas
604 1249 645 1330 ei,
665 1248 725 1334 qui
750 1249 976 1338 indigentiam
999 1269 1100 1338 parce
1116 1262 1149 1317 et
1172 1247 1309 1317 sordide
1326 1248 1355 1316 ei
1376 1245 1450 1332 obje-

209 1349 321 1406 cerat:
348 1358 366 1402 c
391 1335 479 1419 Quid
505 1338 566 1418 ais,
585 1337 708 1424 inquit,
727 1359 911 1406 sacrumne
935 1336 1149 1417 dimittemus
1175 1336 1451 1406 ministeriumta

210 1424 271 1494 llle
295 1438 409 1494 autem
434 1424 630 1515 intelligens
654 1425 954 1516 interrogationem
988 1447 1063 1495 esse
1094 1425 1387 1514 reprehensionem
1410 1443 1452 1490 co·

209 1513 427 1603 gitationum,
444 1535 532 1600 quae
553 1535 619 1583 non
647 1513 729 1584 satis
753 1526 851 1583 erant
877 1513 1010 1583 validae
1030 1513 1071 1582 ad
1098 1514 1309 1602 sperandum
1335 1515 1366 1581 in
1391 1516 1450 1586 beo,

211 1602 357 1690 procidit
373 1601 415 1670 ad
440 1602 517 1690 ejus
534 1601 647 1691 pedae,
669 1616 785 1692 petens
802 1604 949 1682 veniam,
969 1616 1001 1672 ct
1017 1623 1079 1691 pro
1105 1615 1172 1670 tam
1189 1602 1349 1672 illiberali
1367 1599 1453 1690 parci·

210 1703 275 1760 tate
296 1691 529 1760 vehementem
546 1690 697 1760 inferens
713 1692 970 1780 poenitentiam;
989 1703 1021 1760 et
1045 1690 1102 1760 ille
1122 1691 1189 1760 cito
1204 1713 1278 1760 eam
1296 1692 1352 1760 dat
1369 1688 1452 1758 disci·

209 1779 315 1868 pulo,
348 1791 381 1849 et
414 1800 453 1848 ea
486 1801 587 1866 quae
606 1780 783 1869 oportebat
812 1780 955 1861 suadet,
983 1779 1102 1848 dicens
1128 1801 1192 1848 non
1223 1793 1376 1869 oportere
1398 1795 1454 1844 esse

209 1879 278 1936 tam
300 1890 404 1956 parvo
427 1868 607 1956 et·abjecto
631 1868 760 1950 animm
779 1869 837 1938 sed
859 1891 878 1938 a
896 1890 956 1958 spe
975 1867 1091 1937 divina
1108 1868 1253 1938 firmiter
1270 1866 1450 1959 dependere.

208 1967 241 2026 et
264 1956 356 2046 quod
379 1956 464 2026 dicit
487 1969 627 2027 sanctus
645 1957 762 2038 David,
781 1979 900 2026 curam
917 1957 1047 2046 jactare
1062 1957 1096 2025 in
1126 1957 1322 2038 Dominum,
1339 1957 1392 2026 cui
1408 1975 1453 2022 nos

209 2045 311 2135 longe
335 2067 390 2114 rna
418 2048 457 2127 is,
479 2067 583 2132 <luam
612 2047 823 2134 parentibus,
845 2067 949 2117 curae
981 2067 1114 2116 sumus.
1140 2047 1222 2114 Cum
1251 2047 1288 2114 in
1316 2046 1367 2114 his
1387 2057 1453 2112 esset

209 2134 328 2203 beatus
353 2068 470 2214 Seiae,
488 2133 658 2203 accedunt
676 2134 818 2222 quidam
844 2134 1003 2203 monachi
1020 2135 1130 2213 exiis,
1147 2135 1208 2220 qui
1232 2148 1333 2204 erant
1348 2136 1380 2202 in
1396 2151 1454 2220 spe·

209 2221 324 2304 lunca,
350 2223 560 2293 dicentes:«
588 2223 684 2293 blodo
707 2223 848 2311 quidam
871 2235 1022 2312 pastores
1047 2243 1115 2292 non
1136 2221 1248 2292 solum
1276 2243 1392 2292 secure
1408 2221 1453 2286 im·

209 2312 349 2380 mittunt
373 2333 496 2400 pecora
519 2311 611 2400 agris
629 2315 775 2393 Laurae;
793 2311 851 2380 sed
877 2312 944 2401 ipsi
968 2331 1105 2399 quoque
1120 2311 1239 2381 crebro
1255 2314 1332 2384 sine
1351 2307 1455 2401 pudore

209 2399 252 2468 ad
277 2405 421 2468 Lauram
452 2400 637 2480 ventitant,
669 2400 765 2470 illinc
791 2421 916 2488 magna
940 2399 1077 2469 licentia
1106 2399 1270 2470 alimenta
1295 2402 1454 2490 exigentes,

209 2486 429 2574 tumultuque
444 2501 476 2556 et
496 2489 641 2576 strepitu
658 2487 779 2559 iratres
796 2489 841 2557 im
871 2488 978 2558 lentes
995 2487 1159 2575 quotidie.
1180 2511 1198 2555 »
1215 2488 1278 2558 llle
1294 2511 1370 2558 vero
1384 2505 1457 2576 prae·

209 2575 299 2664 cepit
316 2576 512 2665 pastoribus
530 2577 717 2646 admodum
745 2511 880 2668 placide
890 2589 923 2648 et
935 2577 1082 2666 benigne
1097 2581 1149 2661 (ut
1164 2589 1261 2646 erant
1279 2579 1354 2667 ejus
1370 2593 1457 2644 mores

209 2665 352 2734 humani
375 2676 407 2734 et
432 2665 628 2753 mansueti),
652 2678 690 2735 ut
712 2665 903 2736 decaetero
927 2665 1137 2736 abstinerent
1153 2689 1173 2734 a
1190 2667 1255 2746 via,
1276 2689 1365 2754 qnae
1382 2661 1459 2732 ducit

208 2753 250 2821 ad
282 2757 440 2833 Lauram,
458 2763 492 2822 et
521 2775 561 2821 ne
586 2754 666 2822 talia
691 2754 842 2844 amplius
862 2755 1142 2845 aggrederentur.
1163 2753 1217 2822 llli
1241 2769 1369 2835 autem,
1390 2771 1459 2839 qnae

207 2840 300 2909 dicta
331 2840 478 2922 fuerant,
502 2841 603 2911 nihili
626 2842 801 2926 iacientes,
828 2865 908 2912 cum
933 2842 1018 2911 nihil
1050 2843 1193 2912 omnino
1220 2845 1412 2920 cessissent,
1434 2859 1459 2906 re

208 2929 283 3016 ipsa
300 2927 466 2998 docentur
481 2951 548 2998 non
567 2942 786 3002 contemnere
802 2931 1116 3012 mansuetudinem,
1131 2951 1219 3018 quae
1234 2931 1268 3000 in
1291 2937 1357 3002 Deo
1372 2927 1459 3000 multa

208 3027 327 3107 potest.
353 3019 511 3088 Protinus
534 3019 626 3088 enim
652 3019 902 3090 admirabiliter
917 3019 1057 3107 quidem
1078 3032 1112 3089 et
1128 3021 1261 3108 praeter
1278 3021 1458 3112 opinionem

208 3117 344 3176 arcetur
359 3106 411 3175 lac
426 3107 593 3177 uberibus
609 3130 772 3200 gregum:
797 3111 968 3178 intereunt
984 3122 1098 3178 autern
1117 3128 1227 3198 nuper
1243 3111 1353 3200 geniti
1368 3109 1461 3176 foetus

208 3216 384 3286 pecorum,
403 3217 482 3265 cum
500 3197 550 3266 eis
565 3208 654 3267 esset
678 3197 801 3268 misere
817 3198 994 3268 exclusum
1011 3197 1277 3267 nutrimentum.
1296 3203 1379 3268 Cum
1395 3211 1461 3282 ergo

208 3285 396 3354 sensissent
412 3297 565 3374 pastores
580 3307 618 3355 se
633 3285 727 3355 luere
752 3307 880 3376 poenas
903 3307 986 3356 suae
1009 3287 1044 3355 in
1067 3285 1189 3356 Sabain
1212 3284 1460 3358 inobedientiae.

207 3373 251 3442 ad
274 3374 390 3463 ipsum
416 3375 569 3454 veniunt,
587 3375 706 3444 casum
723 3375 965 3444 miserabiliter
984 3375 1160 3458 deflentes,
1177 3388 1357 3465 peccatum
1374 3389 1460 3442 suunt

207 3462 332 3531 acriter
355 3461 567 3544 confitentes
584 3483 695 3550 neque
718 3485 754 3533 se
773 3463 935 3553 deinceps
952 3464 1169 3552 ingressuros
1182 3485 1256 3534 esse
1270 3463 1375 3544 viani,
1389 3477 1462 3554 quae

207 3551 304 3620 ducit
327 3549 369 3619 ad
401 3555 559 3632 Lauram,
581 3563 776 3622 constanter
802 3551 1025 3620 affirmantes.
1052 3552 1114 3622 llle
1138 3566 1251 3622 autem
1282 3567 1351 3622 tam
1376 3548 1462 3618 celeri

207 3639 436 3728 poenitentiae
450 3641 585 3710 veniam
600 3640 757 3710 concedit
773 3641 983 3720 celeriorem,
1001 3651 1034 3710 et
1058 3641 1214 3730 protinus
1238 3639 1462 3710 benedictione

207 3727 307 3796 solvit
330 3727 572 3810 calamitatem,
599 3741 631 3800 et
657 3749 715 3797 eos
739 3729 861 3798 liberat
885 3751 904 3798 a
928 3729 1112 3818 supplicio.
1136 3733 1218 3800 Nam
1248 3729 1463 3811 simulatque

206 3814 266 3883 ille
292 3815 477 3898 benedixit,
506 3839 582 3888 mox
610 3815 741 3888 solutae
767 3831 849 3888 sunt
871 3817 1019 3887 uberum
1046 3817 1198 3907 pedicae,
1216 3830 1249 3886 et
1265 3817 1318 3887 lac
1340 3815 1487 3912 profuse,

208 3906 382 4003 manabat,
400 3918 432 3975 et
455 3906 537 3996 agni
557 3905 739 3975 alebantur
762 3918 794 3975 et
817 3907 1029 3988 crescebant,
1055 3921 1088 3977 et
1112 3906 1307 3997 pastoribus
1332 3908 1367 3974 in
1391 3923 1461 3992 gau·

207 3991 304 4060 diurn
340 4006 470 4063 mutata
497 4008 548 4064 est
578 3995 726 4065 tristitia.
753 3993 841 4064 Hinc
872 4017 1020 4084 magnus
1054 3995 1113 4064 ille
1141 4015 1334 4085 :superna
1364 4003 1487 4062 motus*

207 4081 432 4171 providentia,
460 4085 552 4151 venit
575 4082 617 4151 ad
643 4083 852 4152 visitandum
878 4083 986 4152 liliam
1009 4085 1253 4164 Patriarcham,
1273 4105 1382 4153 annos
1403 4081 1460 4164 jam

207 4181 310 4239 natus
324 4171 508 4261 octoginta:
522 4183 732 4252 metantem,
745 4171 859 4259 utjam
877 4171 1041 4254 diximus,
1056 4172 1147 4241 Elias
1160 4173 1193 4241 in
1210 4172 1340 4241 exsilio.
1352 4175 1461 4239 Secum

207 4279 284 4328 vero
303 4257 400 4329 duxit
426 4259 637 4348 Stephanum
662 4271 696 4330 et
719 4260 930 4342 liuthalium,
949 4263 1009 4348 qui
1033 4261 1101 4350 ipsi
1128 4283 1265 4348 quoque
1293 4263 1462 4348 praeerant

207 4346 382 4434 aliquibus
394 4347 585 4418 monachis.
606 4352 689 4418 Cum
706 4369 788 4438 ergo
804 4371 882 4420 cum
897 4350 948 4420 eis
969 4351 1091 4421 Sabam
1111 4349 1251 4422 vidisset
1264 4343 1457 4418 Patriarcha.

84 323 91 361 l
