2954 4816
15 279 80 342 but.
99 279 136 343 25
396 297 435 344 nx
465 293 494 342 s.
521 295 659 344 rucuma
683 297 827 344 xunrxnu
1137 281 1203 348 439

13 381 133 467 aliquam
152 392 298 469 putasset
312 402 387 452 csse
402 380 613 472 impudicam
631 393 664 450 et
682 381 909 462 inhonestam,
928 381 1078 469 primum
1104 383 1243 468 quidem

14 471 98 538 verbis
115 469 302 551 fallacibus,
321 469 445 540 deinde
461 471 562 540 ctiam
582 470 744 540 manibus
772 469 814 539 ad
832 471 899 539 rim
926 493 1012 540 usus
1035 484 1086 540 est
1109 473 1160 540 vir
1183 495 1247 542 au-

13 557 206 628 dacissimus:
224 571 257 628 et
271 559 339 628 nisi
354 559 457 628 altius
483 557 743 640 exclamassem,
769 571 813 639 et,
833 571 870 628 ut
889 574 1084 630 accurreret
1103 560 1242 643 ancilla,

11 647 177 728 afecissem,
202 669 265 738 ego
288 659 463 735 tamquam
488 647 623 736 captiva
638 647 752 733 aliqua
775 646 905 736 polluta
928 669 1090 718 essem.»
1115 653 1162 719 Ita
1181 650 1242 718 im·

12 735 117 822 pudens
130 735 250 805 mulier
265 736 315 806 illi
334 758 441 825 purae
455 735 605 806 audebat
620 757 723 806 suum
738 736 932 806 adscribere
956 737 1246 825 flagitium-llaec

11 825 46 892 sic
65 825 154 907 dicta,
181 825 222 894 ad
256 825 405 895 furorem
436 825 534 894 valde
556 826 773 895 concitarunt
804 824 1032 907 Praefectum,
1058 839 1091 896 et
1115 827 1246 896 vinctos

10 911 40 980 ad
60 934 89 982 se
104 915 203 1000 jussit
225 913 364 995 adduci,
392 935 459 984 non
486 913 592 982 solam
619 913 820 1002 Eugenium,
848 913 905 982 sed
931 914 1034 984 etiam
1058 935 1179 984 omnes
1198 917 1246 984 si-

12 1001 65 1069 mul
91 1003 141 1088 qui
167 1023 245 1072 cum
277 1024 315 1072 ea
344 1015 453 1072 erant.
484 1008 589 1089 itque
611 1023 669 1072 eos
693 1003 851 1092 quidem,
883 1013 920 1072 ut
945 1003 1083 1092 jussum
1111 1003 1243 1084 fuerat,

9 1088 156 1172 adductos,
181 1091 288 1160 alium
313 1091 397 1161 alibi
427 1092 581 1160 diversae
609 1093 769 1161 tenebant
804 1091 992 1160 custodiae.
1025 1093 1246 1162 Existimabat

9 1179 84 1245 enim
102 1179 282 1250 Praefectus
309 1201 487 1268 nunquam
517 1179 596 1248 talia
629 1179 852 1250 conficturam
881 1179 987 1250 fuisse
1011 1180 1242 1260 Melanthum,

12 1266 158 1337 mulierem
182 1269 268 1339 adeo
286 1269 448 1350 nobilem,
475 1269 669 1359 opibusque
685 1282 717 1339 et
732 1268 842 1360 gloria
870 1268 1061 1358 insignem:
1089 1270 1247 1339 nesciens

10 1351 171 1428 divitiarum
187 1372 218 1427 et
234 1357 401 1428 claritatis
417 1379 491 1426 esse
507 1357 792 1427 vehementiorem
811 1357 920 1426 animi
939 1358 1241 1440 perturbationem,

9 1455 34 1507 at
52 1465 124 1529 quae
146 1460 251 1535 potest
278 1445 494 1536 persuadere,
522 1445 580 1514 illa
604 1446 743 1532 quidem
771 1467 873 1535 parva
899 1459 1076 1535 reputare:
1107 1460 1244 1536 propter

9 1529 33 1628 id
53 1545 160 1614 autam,
185 1534 277 1626 quod
303 1537 334 1606 ei
351 1535 485 1605 ridetur
504 1538 538 1604 in
566 1537 767 1624 praesentia.
790 1546 925 1626 gratum
951 1535 1076 1626 eligere
1102 1536 1244 1604 menda·

9 1639 90 1690 rrum.
113 1627 231 1696 Omnes
251 1625 366 1712 itaque
379 1623 529 1711 judices,
548 1627 705 1694 absentes
729 1635 866 1694 sanctos
884 1623 1132 1712 propemodum
1160 1641 1242 1694 con-

9 1705 193 1794 demnabant,
212 1727 301 1784 etex
325 1715 378 1794 iis,
401 1712 459 1782 alii
483 1713 623 1800 quidem
649 1733 798 1799 aequum
823 1710 1008 1782 censebant
1033 1734 1091 1782 cos
1116 1713 1240 1800 subjici

10 1793 140 1893 dantibus
157 1801 321 1882 ferarum;
347 1803 406 1872 alii
432 1823 509 1871 vero
539 1802 572 1869 iu
595 1800 689 1890 ligno
709 1799 887 1891 suspendi;
920 1801 978 1870 alii
1013 1815 1124 1870 autem
1150 1823 1245 1870 acer·

11 1881 133 1982 broribus
154 1891 339 1981 generibus
370 1890 634 1980 suppliciorum,
659 1913 726 1960 una
752 1913 831 1960 cum
857 1889 1030 1958 calumnia
1063 1889 1245 1979 punientes

30 1987 147 2047 aetatem.
545 2026 551 2036 ·

13 1993 142 2148 pfw.
167 2073 349 2156 Postquam
384 2080 498 2137 autem
522 2066 633 2137 adfuit
671 2067 824 2148 domina,
851 2078 1064 2168 *congregata
1102 2066 1242 2153 quidem

12 2165 65 2218 erat
78 2176 186 2246 magua
205 2155 393 2228 multitudo
413 2179 452 2228 ex
468 2156 642 2236 omnibuS,
662 2175 751 2243 quae
770 2157 995 2226 circumcirca
1021 2169 1130 2235 orant,
1150 2155 1245 2224 urbi·

14 2237 191 2316 buszaderat
216 2263 297 2316 vero
329 2247 431 2315 etiam
458 2245 661 2326 Praefectus,
693 2257 726 2314 et
751 2246 784 2313 in
811 2245 963 2314 medium
991 2243 1246 2334 producebatur

15 2327 140 2482 Euporia,
154 2357 242 2422 quae
256 2335 422 2425 gravibus
441 2334 617 2404 tenebatur
632 2334 785 2403 catenis:
810 2333 930 2404 theatri
947 2347 1061 2403 autem
1079 2333 1247 2404 clamores

14 2433 48 2480 uu
73 2439 133 2503 ique
151 2424 391 2513 erumpebant,
417 2436 450 2492 et
467 2436 573 2493 morte
596 2443 670 2492 esse
694 2422 909 2492 afficiendam
936 2423 1123 2514 Eugenium
1150 2443 1245 2490 com-

14 2507 130 2579 muniter
151 2512 439 2600 pronunciabant.
467 2517 605 2580 Paratae
628 2524 726 2581 erant
750 2511 889 2592 bestiae,
916 2525 1033 2601 parata
1062 2521 1243 2591 tormenta,

14 2603 90 2673 rutae.
106 2598 203 2688 ignes,
219 2614 252 2671 et
266 2601 333 2670 alia
354 2621 479 2692 genera
495 2599 761 2702 suppliciorum,
781 2613 814 2670 et
835 2602 1026 2689 peremnia
1048 2599 1161 2668 acerbi
1178 2611 1247 2668 tor·

14 2689 88 2762 tores,
109 2705 138 2757 ct
158 2710 195 2758 ex
219 2711 331 2777 aequo
355 2689 397 2758 ad
424 2689 595 2778 supplicia
617 2688 793 2759 inferenda
813 2688 1004 2760 saevissimi
1025 2699 1057 2757 et
1072 2687 1243 2756 acerrimi.

14 2769 39 2834 ln
58 2793 142 2844 suum
168 2779 282 2866 itaque
304 2791 527 2869 conspectum
553 2777 633 2847 duci
656 2779 843 2868 Eugenium
871 2775 976 2866 jussit
1004 2776 1125 2847 ludex.
1153 2781 1246 2858 Quae

13 2875 68 2954 uum
90 2863 288 2938 adstitisset:
316 2871 432 2942 «Hoc.
461 2867 589 2952 inquit,
612 2866 720 2947 vobis,
746 2888 766 2934 o
790 2867 945 2936 omnium
972 2865 1146 2935 bominem
1176 2886 1246 2934 ma·

14 2963 78 3016 xmo
93 2953 199 3043 impie,
213 2957 316 3045 jubet
340 2969 447 3025 vester
471 2956 637 3036 Christus,
665 2967 702 3024 ut
730 2976 791 3024 nec
825 2953 913 3024 clam
941 2953 1081 3044 quidem
1113 2953 1247 3024 faciatis

14 3051 38 3098 βᾶ
57 3058 130 3122 uuae
151 3059 229 3113 sunt
254 3045 478 3133 turpissima:
511 3044 567 3114 sed
602 3056 670 3112 tam
695 3043 917 3133 impudenter
945 3055 977 3112 et
1001 3042 1166 3112 violenter
1188 3065 1247 3133 ag·

14 3125 183 3208 gradiamini
205 3155 244 3204 ea
276 3154 364 3222 quae
392 3143 473 3202 sunt
502 3130 652 3202 nefaria?
676 3132 760 3213 Quis
783 3134 874 3201 enim
901 3147 980 3202 tuus
1004 3143 1077 3201 erat
1093 3132 1243 3212 animus,

15 3216 120 3292 luando
144 3234 315 3310 tamquam
339 3221 492 3291 medicus
509 3221 718 3312 ingrediens.
740 3235 772 3290 et
789 3234 825 3291 ut
848 3221 907 3308 qui
931 3241 997 3290 nou
1023 3218 1133 3288 solum
1152 3241 1245 3289 esses

16 3303 147 3389 medicus,
162 3311 216 3380 sed
235 3311 296 3398 qui
311 3311 412 3380 ctiam
436 3332 495 3397 per
512 3323 542 3379 te
564 3331 681 3400 posses
697 3307 807 3380 facere
831 3310 1010 3384 miracula.
1032 3330 1072 3378 ea
1097 3307 1246 3376 faciebas

16 3403 78 3468 quae
90 3411 298 3487 corruptores
317 3412 349 3469 et
360 3397 506 3467 adulteri
522 3421 529 3462 a
547 3411 579 3468 et
597 3397 776 3468 mulierem
802 3409 870 3468 tarn
891 3396 997 3467 nobili
1023 3397 1097 3467 loco
1116 3409 1243 3476 natam,

17 3483 63 3544 tarn
82 3481 221 3568 divitem,
251 3501 285 3557 et
312 3500 379 3557 tam
408 3487 558 3558 honestis
582 3499 614 3556 et
640 3486 824 3556 moderatis
849 3486 1029 3566 moribus,
1068 3497 1244 3571 tamquam

18 3569 150 3664 scenipam
166 3575 377 3666 quampiam,
400 3588 459 3647 aut
484 3597 522 3645 ex
547 3575 696 3646 hostium
731 3577 868 3665 regione
892 3587 1040 3664 captam,
1068 3573 1192 3662 probro
1216 3587 1248 3642 et

18 3647 145 3731 dedecore
166 3665 301 3735 allicere
324 3661 486 3735 voluisti?
509 3664 656 3735 ludaeis
674 3665 788 3752 itaque
812 3676 847 3733 tu
869 3665 979 3753 coepti
1011 3663 1148 3756 meritas
1172 3661 1247 3731 lues

20 3757 123 3829 loerras,
147 3766 178 3821 et
197 3754 309 3824 malus
328 3752 415 3822 male
434 3754 574 3843 peribis.
594 3777 612 3820 a
1218 3839 1223 3852 ⁸

49 3831 140 3914 lli.
164 3846 244 3912 Cum
263 3855 332 3912 tam
354 3841 519 3912 iracunde
537 3842 689 3912 minatus
706 3853 795 3912 esset
817 3841 848 3910 ei
871 3839 1075 3920 Praefectus,
1096 3843 1246 3930 Eugema

22 3919 90 3989 rufin
113 3927 141 3994 in
166 3942 286 4000 terram
320 3931 508 4018 inclinato,
544 3951 586 4000 ne
610 3931 644 4000 in
681 3929 872 4019 praesentia
903 3931 978 4018 ejus
1012 3929 1128 3998 vultus
1162 3930 1248 4018 patri

23 4007 139 4084 areuna
162 4018 378 4090 manifestus:
401 4043 419 4086 a
439 4023 544 4099 naus,
572 4018 694 4105 inquit,
714 4024 802 4088 Deus
824 4039 889 4088 uon
908 4041 946 4086 ea
967 4017 1092 4098 solum,
1115 4015 1249 4103 dequi-

25 4083 68 4160 bus
82 4119 187 4174 nunea
206 4108 299 4178 vobis
317 4130 472 4190 accusor,
492 4107 661 4198 probibet;
683 4107 739 4178 sed
757 4127 797 4177 ea
813 4108 914 4176 etiam
933 4105 1006 4196 lege
1023 4107 1143 4186 sancit,
1161 4126 1249 4192 quae

26 4195 80 4249 tout
91 4187 134 4262 bis
147 4195 249 4266 multo
261 4196 465 4268 excelsiora:
485 4197 543 4285 qui
567 4218 620 4266 mc
635 4197 736 4266 etiam
757 4217 847 4265 nune
864 4194 981 4264 volens
999 4208 1160 4284 perpetuo
1175 4214 1249 4265 esse

27 4281 127 4356 ellam.
148 4285 289 4372 prouidit
312 4298 350 4355 ut
373 4287 518 4356 rirercm
544 4307 622 4354 cum
650 4285 703 4354 bis
728 4285 787 4370 qui
812 4285 846 4352 in
874 4284 996 4373 pietate
1016 4305 1052 4353 se
1071 4296 1245 4364 exercent,

29 4367 173 4454 mtttacbis,
198 4374 370 4462 quomodo
385 4376 420 4444 in
451 4373 657 4444 hodiernum
683 4394 794 4458 usque
820 4373 910 4442 diem
940 4395 992 4442 me
1022 4373 1246 4453 conservavit,
