2960 4824
246 285 310 351 300
511 301 550 348 nx
574 301 601 346 s.
629 297 795 348 srrnrooss
817 297 964 347 naenias.
991 297 1164 346 ramma.
1311 278 1383 344 nnn.
1406 279 1437 342 ll
1466 299 1467 342 1

201 387 416 458 manifestus.
443 389 528 456 Eum
545 405 627 475 ergo
651 407 688 454 ro
713 385 781 454 avit
800 388 957 465 Sanctus,
977 383 1061 471 quid
1078 384 1129 453 eis
1144 392 1234 452 esset
1255 380 1435 452 laciendum.
1466 435 1467 458 ι

200 476 262 546 llle
280 489 393 546 autem
411 475 442 544 ei
466 473 553 543 dixit
570 473 662 561 quod
683 407 782 544 ibam
808 473 951 542 omnino
970 473 1148 562 oportebat
1169 472 1294 554 dicere,
1317 483 1347 540 et
1366 472 1438 539 huno

201 566 332 635 audire.
347 587 364 632 ι
377 561 464 646 Quid
479 565 586 643 enim,
608 583 628 631 o
648 574 755 653 pater,
773 561 898 650 inquit,
917 562 1156 652 interrogasti?
1179 560 1267 643 Quid
1282 570 1329 630 est
1348 571 1437 629 auten
1466 591 1467 652 ι

200 655 293 724 aliud
318 651 529 730 laciendum,
551 664 584 721 et
608 651 669 721 tibi
688 652 847 732 maxime,
876 651 943 720 nisi
968 651 1122 721 Christus
1145 651 1234 719 vitae
1256 650 1348 719 dator
1368 649 1440 716 imo-
1466 655 1467 686 ³

200 743 346 823 candus,
366 762 468 830 quem
481 741 553 830 jam
575 740 610 808 in
630 739 748 809 multis
764 739 828 810 suit
848 740 991 809 evidens
1007 751 1084 809 tuas
1098 739 1263 809 exaudire
1279 738 1440 808 orationesl

199 844 232 901 et
248 832 377 918 alioqui
395 831 424 899 si
443 850 503 919 per
526 841 557 898 te
581 829 697 900 salvus
715 831 822 900 evasit
846 833 1047 919 Imperator,
1075 849 1246 918 pauperes
1271 841 1305 898 et
1327 825 1440 917 inglorii

195 919 450 1012 judicabuntur
463 939 540 988 esse
559 917 785 1008 despiciendi.
806 940 825 986 ι
1466 925 1467 978 l

245 1011 370 1096 §n
395 1007 630 1078 Pulcherrima
662 1007 811 1078 consilio
840 1019 935 1097 paret
962 1005 1135 1076 Pontifex:
1161 1017 1194 1076 et
1215 1005 1318 1076 corde
1347 1025 1441 1074 accen·

201 1117 262 1168 sus
287 1096 534 1179 misericordie,
561 1107 596 1165 et
625 1095 744 1167 oculos
771 1095 903 1166 babens
931 1096 1049 1186 plenos
1069 1095 1243 1185 lacrymis,
1263 1092 1398 1185 genibus
1416 1091 1440 1158 in

108 1259 111 1266 ,
201 1198 326 1256 terram
354 1186 463 1265 llexis,
492 1199 526 1256 et
544 1205 619 1254 eam
642 1186 759 1276 rigans
779 1187 929 1267 fletibus,
948 1184 1108 1254 ardenter
1132 1183 1320 1254 admodum
1341 1181 1443 1251 clamat

200 1286 234 1344 et
250 1273 510 1350 miserabiliter:
529 1285 562 1342 et
580 1273 710 1344 bonum
728 1273 900 1345 Christum
919 1273 1065 1364 benigne
1085 1284 1181 1362 rogat
1198 1284 1235 1342 ut
1251 1272 1363 1342 miseri
1387 1291 1442 1337 mu·

201 1363 278 1433 lieri
294 1363 460 1433 infantem
481 1361 637 1444 rivilicet,
653 1376 686 1434 et
705 1374 848 1432 matrem
869 1362 999 1442 reddat,
1027 1375 1259 1452 congruenter
1279 1361 1444 1450 scripturae

201 1473 331 1533 sacrae,
357 1463 496 1542 propter
516 1450 627 1521 silium
651 1451 845 1522 laetantem.
865 1453 929 1536 Qui
952 1472 1034 1540 ergo
1058 1473 1120 1541 per
1145 1451 1295 1520 Eliseum
1312 1463 1343 1518 ct
1358 1447 1443 1516 lllian

201 1545 408 1631 Sareptenae
427 1540 546 1610 silicet
562 1540 788 1611 Sunamitidis
812 1541 957 1610 immisit
970 1540 1144 1631 spiritum,
1164 1551 1197 1609 et
1215 1541 1317 1608 vitam
1334 1549 1381 1607 est
1395 1535 1443 1604 lar·

201 1631 306 1722 gnus,
326 1631 400 1720 ipse
423 1649 546 1698 rursus
561 1631 664 1699 etiam
682 1628 813 1699 audivit
830 1629 1067 1718 Spiridonem:
1084 1641 1117 1697 et
1128 1649 1220 1718 puer
1232 1629 1295 1715 qui
1315 1637 1445 1721 mortuas

197 1719 346 1808 jacebat,
358 1731 562 1807 conspectus
577 1731 628 1788 est
641 1717 745 1788 veluti
761 1718 901 1808 plorans
920 1730 999 1788 ante
1013 1717 1132 1786 oculos
1148 1718 1282 1788 matris.
1297 1721 1446 1804 hacrymis

199 1809 286 1878 mihi
304 1819 386 1878 sunt
405 1807 528 1876 sallust
551 1806 644 1877 oculi
661 1827 741 1898 prae
760 1807 900 1898 gaudio.
927 1809 981 1876 Sic
1003 1807 1098 1876 anim
1121 1827 1235 1876 mcum
1261 1805 1370 1875 allecit
1390 1800 1447 1870 ani·

201 1917 297 1966 mum
324 1897 371 1978 id,
388 1896 481 1987 quod
506 1895 651 1977 dicetur,
672 1909 864 1967 revocatum
892 1897 926 1964 in
953 1895 1168 1966 memoriam.
1186 1900 1251 1964 los
1277 1913 1403 1982 quoquc
1423 1887 1444 1958 id

200 1986 329 2056 audite.
346 1990 429 2055 Cum
445 1985 537 2054 enim
555 1986 669 2053 vivum
686 1985 770 2055 vidit
787 1997 894 2054 mater
911 2006 1014 2054 suum
1031 1982 1278 2054 charissimum
1294 1984 1331 2072 (o
1346 1999 1447 2052 arcam

201 2085 271 2152 tua,
290 2097 318 2157 ο,
334 2074 477 2155 Christe,
493 2071 661 2162 judicial)
678 2074 821 2143 nimiam
847 2095 914 2143 non
935 2073 1049 2143 ferens
1076 2072 1252 2154 laetitiam,
1286 2073 1320 2142 in
1347 2084 1446 2140 terren

202 2163 330 2234 cadens
354 2163 550 2252 exspiravit.
576 2162 730 2232 Ostendit
749 2161 781 2232 id
802 2163 892 2254 quod
911 2162 1038 2232 lectum
1064 2173 1125 2243 est,
1145 2160 1232 2230 nihil
1260 2161 1374 2242 nimis,
1393 2175 1448 2226 esse

201 2250 302 2342 longe
317 2252 500 2341 optimum.
517 2255 600 2320 Ecce
614 2251 707 2320 enim
726 2271 792 2321 non
809 2251 985 2321 mortalem
1004 2251 1115 2321 solum
1134 2271 1209 2320 esse
1225 2249 1355 2319 doloris
1372 2265 1447 2316 exsu-

201 2342 426 2432 perationem,
445 2339 620 2409 sedetiam
639 2339 757 2428 gaudii
774 2342 934 2412 norimus
951 2340 1288 2408 immoderationem.
1310 2344 1372 2408 llos
1385 2353 1447 2422 quo

200 2451 279 2516 que,
307 2441 359 2498 sat
383 2428 465 2508 scic,
492 2427 602 2498 allecti
621 2428 703 2498 estis
731 2430 859 2510 animo,
890 2450 928 2499 ex
957 2429 1083 2498 laetitia
1105 2429 1226 2498 mutati
1250 2428 1288 2496 in
1306 2427 1445 2496 dolorem.

200 2522 288 2588 Sunt
307 2518 399 2586 enim
421 2517 579 2586 homines
596 2529 720 2587 natura
737 2518 995 2588 misericordes:
1011 2516 1070 2587 sed
1089 2537 1194 2606 pmpe
1210 2515 1310 2586 adest
1323 2529 1448 2603 magnus

201 2606 375 2696 Spiridon,
387 2605 446 2692 qui
467 2617 612 2676 vestram
631 2607 802 2676 tristitiam
817 2606 963 2677 mutabit
980 2608 1014 2675 in
1030 2606 1209 2696 gaudium.
1229 2609 1365 2676 Rursus
1377 2600 1446 2671 enin

200 2715 331 2765 morem
349 2696 436 2786 gerit
451 2694 673 2776 Artemidoro,
692 2708 725 2766 et
748 2696 791 2765 ad
818 2697 893 2777 hoc,
915 2708 954 2765 ut
970 2695 1026 2765 det
1043 2707 1185 2764 matrem
1211 2693 1298 2776 filio,
1326 2694 1374 2761 vir
1395 2707 1448 2756 mo·

200 2782 320 2853 destus
344 2783 532 2853 inducitur.
555 2783 751 2854 ideonum
779 2806 862 2874 ergo
883 2785 1033 2864 intuens
1059 2795 1092 2853 et
1121 2783 1320 2863 Dominum,
1352 2779 1406 2868 qui
1424 2776 1448 2842 in

201 2872 252 2941 eis
284 2873 425 2954 habitat,
456 2885 567 2942 mente
596 2873 744 2963 agitans,
774 2872 873 2943 illum
904 2885 1075 2964 precatus,
1107 2872 1168 2959 qui
1195 2873 1301 2941 vitam
1327 2867 1449 2963 inspirat

201 2961 359 3041 mortuis,
379 2973 411 3030 et
428 2961 500 3032 sola
520 2961 694 3031 voluntate
709 2962 827 3032 omnia
844 2973 1052 3031 transmutat
1075 2983 1115 3030 ac
1133 2960 1366 3038 transformat,
1386 2955 1450 3024 dicu

200 3048 232 3118 ei
247 3071 335 3137 quae
348 3050 485 3140 jacebat
497 3073 536 3118 :a
556 3055 675 3141 Surge,
698 3061 731 3120 et
756 3063 807 3120 sta
822 3072 928 3140 supra
945 3051 1049 3140 pedes
1066 3062 1155 3120 tuos.
1174 3073 1192 3117 ι
1209 3048 1273 3118 Illa
1292 3062 1399 3118 autem
1414 3061 1450 3138 re

201 3151 315 3228 pente,
336 3151 494 3226 utquam
510 3161 655 3210 somnus
671 3139 798 3229 potius,
816 3161 921 3227 quam
941 3161 1045 3219 mors,
1071 3150 1304 3227 oppresserat,
1326 3137 1450 3207 surrent

200 3239 234 3298 et
249 3227 280 3296 ei
298 3227 439 3310 adstitit,
466 3239 498 3297 et
522 3228 687 3298 inlantem
711 3229 745 3296 in
767 3227 861 3297 ulnis
885 3229 1027 3318 accepit.
1055 3226 1117 3296 Ille
1132 3249 1222 3308 vero,
1249 3240 1290 3297 ut
1306 3225 1448 3294 diximus,

201 3329 273 3386 erat
289 3317 397 3399 vivus,
413 3328 445 3386 et
461 3316 495 3384 in
512 3318 606 3388 ulnis
623 3317 785 3388 maternis
799 3317 969 3386 exiliebat.
980 3321 1068 3386 Haeo
1084 3315 1142 3385 ille
1157 3317 1300 3402 quidem
1315 3320 1449 3401 stagnus.

201 3417 342 3497 propter
356 3407 541 3496 insignem,
558 3419 596 3476 ut
612 3406 694 3486 dixi,
712 3405 980 3476 moderationem
999 3405 1135 3475 nolebat
1149 3405 1264 3474 ellerri
1280 3405 1316 3472 in
1335 3403 1449 3488 vulgus·

200 3494 412 3564 nrtemidoro
434 3506 536 3576 certe,
559 3507 591 3565 et
611 3495 747 3564 mulieri
765 3517 826 3584 per
844 3517 937 3576 eum,
965 3493 1086 3562 indicit
1109 3493 1300 3563 silentium.
1328 3489 1385 3562 Sed
1408 3491 1451 3554 lr-

200 3584 392 3654 temidorus
406 3583 565 3673 postejus
580 3597 722 3653 mortem
741 3583 911 3653 nefarium
928 3603 1002 3652 esse
1014 3581 1189 3670 judicans,
1202 3582 1363 3652 fraudare
1380 3577 1451 3670 virus

197 3673 277 3762 pios
297 3683 365 3743 tam
392 3671 513 3762 pulcra
532 3672 719 3752 auditione,
746 3673 854 3742 immo
882 3694 958 3742 vero
978 3684 1046 3742 tam
1072 3693 1199 3762 magno
1230 3667 1404 3743 miraculo,
1424 3655 1450 3728 ld

200 3761 322 3852 aperit,
341 3773 374 3831 et
395 3762 497 3831 tradit
515 3761 659 3833 auribus
679 3760 847 3831 fidelium.
865 3765 903 3830 Et
919 3761 1002 3830 haec
1017 3759 1157 3848 quidem
1175 3762 1225 3830 sic
1243 3760 1379 3829 habent.

242 3853 263 3938 g
281 3855 361 3922 ²8.
379 3855 561 3938 Postquam
583 3863 696 3921 autem
722 3871 870 3941 magnus
883 3849 1042 3939 Spiridon
1061 3850 1239 3920 Antiochid
1254 3845 1450 3939 reversusesl

198 3939 236 4008 in
252 3944 414 4029 Cyprum,
431 3939 603 4031 quispiam
618 3939 660 4008 ad
672 3961 750 4008 eum
763 3938 941 4020 uomens,
954 3938 1194 4009 volensemene
1204 3959 1328 4026 capras
1343 3949 1448 4024 gregis,

198 4049 348 4098 numero
367 4041 518 4109 centum,
540 4029 662 4118 jussus
685 4049 705 4096 a
733 4032 856 4097 Sancto
887 4028 983 4118 prius
1007 4027 1155 4116 pretium
1177 4027 1318 4106 solvere,
1345 4015 1451 4092 deinde

200 4117 368 4217 accipere,
388 4117 462 4207 ipse
480 4137 561 4188 cum
581 4117 766 4207 nonaginta
789 4127 824 4185 et
841 4137 963 4186 novem
989 4114 1103 4186 solum
1128 4115 1285 4186 solvisset
1308 4111 1448 4204 pretium

196 4225 309 4276 unius
333 4206 485 4286 retinuit,
512 4205 661 4287 lucrum,
688 4216 726 4275 ut
748 4205 888 4284 dicitur,
916 4203 1041 4275 melius
1060 4203 1230 4274 dedecore
1251 4201 1448 4272 existimas,

201 4294 379 4362 autetiam
396 4295 544 4383 opinans
560 4294 643 4374 lore,
658 4305 697 4364 ut
713 4293 831 4364 lateret
847 4294 942 4364 illius
957 4292 1226 4384 simplicitatem,
1244 4301 1401 4361 remotam
1415 4279 1450 4348 tb
1466 4309 1467 4368 ι

203 4381 360 4450 omnium
379 4382 592 4470 negotiorum
613 4381 855 4452 sollicitudine.
884 4387 967 4453 Cum
984 4403 1066 4474 crgo
1086 4381 1188 4454 ambo
1211 4381 1354 4452 luissent
1373 4376 1467 4474 intrtj}
