2960 4824
46 297 110 362 llll.
134 299 172 362 ta
311 317 350 366 ns
372 318 401 366 s.
428 317 596 368 srrnrnons
618 317 768 368 anesus.
793 319 966 370 susurru.
1167 304 1233 377 298

43 401 85 486 qui
103 401 170 491 ipse
188 422 253 472 nori
270 403 417 472 adesset:
438 405 529 491 quod
548 407 682 475 abesset
697 417 825 486 autem,
851 427 956 477 eausa
980 415 1053 476 erat
1069 405 1225 489 morbum
1243 417 1277 478 et

40 489 224 560 clarissimus
251 490 308 561 ille
338 492 568 576 Athanasius,
594 493 655 580 qui
680 493 837 563 nondum
861 493 1065 566 sacerdotali
1095 494 1181 570 sede
1203 509 1277 568 erat

38 577 213 650 lecomtus:
236 580 295 651 sed
318 581 355 649 in
380 580 531 652 Ecclesia
562 581 792 652 Alexandrina
821 603 950 654 munus
974 583 1091 654 obibat
1118 584 1274 660 Diaconl.

37 669 173 748 meires
195 690 262 738 non
286 691 390 757 parva
412 670 447 740 in
473 692 533 741 eos
558 670 698 760 irrepsit
720 670 862 752 invidia,
888 670 980 758 quod
1004 693 1085 742 cum
1118 672 1273 744 nondum

35 754 172 846 dignitate
194 769 415 848 praestarent,
433 760 468 828 in
486 759 618 830 ratione
633 759 715 830 [idei
730 760 818 830 alios
828 772 1045 850 superarent.
1061 765 1140 832 Erat
1158 774 1273 836 autem

35 865 96 912 curn
116 847 161 916 eis
183 868 318 935 quoque
342 869 489 939 magnus
513 847 571 918 ille
596 848 779 938 spiridon:
798 850 903 940 qu'us
929 849 996 920 vita
1023 863 1056 920 et
1083 871 1171 937 quae
1194 871 1273 926 olm

33 933 238 1006 cohabitabat
257 937 376 1027 gratia,
394 949 468 1008 erat
490 938 609 1008 utilior
631 937 675 1007 ad
695 936 989 1027 persuadendum,
1008 960 1112 1024 quam
1134 938 1275 1029 linguae

34 1021 166 1104 aliomm,
192 1037 224 1094 et
246 1025 461 1096 inevitabiles
488 1048 593 1097 ansae
624 1026 919 1117 syllogismorum,
949 1025 1220 1117 splendidasque
1242 1043 1276 1098 et

33 1109 176 1200 elegantes
199 1113 331 1204 periodi
355 1115 563 1185 orationum.
1228 1205 1235 1217 .

66 1202 167 1285 §1⁰-
187 1207 272 1273 Cum
288 1216 402 1274 autem
421 1203 477 1274 hic
500 1209 636 1274 adesset
650 1204 722 1295 (hic
738 1204 834 1276 enim
856 1203 930 1292 jam
956 1226 1011 1276 rea
1026 1216 1077 1276 est
1088 1204 1273 1295 jucundis-

35 1286 123 1370 sima),
137 1291 336 1364 interessent
352 1305 466 1363 autem
492 1293 623 1382 synodo
646 1295 749 1364 etiam
774 1293 987 1384 Philosophi,
1004 1315 1085 1366 cum
1111 1294 1158 1364 ita
1182 1293 1274 1364 ride·

35 1387 106 1444 retur
119 1382 325 1470 Imperatori,
345 1381 406 1469 qui
429 1383 474 1451 ab
497 1382 712 1454 ambulando
734 1404 771 1452 se
791 1381 970 1470 jactabant
985 1381 1015 1463 *,
1033 1394 1065 1453 at
1084 1383 1119 1454 in
1135 1383 1273 1462 animos

33 1462 185 1562 inducente
207 1470 395 1560 sophistica
410 1483 482 1541 arte
496 1486 596 1542 erant
610 1493 747 1542 summe
760 1470 900 1543 eruditi.
919 1469 1066 1554 Quidam
1085 1493 1164 1544 vero
1179 1493 1272 1547 unus

32 1565 100 1623 nter
118 1579 171 1628 eos
192 1559 324 1648 primas
343 1573 458 1650 partes
483 1561 617 1631 tenebat
640 1562 674 1631 iu
698 1559 846 1650 agendo,
872 1561 932 1646 qui
958 1559 1105 1630 habebat
1130 1583 1274 1650 persta-

31 1639 111 1712 dendi
132 1646 196 1713 rim
214 1649 529 1738 inexpugnabilem,
546 1663 580 1720 et
595 1651 696 1740 errjus
719 1648 916 1735 eloquentia
932 1647 1062 1738 linguis
1076 1649 1272 1722 celebraba-

32 1739 75 1828 tur
92 1735 248 1805 omnium.
280 1741 313 1806 ls
346 1759 553 1828 congressus
578 1761 659 1808 cum
692 1739 885 1828 Episcopis,
909 1736 1041 1808 sortiter
1069 1737 1274 1814 defendebat

31 1821 133 1900 lrrnrn,
148 1835 179 1894 et
206 1825 306 1894 valde
333 1826 523 1908 resistebat,
545 1827 741 1916 suscipiens
759 1827 837 1914 ejus
863 1827 1107 1916 patrocinium,
1125 1827 1210 1899 adeo
1235 1840 1273 1898 ut

31 1927 162 1998 nagnam
186 1925 318 2003 partem
338 1914 457 2004 populi
473 1917 656 1987 attraheret
675 1915 719 1986 ad
734 1914 961 1996 audiendum,
988 1927 1143 1992 aventem
1168 1915 1270 1997 scire,

30 1997 81 2064 utri
100 2021 134 2067 er
155 2002 470 2073 contradicentibus
484 2004 593 2074 futuri
616 2017 731 2075 essent
755 2027 796 2074 su
843 2005 962 2074 riores.
981 2003 1071 2074 Nihil
1092 2005 1185 2078 euim
1201 2017 1274 2077 erat

31 2083 95 2154 adeo
113 2089 221 2160 solutu
247 2091 411 2174 difficile,
437 2093 529 2179 quod
555 2116 622 2164 non
649 2093 706 2163 ille
731 2093 788 2163 red
838 2105 887 2164 ret
910 2092 1010 2163 lacile
1033 2091 1184 2164 solubile
1209 2115 1271 2170 sua

31 2170 138 2245 dicendi
155 2180 253 2270 eopia
279 2193 311 2250 et
333 2180 506 2251 facultate.
524 2187 607 2252 Cum
624 2195 740 2252 autem
759 2203 860 2272 saepe
877 2182 912 2252 in
938 2193 1071 2252 arctum
1093 2194 1273 2271 cogeretur

31 2267 185 2351 responsio,
205 2269 319 2340 instar
337 2269 512 2361 anguillae
530 2271 742 2354 elabebatur,
764 2271 864 2342 furtis
884 2270 1120 2360 persuasionis
1135 2283 1168 2342 et
1184 2269 1273 2372 escis

34 2353 204 2436 sophisticis.
227 2363 310 2428 Erat
325 2380 406 2448 ergo
430 2361 580 2431 veritatis
596 2373 629 2430 et
648 2361 733 2431 artis
750 2361 935 2432 eontentio:
954 2359 1024 2432 illis
1036 2360 1193 2447 quidem,
1209 2381 1270 2446 qrtt

36 2454 119 2510 veram
138 2446 325 2517 tuebantur
354 2447 535 2530 rationem,
561 2451 739 2520 sententiis
763 2471 831 2518 non
867 2448 1052 2520 artificiose
1083 2462 1115 2520 et
1147 2447 1272 2522 callide

35 2530 204 2629 excogitatis,
223 2535 670 2636 sophistam'lerientibus:
698 2539 762 2608 hoc
785 2549 925 2620 autem,
957 2549 1133 2624 tamquam
1158 2557 1268 2638 arma,
1334 2618 1340 2629 ⁶

33 2612 179 2716 obprrente
202 2635 403 2694 varietatem
428 2627 604 2708 orationis,
624 2626 850 2714 fallacemque
873 2637 906 2698 et
925 2625 1108 2698 subdolam
1135 2639 1271 2696 ratmer-

31 2717 180 2790 naamam,
198 2724 231 2783 et
258 2734 298 2782 ea
318 2735 354 2782 se
373 2735 427 2782 rna
455 2715 485 2785 is
508 2717 696 2786 arbitrante
715 2737 816 2806 posse
832 2716 980 2788 vincere.

59 2795 79 2892 i,
92 2803 148 2868 ss.
168 2802 232 2871 Sed
263 2823 305 2871 ne
327 2737 466 2873 dicenii
493 2804 667 2876 lacultatis
682 2817 771 2875 esset
787 2805 940 2884 victoria,
960 2823 1077 2878 verum
1096 2802 1271 2904 Chlisfifli

30 2887 159 2986 veritatis,
177 2891 258 2960 aliis
288 2890 370 2962 viris
393 2891 503 2962 doctis
527 2893 791 2983 praetermissis,
817 2915 855 2964 ea
886 2893 950 2963 luit
980 2892 1174 2983 spiridonis
1206 2895 1270 2968 rrrti

29 2974 177 3064 simplicis:
198 2980 357 3066 quicum
379 2981 464 3050 nihil
482 2981 577 3052 aliud
596 2983 707 3063 sciret,
728 2981 794 3050 nisi
820 2983 1004 3061 Christum,
1022 3002 1174 3068 eumque
1188 3003 1270 3056 cttt-

28 3057 151 3146 trlimm,
168 3069 259 3138 sicut
275 3069 323 3138 ait
346 3069 487 3151 Paulus,
503 3093 584 3140 cum
611 3072 749 3142 vidisset
769 3070 1015 3161 Philosophum
1033 3071 1267 3159 sejactantem

28 3149 280 3239 sophismatibus,
295 3168 329 3227 et
343 3157 499 3250 linguam
518 3159 720 3230 maledicam
738 3173 929 3229 moventem
946 3172 1065 3230 contra
1078 3157 1266 3258 Christum,

27 3245 167 3312 tlnostra
187 3259 371 3316 conantem
405 3247 631 3330 subsannare,
655 3247 825 3318 accedens
849 3248 968 3338 petiit,
996 3260 1033 3318 ut
1057 3248 1124 3318 aibr
1152 3246 1271 3347 liceret

29 3339 183 3418 trumper
200 3357 283 3404 eum
298 3357 339 3404 eo
362 3335 524 3426 colloqui.
543 3337 608 3420 Qui
633 3349 747 3407 sutem
770 3349 868 3407 erant
883 3335 1083 3410 earumdem
1101 3347 1266 3424 partium,

28 3427 85 3482 turn
107 3421 226 3493 scirent
241 3443 348 3510 quam
373 3427 508 3494 essetei
532 3425 678 3516 simplex
700 3439 733 3496 et
756 3426 869 3514 prisca
893 3427 1013 3515 pietas,
1031 3437 1069 3525 ‘et
1091 3435 1268 3513 praeterat

27 3503 100 3604 ‘llud¹
110 3513 312 3582 Graecorum
336 3512 529 3584 doctrinam
556 3537 599 3584 ne
622 3513 771 3588 summis
793 3513 934 3601 quidem
952 3513 1059 3586 labris
1081 3523 1266 3613 gustasset,

28 3591 223 3670 lrohrbebant
248 3621 292 3670 ne
317 3602 445 3672 veniret
460 3604 494 3672 in
521 3603 688 3685 medium,
706 3615 738 3674 et
757 3603 1023 3692 congrederetur
1041 3623 1120 3672 cum
1149 3600 1269 3690 sophi*

28 3687 71 3777 sta..
88 3686 116 3752 ls
131 3707 206 3758 nero
230 3690 276 3758 ab
291 3690 342 3759 eis
359 3691 502 3761 minime
589 3714 714 3763 suasus
730 3692 876 3782 (sciebat
898 3692 991 3762 enim
1006 3689 1091 3778 quid
1116 3711 1267 3791 superna

27 3768 136 3846 ludam
148 3791 239 3848 assat
255 3779 435 3867 sapientia,
452 3780 513 3868 qui
554 3795 669 3852 autem
687 3782 861 3850 humanae
877 3781 978 3860 vires,
993 3793 1026 3850 et
1039 3801 1128 3866 quae
1143 3801 1269 3854 irranot

28 3853 189 3934 redduntur
210 3879 245 3937 et
260 3866 467 3958 abolentur),
487 3869 529 3938 ad
545 3871 658 3940 virum
674 3871 831 3952 accessit,
849 3882 882 3940 et
897 3869 1000 3940 dixit:
1020 3889 1039 3936 t
1062 3873 1101 3938 ln
1127 3868 1269 3944 nomine

28 3941 85 4046 itte
102 3951 232 4049 §bristi
253 3949 511 4048 ol'bilosophe
530 3959 616 4028 mihi
635 3960 707 4048 jam
729 3981 871 4046 quoque
893 3959 1052 4030 animum
1077 3956 1215 4040 sabine,
1232 3967 1267 4058 et

29 4032 87 4104 andr
102 4059 170 4126 ipse
191 4065 280 4132 quae
298 4045 375 4116 volo
390 4045 514 4116 dicere.
538 4069 556 4114 r
576 4053 664 4118 dum
690 4047 720 4118 is
741 4061 857 4118 ¹antem
880 4047 1042 4120 dixisset:
1069 4067 1089 4114 a
1113 4050 1163 4119 Tu
1188 4067 1267 4132 qtu-

30 4113 159 4223 denudo,
175 4153 239 4222 ego
254 4155 333 4204 vero
347 4135 501 4206 audiam.
520 4157 539 4204 a
558 4157 637 4204 -a
659 4139 755 4206 Unus
771 4150 821 4207 ast
838 4141 938 4219 deus,
956 4135 1069 4223 inquit
1088 4134 1264 4224 spiritns,

30 4209 91 4280 toelr
110 4229 140 4288 et
160 4230 269 4292 terrae
290 4233 324 4294 ot
347 4222 495 4295 aliorum
520 4224 677 4295 matum
704 4245 793 4313 quae
822 4225 1051 4306 intercedunt,
1080 4222 1205 4315 opiter.
1232 4227 1269 4302 lo

47 4409 197 4475 'W
211 4425 360 4480 m,
378 4417 432 4472 irad
452 4423 500 4474 ret
519 4426 688 4492 περιπατεῖν,
703 4433 768 4481 qaod
779 4433 819 4474 eat
832 4433 953 4484 ausura,
967 4435 1098 4487 amnti
1112 4434 1185 4478 rouo.
