2954 4816
156 395 161 406 ¹
210 317 273 380 lba’
527 333 565 378 nr
590 331 618 378 s.
645 328 807 378 sraruxuo
833 329 1076 378 raororraarran
1289 295 1353 374 llEt]
1379 313 1410 372 aa

164 422 372 496 continetur,
389 415 435 495 id,
451 415 544 505 quod
560 417 756 496 continete
776 415 887 484 medio
906 414 1022 484 tollis?
1042 417 1097 484 Sic
1118 413 1250 485 iaciunt
1264 427 1294 482 et
1308 434 1409 489 canes;

166 505 310 597 lapides,
330 507 457 592 quibus
477 517 650 594 petuntur,
674 505 848 595 arripiunt
862 518 895 573 et
912 502 1088 574 mordent:
1103 525 1172 586 eos,
1192 505 1252 591 qui
1265 505 1410 593 jecerunt,

168 619 209 664 ne
229 597 404 684 attingunt
422 593 576 682 quidem.

211 686 294 772 55.
322 689 404 753 dum
435 683 539 772 igitur
565 683 668 753 rebus
698 683 887 752 verissimis
918 703 958 750 ac
991 681 1193 751 necessariis
1219 679 1414 754 mendacium

164 795 246 844 coar
272 785 430 853 necetur,
457 785 490 842 et
513 771 677 843 omnibus
702 771 854 842 veritatis
880 771 992 840 lucem
1025 771 1268 851 intuentibus,
1302 768 1414 838 nullum

167 795 319 950 amplius
342 859 475 930 fraudis
500 874 789 952 propugnatorem
817 859 998 950 improbus
1015 859 1195 942 inveniret,
1223 859 1370 948 confugit
1385 854 1414 924 ad

166 963 255 1020 artes
283 973 375 1028 suas,
398 962 431 1017 et
456 949 606 1018 malitiae
634 972 717 1022 suae
741 951 808 1018 vim
835 949 1096 1019 accusatoribus
1111 948 1358 1038 judicibusque
1378 944 1415 1012 di·

167 1041 352 1118 stribuens,
372 1040 525 1125 atquem
546 1052 710 1126 utrosque
728 1039 917 1130 ingressus,
940 1059 998 1108 eos
1014 1036 1111 1108 salsis
1135 1038 1343 1108 criminibus
1364 1040 1417 1103 Ste-

169 1129 321 1218 phanum
347 1148 561 1217 oppugnare,
589 1127 744 1199 hoscum
771 1125 1009 1216 indignatione
1023 1126 1239 1196 calumniam
1265 1125 1418 1214 suscipere

167 1215 363 1306 compellit;
385 1217 596 1304 ludaeisque
612 1239 686 1287 sese
710 1217 815 1285 variis
832 1215 944 1284 modis
961 1215 1157 1296 insinuans,
1177 1215 1295 1285 omnia
1312 1216 1379 1304 ipse
1392 1211 1419 1279 su

166 1317 285 1375 contra
303 1305 528 1394 Stephanum,
555 1317 745 1384 accusator,
764 1303 882 1394 judex,
915 1303 1078 1386 carnifex,
1104 1303 1299 1392 etreliqua
1326 1300 1421 1372 caedis

168 1395 409 1474 instrumenta,
439 1394 595 1464 nesciens
619 1416 689 1485 quo
713 1395 788 1482 ipso
812 1414 895 1462 casu
921 1405 995 1481 post
1019 1415 1094 1462 eam
1121 1394 1288 1482 Stephani
1317 1390 1420 1462 coude-

169 1483 379 1552 mnationem
406 1505 568 1573 praeceps
592 1485 750 1554 abiturus
786 1495 887 1551 esset.
917 1487 958 1551 Ut
981 1481 1072 1551 enim
1104 1483 1204 1570 periti
1233 1482 1418 1553 luctatores.

169 1572 356 1642 subcuntes
380 1593 524 1661 corpora
547 1573 821 1650 colluctantium,
844 1571 1035 1660 graviorem
1061 1570 1147 1661 ipsis
1170 1593 1297 1642 casum
1316 1567 1421 1639 machi·

169 1672 308 1742 uantur,
336 1661 385 1730 sic
410 1683 558 1752 magnus
583 1662 778 1752 Stephanus
803 1659 903 1729 humi
929 1671 1131 1749 prostratus,
1158 1683 1300 1749 gravem
1326 1661 1422 1728 adver-

169 1750 260 1820 sario
282 1751 418 1819 ruinam
438 1750 579 1820 molitus
601 1765 663 1821 est.
691 1755 736 1820 Ex
753 1769 792 1820 eo
816 1749 909 1817 enim
936 1761 1088 1839 tempore
1112 1761 1223 1819 totum
1242 1749 1358 1820 orbem
1376 1759 1422 1814 ter-

171 1861 287 1908 rarum
314 1839 461 1930 Apostoli
489 1854 727 1940 peragrarunt.
748 1838 784 1908 ld
807 1837 982 1926 Evangelii
1003 1837 1132 1925 ubique
1156 1840 1314 1928 gentium
1339 1837 1422 1905 disse·

171 1927 328 1997 minandi
353 1927 563 2028 principium
590 1929 664 1998 luit.
689 1928 760 1998 Nisi
778 1926 870 1996 eoim
897 1926 1060 2016 Stephani
1077 1925 1182 1996 caede
1208 1927 1359 2018 populus
1378 1930 1422 1992 lu·

172 2015 335 2086 dacorum
353 2038 387 2085 m
406 2015 582 2106 Apostolos
606 2017 793 2096 saeviisset,
816 2015 900 2084 solis
924 2013 1066 2085 sortasse
1089 2015 1319 2106 ierosolymis
1338 2021 1423 2084 Evan-

172 2104 299 2194 gelium
319 2104 493 2176 inclusum
513 2106 770 2195 permansisset.
791 2109 887 2174 Nunc
905 2116 1019 2174 autem
1038 2126 1056 2172 a
1073 2103 1218 2176 'ludaeis
1241 2101 1420 2196 oppugnati.

171 2195 205 2262 in
222 2193 308 2264 alias
325 2193 419 2264 orbis
436 2206 549 2283 partes
564 2195 664 2266 divisi
683 2209 775 2274 sunt,
787 2207 819 2262 et
832 2194 1072 2282 mysteriorum
1091 2193 1252 2264 doctrina
1270 2193 1422 2263 diabolum

171 2282 256 2353 undi
283 2305 326 2351 ue
344 2283 575 2353 detruserunt.
604 2285 659 2354 Sic
674 2283 806 2372 excepit
830 2283 984 2352 Samaria
1009 2281 1151 2352 verbum
1172 2285 1244 2351 Dei.
1267 2284 1321 2353 Sic
1340 2281 1423 2351 obiter

173 2377 271 2461 perP
301 2371 448 2461 ilippum
465 2374 654 2444 Eunuchus
680 2373 824 2442 salutem
846 2370 992 2461 adeptus
1017 2383 1078 2440 est.
1107 2373 1161 2440 Sic
1187 2393 1249 2442 vas
1267 2371 1351 2442 illud
1372 2390 1423 2439 ma-

169 2482 278 2550 gnum
303 2461 471 2530 Ecclesiae
496 2463 637 2544 Paulus,
664 2462 777 2531 lurore
801 2473 833 2530 et
860 2460 963 2530 minis
993 2474 1168 2540 armatus,
1199 2485 1218 2528 a
1250 2460 1381 2531 diabolo
1401 2458 1423 2523 in

171 2553 287 2640 ipsum
304 2549 515 2640 armigerum
532 2550 597 2622 tela
622 2549 799 2621 convertit.
818 2553 899 2618 Naar
917 2549 1000 2618 dum
1026 2549 1120 2638 ipsos
1140 2571 1179 2618 cx
1204 2551 1370 2621 omnibus
1387 2567 1423 2614 ra-

170 2639 334 2728 gionibus
357 2637 525 2728 expellere
541 2653 573 2708 et
589 2639 815 2710 exterminare
838 2651 994 2718 conatur,
1021 2637 1111 2719 lecit,
1134 2650 1173 2708 ut
1198 2640 1322 2710 nullus
1345 2635 1425 2707 relia-

170 2739 333 2817 queretur
350 2727 458 2808 locus,
481 2727 523 2796 ad
549 2749 649 2815 quem
669 2729 793 2798 Christi
819 2725 904 2795 fides
924 2748 991 2796 non
1020 2727 1222 2816 perveniret.
1244 2729 1333 2798 Hinc
1354 2725 1424 2796 eoin

171 2817 363 2905 Aegyptios,
384 2821 498 2904 Syros,
516 2819 667 2896 Parthos,
686 2815 974 2905 Mesopotamitas,
994 2817 1109 2897 Italos,
1126 2815 1280 2898 Galatas,
1297 2815 1422 2908 lllvrios.

172 2904 384 2999 Macedonas
404 2918 436 2974 et
459 2927 580 2975 omnes
595 2907 750 2993 undique
767 2916 886 2993 gentes
900 2905 943 2974 ad
961 2904 1064 2974 fidem
1082 2906 1262 2976 contluere
1280 2911 1426 2996 persuasit

172 2991 312 3062 verbum
331 2995 400 3062 Dei.
418 2995 546 3076 Cernis,
562 3008 730 3083 quantum
748 2992 925 3084 pugnandi
948 2995 1091 3064 scientia
1106 2994 1216 3064 valeat
1237 2989 1426 3085 Steplranusss

170 3093 202 3150 et
226 3103 329 3168 quam
356 3081 475 3153 multis
499 3085 639 3154 casibus
664 3096 871 3172 prostratum
907 3082 1065 3153 afflixerit
1095 3083 1358 3162 adversarium,
1381 3097 1424 3166 qut

169 3169 366 3241 calumniae
382 3170 502 3242 lraude
519 3175 677 3263 superior
694 3171 897 3242 videbatur?
922 3172 985 3242 Sed
1004 3170 1045 3241 ad
1073 3173 1188 3261 ipsum
1215 3173 1364 3244 stadium
1388 3187 1426 3236 re·

173 3272 358 3330 vertamur.

215 3353 298 3436 §db
327 3349 460 3432 Quibus
484 3351 597 3420 verbis
623 3361 839 3420 commovent
867 3350 1035 3439 populum
1067 3349 1121 3420 isti
1150 3345 1427 3420 calumniatores?

171 3441 280 3508 Homo
304 3438 367 3508 iste
387 3459 455 3508 non
480 3452 601 3520 cessat,
622 3440 797 3526 inquiunt,
826 3438 919 3525 loqui
937 3437 1039 3509 verba
1064 3440 1170 3528 impie
1197 3437 1426 3510 contumeliosa

171 3525 337 3627 adversus
357 3527 471 3598 locum
497 3527 590 3598 huuc
620 3539 777 3598 sanctum
802 3541 835 3598 et
860 3527 982 3617 legem.
1013 3527 1216 3600 Audivimus
1249 3530 1341 3598 euim
1364 3541 1425 3617 eum

171 3614 340 3686 dicentem
355 3640 361 3685 :
376 3640 393 3685 a
408 3615 507 3687 lesus
523 3622 716 3688 Nazarenus
733 3615 791 3685 ille
808 3615 960 3688 destruet
986 3616 1096 3686 locum
1117 3617 1236 3696 istum,
1251 3631 1283 3688 et
1302 3611 1426 3706 mutabit

172 3703 341 3788 instituta,
363 3727 451 3794 quae
476 3705 616 3776 tradidit
641 3703 740 3776 nobis
765 3711 921 3775 tiosos.»
947 3709 1036 3774 llaec
1054 3719 1103 3774 est
1123 3719 1299 3776 oratorum
1318 3697 1424 3772 diaboli

171 3793 379 3868 criminatio.
394 3800 488 3878 Quae
505 3817 606 3886 porro
622 3795 838 3865 audientium
854 3795 1027 3864 auxentio?
1040 3794 1125 3877 Quid
1143 3795 1367 3884 indignamur
1381 3801 1425 3856 aut

173 3897 378 3954 succensent
400 3884 481 3954 huie
498 3889 578 3954 reo?
602 3885 688 3967 Quid
712 3885 744 3953 io
772 3905 810 3952 ea
834 3885 1053 3952 accusatione
1075 3884 1233 3953 criminis
1256 3881 1426 3972 depreben-

172 3971 322 4058 derunt?
345 3978 439 4056 Quae
455 3975 547 4043 enim
571 3974 618 4043 illi
637 3973 716 4042 data
734 3985 815 4042 suot
839 3973 991 4052 crimini,
1017 3974 1261 4062 praenuntiant
1280 3995 1329 4050 ea,
1354 3985 1425 4054 quot

172 4061 205 4130 iu
233 4076 403 4147 posterum
431 4080 512 4132 sunt
535 4075 709 4133 eventura.
734 4063 834 4153 ljuot
851 4062 957 4141 euim,
982 4083 1060 4131 eum
1082 4061 1222 4142 dixisse,
1251 4062 1358 4131 locum
1381 4053 1426 4152 dt·

172 4162 339 4220 structum
369 4151 429 4228 iri,
457 4167 489 4220 et
514 4164 683 4222 mutatum
715 4151 754 4220 iri
782 4151 883 4222 llosis
914 4151 1079 4221 instituta.
1108 4150 1287 4232 Quodnam
1317 4149 1348 4215 io
1372 4145 1422 4212 his.

172 4259 234 4306 seu
257 4262 373 4309 verum
393 4239 495 4320 dicat,
515 4261 574 4310 seu
593 4241 790 4321 mentiatur,
805 4241 935 4310 crimen
954 4240 1091 4309 existit?
1108 4240 1141 4308 Si
1165 4240 1333 4314 mentitur,
1348 4225 1422 4331 quiid

172 4327 266 4423 triste
286 4328 477 4410 denuntiat,
508 4351 573 4398 ooo
600 4331 742 4400 eveniet.
772 4329 828 4398 Sin
856 4351 933 4398 vera
960 4329 1124 4416 loquitur,
1146 4349 1250 4414 quam
1274 4325 1363 4394 allert
1385 4339 1424 4386 m-

175 4433 296 4494 vurram
315 4419 434 4504 oratio,
459 4439 546 4504 quae
571 4417 706 4488 luturos
731 4439 846 4488 rerum
872 4420 983 4489 exitus
1008 4416 1195 4509 praedicit?
1216 4423 1303 4500 Quae
1325 4410 1423 4481 lutura
