2946 4798
274 295 336 358 tta
655 309 693 354 nn
717 308 744 354 s.
771 307 931 355 novennio
956 307 1075 354 narare
1329 285 1397 350 ott.
1416 285 1442 346 tl

228 397 482 476 daemoniacos,
502 415 588 482 quos
612 393 804 463 saevissimi
824 404 856 462 et
872 392 1011 482 pessimi
1031 393 1224 462 invaserant
1243 389 1406 459 daemones.
1420 391 1443 452 tr

228 486 287 556 ille
307 484 447 573 quidem
498 483 629 552 recari:
653 481 704 551 illi
728 494 842 551 autern
868 481 983 551 statim
1005 492 1191 570 coeperunt
1213 479 1444 561 insanirenque

228 575 381 732 primum
396 572 457 661 qui
483 593 536 642 em
557 571 592 639 in
617 593 696 641 eum
722 568 951 672 loquebantur
975 570 1189 659 blasphema,
1208 581 1240 638 et
1259 567 1391 638 homines
1411 587 1443 630 n-

255 673 405 733 ementer
428 660 691 731 conturbabant.
714 659 841 728 Deinde
857 681 938 730 cum
954 680 1072 748 preces
1091 658 1203 749 magis
1220 658 1357 749 vigerent
1373 667 1395 722 et
1409 654 1443 719 in·

228 753 449 833 valescerent,
476 748 528 819 illi
558 749 622 818 etsi
648 770 716 818 non
741 747 939 818 viderentur
970 747 1090 838 plagas
1113 747 1333 905 accipientes,
1352 741 1444 812 dolores

229 841 264 909 in
299 838 478 940 publicum
508 837 698 928 proferunt,
723 849 756 907 et
784 837 934 906 clamare
962 836 1155 926 incipiunt:
1205 837 1274 906 ube
1297 857 1349 905 nos
1366 832 1442 900 orire.

229 949 393 1016 quomam
412 927 445 997 in
472 949 535 998 nos
561 927 724 1017 accepisti
745 936 964 1016 potestatem:
997 923 1164 996 insidiose
1186 924 1324 1012 quidem
1349 921 1383 990 illi
1400 918 1444 986 loc

227 1029 260 1086 et
279 1017 439 1117 maligne3
455 1015 581 1086 etenim
597 1015 778 1086 ostendent
791 1015 888 1097 haec,
907 1035 997 1102 quae
1012 1014 1176 1105 deinceps
1191 1026 1379 1101 sequuntur.
1390 1011 1443 1076 lon¹

229 1107 343 1193 itaque
359 1105 580 1175 intellexisset
605 1103 749 1174 insidias
779 1125 928 1196 magnus
959 1101 1151 1185 Marcellus,
1179 1124 1292 1191 neque
1312 1115 1443 1172 convenas

228 1207 279 1264 est
303 1193 345 1263 ad
371 1194 418 1276 id,
439 1193 530 1282 quod
550 1193 679 1262 dictum
700 1193 822 1274 luerat,
845 1213 956 1281 neque
970 1215 1027 1262 eos
1051 1193 1262 1282 increpavit:
1289 1190 1341 1262 sed
1358 1187 1442 1258 aden·

229 1282 301 1352 lum
318 1282 430 1353 solum
443 1284 595 1364 intuens
614 1283 852 1372 perseverabat
867 1283 902 1350 in
920 1281 1091 1351 oratione:
1113 1292 1146 1350 et
1162 1281 1251 1350 nihil
1272 1277 1356 1350 aliud
1370 1293 1442 1369 quao-

230 1376 330 1440 Serva
355 1384 453 1442 tuum
487 1371 713 1462 figmentum,
740 1392 760 1441 o
785 1370 934 1452 Christe,
959 1370 1021 1439 diu
1053 1391 1179 1460 rogans
1209 1369 1350 1439 dicebat.
1375 1371 1402 1434 lt
1418 1361 1435 1427 l

228 1459 368 1548 quidem
387 1482 509 1531 rursus
529 1459 705 1546 rogabant,
735 1472 774 1530 ut
793 1459 946 1546 juberet:
971 1458 1029 1528 ille
1054 1472 1168 1528 autem
1196 1479 1267 1526 non
1291 1457 1443 1542 obtempe-

229 1550 298 1628 bat,
322 1548 433 1618 sedin
458 1571 517 1619 eos
536 1548 688 1617 divinam
714 1547 873 1618 virtutem
898 1547 1100 1619 invocabat:
1120 1549 1241 1634 sicque
1255 1545 1376 1639 expulsi
1390 1555 1441 1611 sunt

227 1650 260 1706 et
277 1637 340 1738 viri
357 1637 460 1708 simul
482 1637 616 1707 liberati
641 1650 723 1707 sunt
738 1659 757 1706 a
774 1635 886 1738 plaga.
915 1641 999 1707 Cum
1024 1647 1139 1706 autem
1161 1658 1304 1706 causam
1327 1642 1442 1722 rogarent

228 1747 288 1813 qur
309 1739 391 1796 tunc
416 1726 569 1806 aderant,
602 1746 665 1795 cur
692 1725 920 1795 daemonibus
945 1746 981 1794 se
1004 1745 1163 1794 cessuros
1189 1723 1406 1795 confitentibus
1423 1719 1441 1779 a:

229 1815 326 1884 initio
351 1815 435 1884 nihil
460 1815 641 1904 praecepit,
669 1813 726 1884 ille
743 1813 938 1903 respondit:
958 1813 1128 1896 Quoniam
1149 1812 1304 1884 dicentes
1321 1810 1443 1880 meino

228 1903 402 1994 accepisse
419 1915 629 1991 potestatem,
659 1925 725 1972 non
743 1901 838 1973 aliud
863 1902 1023 1992 agebant,
1050 1922 1155 1988 quam
1180 1903 1274 1992 quod
1302 1921 1390 1970 vanae
1406 1891 1443 1982 gl·-

228 1993 299 2062 riae
320 1991 450 2080 laqueis
472 2014 525 2060 me
542 1993 757 2062 conabantur
777 1990 967 2080 implicare.
984 1995 1023 2060 Et
1039 1991 1179 2060 illorum
1200 1991 1339 2078 quidem
1352 1999 1443 2075 quatu·

228 2081 379 2150 virorum
406 2101 459 2150 res
479 2082 523 2150 ita
549 2103 584 2151 se
607 2080 814 2151 habuerunt.
836 2079 941 2150 Paulo
958 2091 1035 2170 post
1058 2093 1172 2149 autem
1198 2085 1344 2150 Lazarus
1360 2091 1443 2164 quott-

226 2169 381 2256 quidam‚
404 2169 463 2256 qui
481 2169 731 2260 corripiebatur
743 2169 858 2238 lurore
880 2167 1118 2248 daemoniaco,
1137 2179 1169 2236 et
1187 2167 1341 2260 linguam
1362 2165 1444 2259 diuot

227 2271 375 2328 exertam
393 2271 424 2327 et
451 2257 654 2347 pendentem
679 2257 838 2338 habebat,
869 2258 958 2328 siout
981 2279 1096 2338 canes,
1127 2269 1159 2325 et
1183 2279 1343 2346 spumam
1368 2253 1443 2322 dan

227 2347 405 2436 expuebat,
431 2346 588 2416 eamdem
604 2369 741 2435 quoque
757 2357 964 2417 consecutus
988 2345 1052 2414 luit
1071 2345 1300 2416 curationem.
1319 2351 1386 2414 llam
1403 2355 1440 2405 m:

229 2437 380 2525 primum
414 2457 492 2503 eum
522 2448 662 2506 sanctus
692 2435 851 2525 benignis
875 2433 960 2503 vidit
988 2434 1120 2516 oculis,
1152 2445 1186 2503 ct
1210 2447 1364 2525 precatus
1383 2439 1440 2496 est:

229 2546 311 2595 suae
337 2524 457 2614 plagae
470 2525 697 2604 curationem,
726 2525 839 2595 statim
860 2535 1067 2610 conspectus
1085 2536 1136 2593 est
1152 2545 1276 2606 sanus,
1295 2537 1325 2594 et
1340 2522 1449 2591 titana

227 2626 278 2683 est
302 2635 321 2682 a
340 2613 517 2694 daemone,
544 2613 605 2700 qui
629 2635 708 2683 eum
726 2611 928 2770 occupabat.
947 2617 986 2682 Et
1000 2611 1084 2700 quid
1098 2633 1187 2702 opus
1203 2627 1258 2684 est
1271 2612 1360 2682 illios
1372 2609 1449 2674 cuncta

228 2701 364 2771 dicere?
393 2700 539 2772 Facilius
563 2703 655 2771 enim
680 2714 731 2772 est
761 2700 876 2772 stelas
908 2721 1112 2780 numerare,
1148 2714 1208 2771 aut
1246 2701 1347 2772 maris
1370 2697 1451 2764 fluctu

231 2790 353 2871 metiri,
380 2802 439 2860 aut
453 2790 583 2877 aliquid
610 2789 704 2860 aliud
730 2788 884 2880 aggredi,
917 2789 1008 2876 quod
1034 2789 1109 2859 lieri
1141 2811 1208 2860 non
1244 2799 1357 2881 potest,
1384 2795 1451 2868 nutt-

228 2876 323 2978 illius
349 2901 401 2978 ros
425 2901 544 2948 omnes
584 2879 749 2949 invenire.
779 2879 1081 2948 verumenimvero
1113 2899 1226 2967 pauca
1261 2875 1407 2968 quaedam
1430 2861 1452 2929 t-

229 2965 324 3036 rllrus
347 2981 448 3036 etiam
476 2967 629 3038 moribus
653 2967 858 3037 adducenda
882 2978 963 3038 sunt
992 2967 1028 3036 in
1062 2966 1235 3050 medium,
1267 2980 1305 3039 ut
1325 2965 1440 3036 seranna

228 3054 320 3143 quod
345 3077 365 3124 a
389 3077 457 3142 quo
482 3057 564 3127 baec
582 3058 800 3147 gerebantur,
829 3055 888 3126 illa
911 3057 1092 3146 quoqueei
1107 3056 1253 3126 omnino
1277 3053 1445 3127 debebam·

229 3157 261 3244 et
285 3143 388 3214 simul
406 3167 494 3231 quae
518 3147 553 3213 in
580 3145 721 3237 longum
744 3145 947 3236 producitur
970 3145 1096 3226 oratio,
1125 3145 1286 3217 varietate
1308 3139 1407 3214 vitabit
1424 3151 1453 3200 a·

230 3245 392 3302 toemoem.

271 3324 289 3410 ξ
316 3325 396 3392 29.
424 3323 485 3392 Hic
512 3345 659 3413 magnus
676 3322 856 3394 Marcellus
881 3345 962 3394 oum
991 3322 1070 3391 aliis
1103 3322 1203 3393 bonis
1228 3345 1317 3412 quae
1338 3311 1453 3398 habebat.¹

228 3424 425 3481 sanctorum
451 3432 587 3498 quoque
624 3412 847 3499 reliquiarum
885 3411 1066 3482 tenebatur
1099 3433 1225 3502 magno
1250 3425 1283 3482 et
1312 3407 1454 3500 vehementr

228 3519 355 3581 amore,
378 3521 436 3570 eas
451 3500 651 3572 existimans
674 3523 748 3571 esse
772 3501 862 3570 dona
885 3501 1057 3582 coelestia,
1085 3513 1117 3570 et
1145 3522 1262 3570 revera
1288 3497 1406 3589 plurim
1426 3485 1454 3550 lt·

228 3588 371 3658 cienda:
398 3600 430 3658 ot
446 3589 506 3676 qui
530 3587 660 3676 aliquid
683 3590 748 3659 tale
772 3588 815 3658 od
844 3611 922 3659 eum
948 3588 1139 3670 deserebat,
1167 3589 1390 3680 appellabatur
1411 3593 1454 3644 ser·

228 3687 324 3776 vator
347 3689 380 3747 et
404 3675 611 3758 benefactor,
628 3691 660 3748 et
676 3678 856 3748 videbatur
879 3699 954 3748 esse
979 3679 1107 3750 missus
1124 3700 1164 3749 ex
1177 3679 1264 3769 ipsis
1280 3674 1383 3747 coelis.
1398 3671 1452 3733 lton

228 3777 354 3852 itaque,
382 3766 441 3922 gui
467 3769 500 3835 in
527 3766 590 3836 boc
617 3781 773 3856 prompto
798 3779 830 3836 et
853 3766 959 3836 alacri
979 3767 1087 3837 animi
1104 3766 1217 3839 studio
1240 3769 1272 3836 ei
1297 3781 1383 3854 opem
1400 3752 1452 3820 aa

230 3853 298 3936 bat,
331 3867 458 3926 mutos
482 3878 521 3924 er
547 3855 664 3926 multis
689 3857 773 3926 locis
797 3854 1009 3936 adducebat,
1046 3857 1105 3944 qui
1129 3856 1224 3926 hunc
1251 3857 1323 3946 ejus
1344 3853 1448 3920 anona?

229 3943 511 4044 consolarentur,
539 3958 570 4014 et
594 3945 685 4014 dona
709 3966 797 4032 quac
820 3957 917 4014 erant
942 3945 1090 4015 maxime
1122 3943 1287 4036 optanda,
1313 3932 1448 4011 offerebat·

229 4055 261 4099 er
285 4045 461 4119 tamquam
480 4034 608 4103 amico:
637 4035 759 4122 partim
785 4032 924 4120 quidem
955 4055 995 4104 ex
1019 4034 1140 4115 Persis,
1173 4034 1294 4122 partim
1317 4037 1408 4098 autern
1426 4027 1446 4078 n

229 4118 379 4206 Illyrico,
409 4121 530 4210 partim
556 4143 595 4190 ex
620 4122 675 4204 iis,
696 4144 784 4211 quae
809 4133 906 4192 erant
930 4124 1077 4210 ubique,
1100 4121 1308 4214 regionibus.
1331 4113 1382 4184 llle
1401 4115 1445 4211 von

228 4207 534 4290 quemadmodum,
561 4222 688 4282 etcum
707 4223 837 4298 quanta
863 4233 925 4282 sua
943 4211 1185 4293 delectatione,
1211 4225 1242 4280 et
1266 4227 1337 4278 cum
1358 4199 1434 4286 querit

228 4289 357 4362 bonore
380 4311 412 4365 et
440 4298 628 4367 reverentia
660 4321 697 4368 ea
729 4300 938 4390 excipiebat:
973 4301 1078 4370 simul
1108 4301 1246 4388 quidem
1272 4297 1343 4366 binc
1369 4296 1445 4387 osten:

230 4373 313 4445 dens
330 4401 431 4452 suum
450 4407 600 4454 amorem
622 4387 655 4455 in
682 4409 902 4460 communem
924 4390 1126 4471 Dominum,
1149 4403 1327 4472 eorumque
1347 4381 1446 4446 moneti
