2994 4832
53 279 149 343 latit
366 297 407 344 or
433 298 461 343 s.
487 297 612 346 annona
636 297 784 346 incursa.
812 297 924 344 cocos.
1183 282 1242 345 105

51 402 123 470 quarn
153 380 237 468 quod
270 382 404 450 crimen
439 381 551 452 ullum
580 383 771 471 suspendio
803 381 975 471 dignum,
1011 383 1135 451 misero
1168 383 1287 452 obten-

48 471 102 538 dere
168 487 269 540 ssent.
298 469 403 539 Alteri
432 492 535 541 crura
567 470 801 542 succiderunt.
833 471 1009 540 Mulierem
1043 473 1145 540 etiam
1177 493 1287 557 quan-

46 559 102 627 dam
143 559 380 628 esummitate
408 581 588 630 murorum
616 561 855 650 praecipitant,
882 559 1070 647 fractisque
1093 561 1287 632 cervicibus
1395 583 1399 590 ·

45 647 233 728 interficiunt,
253 648 317 718 hoc
341 649 373 716 ei
397 649 538 718 crimini
561 648 694 731 dantes,
709 650 801 736 quod
822 649 978 720 homines
997 648 1199 738 plerumque
1213 673 1286 720 ma-

43 738 109 824 „icis
127 737 254 807 artibus
277 737 476 806 dementare
508 737 671 808 infamata
696 738 828 809 fuisset.
857 736 920 806 Sed
958 737 1021 808 hoc
1056 737 1169 809 scelus
1193 760 1287 808 com·

43 825 159 895 meliori
175 839 337 916 tempore,
355 839 389 895 et
406 828 578 914 pacatiore
594 829 712 897 animo
729 827 904 896 vindicare
920 826 1121 897 debuerant.
1141 827 1292 896 lnduxe··

42 927 98 983 rant
117 915 213 984 etiarn
240 915 274 982 in
304 915 488 996 animum,
516 916 545 984 si
571 937 639 987 non
669 915 751 1006 luga
776 917 830 986 vix
855 917 1038 995 evasisset,
1072 915 1285 985 abbatissam

41 1003 180 1083 perimere
196 1003 238 1071 de
255 1008 288 1072 S.
309 1003 466 1084 Caecilia,
484 1005 591 1074 solam
612 1005 732 1074 mortis
747 1005 824 1092 ejus
840 1026 980 1074 causam
999 1005 1175 1086 habentes,
1193 1003 1284 1092 quod

38 1091 134 1161 lrcbie
159 1093 275 1182 iscopo
290 1094 591 1184 consanguinitate
611 1093 840 1183 jungebatur:
868 1093 983 1162 adhuc
1014 1106 1047 1162 et
1071 1092 1288 1164 sceleratiora

39 1115 156 1270 aggredi
178 1193 377 1262 statuentes,
407 1182 472 1250 nisi
500 1187 586 1252 [teus
611 1181 769 1252 Coloniae
794 1183 979 1262 misertus,
1004 1182 1190 1253 breviasset
1213 1182 1287 1251 dies

40 1270 181 1338 amentiae
208 1292 342 1340 eorum.
370 1275 545 1340 Praeterea
575 1271 721 1360 juvenes
756 1271 924 1362 impigros
959 1271 1084 1352 citato,
1117 1282 1285 1356 quantum

41 1372 165 1443 possent,
185 1358 296 1449 gradu
313 1359 355 1429 ad
379 1365 504 1449 Regem
526 1361 575 1428 ire
586 1360 722 1448 jubent,
742 1363 917 1430 ‘nunciare
941 1360 971 1428 ei
995 1381 1084 1447 quae
1101 1372 1197 1450 gesta
1214 1360 1287 1428 lue-

41 1459 109 1524 rant,
128 1461 159 1516 et
180 1470 364 1548 suggerere
394 1460 432 1516 ιιι
454 1463 672 1537 quantocyus
700 1450 823 1530 veniat,
851 1462 1041 1530 vacantem,
1060 1447 1204 1536 expulso
1228 1458 1287 1516 Ar-

38 1535 243 1634 chiepiscopo,
270 1538 442 1606 civitatem
469 1559 655 1627 occupare:
676 1539 709 1605 in
731 1559 770 1608 eo
797 1538 879 1606 verti
904 1537 1049 1608 salutem
1080 1536 1238 1618 civitella,
1256 1550 1288 1605 et
1392 1593 1397 1601 .

41 1645 135 1710 rpsrus
157 1625 330 1695 utilitatem
358 1627 557 1707 maximam,
577 1641 615 1696 ut
634 1626 780 1716 grandia
801 1626 996 1696 molientem
1018 1626 1060 1694 de
1078 1625 1285 1696 vindicanda

43 1711 151 1798 iq'nria
165 1713 464 1804 archiepiscopum
481 1715 670 1804 anticipare
685 1729 839 1786 conetur.
860 1715 1000 1785 Talibus
1020 1713 1120 1784 iuriis
1142 1728 1209 1786 toto
1229 1715 1287 1784 tri-

41 1799 96 1868 duo
111 1802 329 1892 agitabantur.
351 1809 530 1890 Postquam
549 1804 706 1874 auditum
722 1817 773 1876 est
790 1826 849 1894 per
867 1803 1091 1894 provinciam,
1110 1817 1141 1874 et
1158 1804 1285 1874 celebri

45 1892 367 1992 mmorerulgatum,
385 1893 478 1980 quod
503 1892 720 1964 colonienses
737 1915 801 1962 sua
820 1893 1123 1984 llrchiepiscopum
1152 1893 1288 1983 probris

47 1989 73 2043 et
91 1981 286 2051 contumeliis
310 1981 484 2063 allectum,
502 1981 587 2052 urbe
604 1983 792 2082 fugassent,
811 1982 987 2052 exhorruit
1002 1982 1116 2050 omnis
1136 1981 1287 2072 populus

51 2067 198 2138 novitatem
224 2071 282 2149 rei,
305 2071 518 2141 atrocitatem
543 2069 693 2152 sceleris,
712 2072 948 2161 spectaculum
975 2073 1209 2140 humanarum
1237 2091 1287 2140 re·

53 2173 129 2251 rum,
150 2159 222 2242 quod
247 2160 298 2228 vir
325 2171 498 2230 tantarum
525 2160 558 2228 in
585 2159 717 2230 Christo
742 2160 919 2241 virtutum,
943 2173 1009 2228 tarn
1038 2157 1181 2248 indigna
1212 2178 1288 2247 pcr-

54 2254 121 2338 peti,
144 2247 197 2314 lleo
216 2247 438 2338 adspiciente‚
467 2249 643 2338 potuisset¹
666 2255 786 2340 hlagna
811 2250 886 2338 ejus
912 2249 944 2317 in
972 2268 1141 2337 pauperes
1162 2246 1287 2347 libera-

52 2327 129 2411 litas,
143 2333 275 2405 multain
294 2337 423 2406 divinis
441 2338 544 2407 rebus
559 2337 704 2418 devotio,
723 2337 830 2408 multa
847 2339 881 2406 in
902 2337 1064 2406 humanis
1082 2336 1284 2417 moderatio,

50 2418 203 2494 vehemens
226 2426 259 2494 in
282 2426 497 2516 corrigendis
523 2427 658 2516 legibus
682 2427 850 2505 studium,
881 2425 986 2496 libera
1013 2425 1046 2493 in
1073 2424 1288 2515 corrigendis

45 2509 98 2592 qui
116 2511 190 2582 male
210 2528 351 2605 agerent
375 2515 546 2596 severitas
563 2517 719 2586 omniurn
736 2537 793 2584 ore
811 2514 1085 2597 celebrabantur,
1100 2535 1295 2608 earumque¹

40 2617 140 2668 rerum
161 2605 438 2674 commemoratio
459 2625 525 2672 oon
550 2604 734 2674 minimum
760 2604 790 2674 ei
817 2605 947 2694 gratiae
977 2602 1069 2694 apud
1104 2602 1287 2693 populares

38 2688 231 2782 conciliabat¹
252 2690 453 2762 Exclamant
473 2713 603 2774 omnes,
622 2691 665 2762 ad
684 2715 781 2762 suam
809 2693 920 2782 magis
937 2692 1100 2782 injuriam
1119 2691 1289 2782 pertinere

35 2775 177 2847 violatam
200 2780 411 2870 pontificalis
447 2780 598 2850 nominis
634 2781 870 2870 majestatem,
896 2791 929 2850 et
961 2780 1047 2852 mori
1077 2781 1144 2852 sibi
1179 2780 1288 2852 satius

32 2883 109 2962 esse,
127 2889 224 2954 quam
241 2882 280 2941 ut
305 2882 437 2940 tantum
468 2870 637 2962 flagitium
659 2892 801 2944 suorum
831 2883 1022 2959 temporum
1048 2871 1197 2941 inultum
1230 2891 1289 2959 pa-

31 2963 161 3024 trantur.
1023 3021 1025 3026 ,

68 3045 84 3128 ἕ
109 3047 176 3116 ²2.
196 3045 305 3136 igitur
321 3069 381 3137 per
404 3059 552 3134 quatuor
577 3047 627 3116 vel
652 3047 808 3134 quinque
834 3046 997 3116 milliaria
1017 3048 1289 3134 circumquaque

27 3129 62 3198 ad
91 3155 184 3203 arma
206 3135 448 3215 conclamant,
478 3135 585 3205 multa
610 3136 791 3205 hominurn
826 3135 933 3206 millia
965 3135 1056 3205 dicto
1080 3135 1184 3204 citius
1208 3157 1289 3202 con-

27 3237 175 3304 currunt,
201 3224 298 3294 nullo
321 3221 381 3311 qui
407 3245 467 3313 per
491 3237 632 3295 aetatem
658 3245 755 3294 arma
779 3223 868 3294 ferre
896 3235 1019 3314 posset,
1047 3235 1113 3293 tarn
1151 3221 1289 3310 religio-

26 3329 91 3375 sam
118 3312 273 3382 militiam
299 3313 520 3383 detrectante:
538 3313 803 3404 conglobatique
821 3313 855 3381 in
873 3335 996 3392 unuin,
1017 3324 1138 3401 rogant
1152 3311 1289 3380 Archia-

28 3398 212 3494 piscopum,
237 3416 271 3472 et
294 3413 512 3472 cunctantem
551 3403 582 3471 vi
621 3401 829 3492 impellunt,
866 3414 904 3471 ut
939 3400 982 3470 ad
1016 3398 1288 3499 recuperandam

26 3487 189 3558 civitatem
211 3499 429 3580 quantocyus
458 3489 614 3561 festinet:
642 3512 677 3560 se
704 3512 764 3580 pro
787 3513 827 3560 eo
852 3489 1099 3568 dimicaturos,
1130 3503 1163 3556 et
1191 3510 1221 3556 sr
1249 3508 1289 3556 ea
1341 3571 1349 3586 .

27 3577 204 3648 necessitas
228 3580 418 3660 incumbat,
445 3601 523 3650 oves
550 3602 611 3680 pro
637 3591 782 3668 pastore,
810 3578 900 3648 lilios
932 3599 993 3668 pro
1025 3588 1120 3668 patre
1145 3575 1290 3645 libenter

28 3679 165 3734 mortem
188 3681 406 3758 excepturos:
427 3689 466 3737 ac
492 3668 559 3739 nisi
581 3667 799 3739 Colonienses
822 3679 993 3736 maturent
1010 3667 1200 3736 venientem
1232 3685 1290 3733 su·

27 3753 164 3843 scipere,
186 3767 215 3824 et
234 3779 295 3846 pro
319 3756 431 3846 ipsius
447 3757 614 3826 arbitratu
639 3755 838 3826 satisfacere
852 3755 994 3836 offenso,
1021 3776 1058 3824 se
1081 3766 1141 3823 aut
1156 3753 1289 3844 ingesto

29 3859 97 3926 tgna
127 3842 294 3930 populum
328 3867 407 3914 curn
433 3845 568 3915 civitate
596 3857 877 3936 consumpturos.
899 3856 959 3914 aut
982 3843 1149 3932 dissipato
1173 3863 1287 3924 muro,

28 3947 95 3997 cum
113 3951 220 4018 super
235 3955 296 4004 con
323 3934 428 4004 erlem
449 3935 642 4020 occisorum
666 3937 699 4004 in
717 3933 915 4004 cathedram
935 3931 1166 4023 pontificalem
1186 3930 1289 4001 redu-

29 4027 146 4088 cturos.
176 4023 224 4088 lta
240 3955 523 4113 trebiepiscopus
550 4035 671 4111 quarto
698 4021 754 4092 die
786 4035 966 4113 postquam
996 4021 1134 4100 exierat,
1163 4041 1289 4178 magno

32 4105 168 4176 tallatus
194 4112 347 4199 agmine,
380 4111 424 4180 ad
459 4112 579 4182 urbem
617 4111 773 4181 accessit.
805 4110 902 4193 Quod
938 4109 999 4180 ubi
1027 4108 1220 4180 Coloniensi
1249 4131 1289 4178 us

32 4207 236 4287 compertum
258 4211 319 4280 est,
340 4211 373 4269 et
397 4221 432 4271 se
457 4211 570 4270 tantae
587 4211 724 4287 tamque
744 4199 901 4268 efferatae
927 4197 1163 4268 multitudinis
1179 4197 1290 4287 impe-

34 4294 93 4352 tam
112 4307 177 4354 nec
201 4307 304 4368 muro,
325 4309 386 4358 nec
411 4289 482 4358 acie
506 4289 677 4360 sustinere
702 4308 801 4378 posse
817 4286 1106 4368 animadvertunt,
1125 4296 1198 4356 turn
1218 4285 1290 4376 pri-

37 4391 118 4440 ιιιιιιιι
157 4371 253 4442 furor
275 4375 487 4468 detlagrare,
509 4375 656 4448 ebrietas
689 4395 889 4446 evanescere
925 4377 1035 4466 coepit
1051 4399 1068 4442 :¹
1097 4395 1291 4465 magnoque
