2932 4812
9 286 70 350 itt.
95 286 131 349 3l
362 304 401 351 nn
425 304 452 350 s.
480 303 677 352 eunomiana
701 303 901 352 consessore
1159 290 1221 353 6l5

9 387 157 468 tuclesia,
189 386 379 456 miraculis
403 385 514 458 suerat
538 386 745 468 nutrienda3
771 389 853 478 quia
882 401 914 457 et
942 409 1102 458 nuscum
1128 393 1267 462 arbusta

9 475 198 556 ilantamus,
229 475 370 545 tamdiu
394 476 443 548 eis
467 499 593 564 aquam
617 476 822 557 fundimus,
878 499 1034 564 unusque
1052 499 1091 547 ea
1118 479 1153 548 in
1181 495 1268 551 terra

10 565 200 635 onialuisse
218 563 403 634 videmus:
429 577 463 634 at
483 567 511 636 si
536 565 640 635 semel
666 565 816 636 radicem
848 499 995 648 Fuerint,
1020 567 1173 656 irrigatio
1196 592 1267 640 ces-

10 654 74 723 abit
100 655 127 719 *.
156 654 252 722 Hinc
278 664 332 723 cst
355 654 473 734 enim,
508 654 599 741 quad
625 655 753 724 Paulus
778 653 883 724 dicit:
909 658 968 726 liu
993 679 1058 726 uae
1081 658 1117 726 in
1135 661 1268 750 sianum

9 755 71 822 unt,
97 766 165 813 nan
179 743 357 832 fidelibus,
375 743 433 812 scd
449 744 639 832 infidelibus
654 743 701 834 (l.
720 748 792 814 Cor.
814 742 892 833 xiv).
914 748 954 814 Se
995 766 1073 814 cum
1094 747 1159 816 ista
1174 747 1268 818 dica-

9 854 75 912 nus,
94 833 342 918 quaestionem
358 831 457 901 nobis
472 832 555 902 oriri
576 853 642 901 non
661 832 735 902 sine
747 831 864 924 aliqua
879 832 1080 904 difficultate
1096 835 1264 907 videmus

9 921 24 987 t
39 921 128 990 enim
150 921 257 1011 signa
279 911 418 1009 proptei
442 919 598 990 inlideles
621 921 700 990 data
724 944 798 992 esse
817 923 993 1005 dicuntur,
1015 924 1165 1009 quidest
1190 925 1265 1007 linc,

9 1009 75 1077 uod
101 1009 321 1098 Redemptor
348 1020 462 1079 noster
483 1009 516 1078 in
544 1009 652 1098 patria
672 1033 735 1080 sua
751 1023 890 1102 propter
906 1011 1180 1082 incredulitatem
1207 1014 1267 1083 lio-

9 1099 118 1168 ninum
141 1099 198 1167 vix
215 1120 352 1188 paucas
366 1099 506 1168 virtutes
522 1097 632 1168 lacere
651 1100 802 1185 potuisse
819 1100 1041 1190 perhibetur?
1066 1101 1160 1170 Sicut
1174 1103 1265 1172 enim

9 1191 118 1256 laicus
143 1186 371 1290 Evangelista
396 1199 556 1258 testatur:
583 1191 686 1258 multi
699 1189 873 1259 audientes
889 1191 1148 1259 admirabantur
1162 1193 1198 1260 in
1212 1193 1268 1262 do·

9 1277 94 1343 ttn'iia
110 1279 196 1366 ejus,
223 1278 398 1345 dicentes:
426 1277 515 1346 Unde
539 1278 616 1345 liuic
642 1278 724 1346 baec
747 1281 889 1346 arania?
914 1283 1051 1369 Elquae
1068 1290 1116 1347 est
1134 1283 1267 1370 supien-

9 1365 42 1430 t'a
58 1387 145 1452 ‘uuae
166 1367 256 1434 data
287 1376 334 1433 est
359 1367 429 1445 illi,
465 1375 495 1433 et
518 1367 658 1434 uirtutes
682 1369 766 1435 tales
792 1390 879 1456 qaae
896 1390 957 1458 per
979 1389 1099 1437 manus
1123 1371 1195 1458 ejus
1220 1373 1268 1458 es-

9 1453 175 1520 lci'antur?
199 1459 320 1524 Nonne
348 1455 401 1521 liic
422 1465 470 1522 cet
492 1456 584 1542 fabri
604 1456 697 1543 filius
727 1466 757 1524 ct
789 1457 939 1536 Mariae,
968 1459 1076 1544 frater
1098 1459 1215 1528 iacobi
1238 1470 1269 1528 et

9 1539 118 1630 loseph,
138 1553 170 1610 et
185 1543 304 1610 Judae
321 1551 352 1609 et
369 1543 543 1612 Simonis?
566 1547 678 1612 ll'onne
694 1553 725 1612 et
749 1567 875 1614 sorores
891 1547 964 1635 ejus
980 1546 1145 1615 nudarum
1164 1549 1269 1616 aunt?

9 1631 34 1692 l't
55 1632 385 1700 scandalizabantur
407 1633 443 1700 iu
460 1633 520 1701 illo
535 1631 653 1720 (Marc.
675 1632 732 1719 vi).
762 1632 857 1702 Unde
876 1646 909 1702 et
932 1632 1036 1722 paulo
1058 1647 1133 1722 post
1151 1634 1270 1704 subdi-

9 1737 71 1784 tur:
95 1723 133 1787 Et
156 1743 225 1788 non
252 1729 387 1810 poterat
411 1721 459 1788 ilii
481 1722 639 1790 virtutem
662 1724 773 1790 ullam
800 1725 923 1810 facere,
953 1724 1022 1792 ursi
1044 1724 1132 1811 quod
1144 1745 1269 1814 paucos

9 1805 148 1890 infirmos,
178 1810 350 1898 impositis
373 1809 538 1890 manibus,
563 1812 720 1878 curauit:
748 1821 779 1878 et
803 1812 993 1880 mirabatur
1006 1821 1142 1900 propter
1161 1814 1268 1881 incre·

9 1893 169 1964 dulitatem
197 1901 354 1966 illorum.
382 1897 468 1979 Ouid
494 1910 545 1966 est
573 1895 662 1981 boc,
690 1897 832 1979 fratrea,
865 1901 946 1988 quia
974 1899 1101 1969 Paulus
1121 1899 1268 1970 allirmat

9 1980 91 2068 signa
115 2007 176 2073 pro
194 1985 400 2056 infidelibus
417 1985 507 2066 data,
534 1991 668 2056 Marcus
685 1988 806 2056 asserit
832 1999 968 2078 propter
983 1986 1140 2056 infideles
1163 1988 1268 2058 luisse

10 2071 190 2166 subtracta?
215 2074 379 2162 Nunquid
403 2075 592 2144 contrarias
614 2075 701 2144 inter
728 2077 929 2146 seinvicem
956 2075 1105 2166 proferre
1133 2087 1268 2146 senten-

11 2166 65 2226 tias
80 2176 232 2248 possunt,
252 2166 313 2251 qui
335 2185 404 2233 uno
420 2163 549 2253 Spiritu
566 2164 659 2253 pleni
680 2169 784 2235 sunt?

41 2247 66 2342 ,ἓ
81 2253 119 2320 3.
147 2251 213 2322 Sed
240 2251 432 2321 notandum
449 2264 511 2334 est,
537 2253 616 2340 quia
645 2254 678 2322 in
699 2255 783 2344 ipsis
808 2253 1008 2324 infidelibus
1032 2268 1103 2324 erat
1126 2254 1268 2342 quidam

18 2331 202 2428 diversitatis
227 2341 365 2411 modus.
385 2345 449 2410 Par
465 2341 605 2429 quidam
624 2363 718 2412 error
739 2343 850 2412 luerat
865 2343 1021 2413 omnium
1042 2365 1108 2412 non
1130 2342 1269 2412 creden-

17 2429 98 2504 tium,
116 2432 170 2496 sed
193 2451 320 2519 inagna
342 2429 522 2500 diversitas
536 2452 733 2500 causarum.
748 2431 845 2500 illiud
866 2445 917 2500 est
933 2433 1038 2512 enim,
1058 2433 1087 2500 si
1105 2431 1174 2501 sola
1190 2431 1269 2518 quis

16 2505 136 2584 fallatur
152 2517 369 2607 ignorantia;
396 2518 503 2598 aliud,
525 2520 552 2588 si
570 2519 733 2607 adjuncta
750 2542 887 2608 quoque
901 2534 989 2590 erret
1008 2519 1149 2589 malitia.
1170 2525 1269 2608 Igno·

17 2602 112 2670 rantia
134 2606 263 2677 Paulus
280 2620 489 2696 peccaverat,
516 2608 576 2697 qui
593 2609 749 2678 dicebat:
777 2612 842 2692 Oui
859 2611 1027 2766 priuslui
1041 2609 1265 2698 blasphemus,

18 2695 41 2751 t’l
60 2707 264 2776 persecutor,
299 2706 328 2763 ct
359 2698 567 2787 injuriosus:
601 2699 659 2767 sed
682 2699 754 2766 idco
784 2700 956 2767 misericor
980 2700 1048 2766 iarn
1079 2708 1270 2766 consecutus

16 2793 88 2874 suin,
114 2786 192 2871 quio
209 2787 371 2874 iquorans
392 2786 460 2872 feci
480 2785 528 2874 (l.
550 2788 630 2855 Ti‘rn.
649 2790 688 2868 i).
711 2791 772 2854 Per
793 2786 957 2855 malitiam
979 2786 1085 2856 ludas
1103 2787 1266 2876 peccavit,

18 2874 43 2956 et
56 2863 125 2936 ideo
140 2891 358 2962 nequaquam
378 2874 491 2942 venire
515 2874 557 2944 ad
579 2873 829 2965 indulgentiam
849 2877 985 2944 meruit.
1009 2879 1071 2944 Pro
1095 2874 1165 2943 illis
1188 2895 1270 2964 ergo

19 2951 199 3032 infidelibus
221 2961 321 3052 signa
337 2960 415 3032 data
431 2976 522 3042 sunt,
541 2985 627 3063 quos
642 2963 756 3032 divina
772 2963 985 3052 providentia
1006 2962 1271 3033 misericorditer

20 3038 134 3114 saliare
152 3048 356 3120 decreverat.
384 3057 523 3138 Propter
546 3051 624 3122 illos
642 3073 719 3122 iero
736 3053 907 3122 subtracta
924 3063 1016 3132 sunt,
1039 3073 1126 3139 quos
1143 3051 1186 3122 ab
1202 3051 1271 3122 ele-

21 3139 135 3222 ctorum
160 3151 271 3219 sorte,
297 3140 511 3230 exigentibus
530 3161 648 3211 eorum
679 3141 844 3231 peccatis,
877 3139 1051 3211 districtae
1081 3141 1270 3210 severitatis

20 3220 135 3296 iustitia
155 3227 348 3317 repellebat.
376 3229 578 3299 Christianis
598 3241 712 3298 autem
733 3243 796 3298 tem
825 3229 962 3311 oribus,
985 3250 1064 3299 cum
1085 3229 1158 3318 jam
1186 3249 1271 3318 pene

23 3312 98 3378 totus
120 3313 243 3406 ubique
261 3330 427 3386 terrarum
445 3316 590 3388 urbisin
608 3317 775 3387 catholica
793 3251 860 3386 ilde
877 3319 1082 3418 persisteret,
1101 3329 1133 3386 ct
1152 3337 1269 3407 pacem

25 3410 142 3496 sanctae
164 3405 333 3475 Ecclesiae
348 3408 400 3474 vix
425 3404 495 3474 ulla
521 3417 777 3506 persecutorum
797 3407 934 3477 saevitia
961 3407 1186 3498 perturbaret,
1209 3427 1272 3475 cur

27 3475 222 3580 beatissimus
244 3493 419 3564 confessor
451 3495 574 3563 Christi
609 3495 832 3564 barbatianus
858 3507 904 3565 tot
932 3495 1177 3566 miraculorum
1204 3495 1272 3562 vir-

28 3571 137 3662 tintus
152 3580 283 3662 claruit,
312 3582 377 3651 nisi
395 3583 476 3670 quia
497 3595 574 3653 aute
596 3583 732 3653 divinae
752 3583 939 3674 majestatis
962 3585 1081 3654 oculos
1104 3582 1272 3653 excellen-

29 3663 97 3724 tium
121 3672 312 3740 meriturum
335 3671 517 3742 virtutibus
534 3672 656 3742 fulsit?
680 3678 768 3753 Erat,
795 3674 884 3741 sicut
901 3672 943 3741 de
961 3679 1094 3742 toanne
1118 3671 1269 3753 dicitur,

32 3737 148 3824 lucerna
172 3759 296 3828 ardens
319 3771 351 3829 et
376 3759 516 3830 lucens:
544 3761 669 3830 ardens
689 3760 844 3831 videlicet
870 3783 929 3850 per
955 3782 1107 3830 amorem
1132 3760 1269 3842 cordis,

33 3825 129 3936 lucens
151 3846 328 3936 splendore
358 3849 502 3918 eximiae
532 3850 811 3921 conversationis.
839 3849 902 3918 Sed
928 3860 1011 3918 tunc
1041 3849 1180 3920 lucerna
1206 3848 1273 3917 sub

34 3923 125 3994 nodio
146 3935 306 4006 occultari
329 3936 491 4019 vuluerat,
518 3959 610 4019 cum,
638 3939 731 4009 sicut
753 3940 787 4007 in
817 3937 1056 4007 sanctissimae
1084 3938 1171 4005 vitae
1195 3935 1271 4020 ejus

35 4023 165 4102 narratur
187 4024 353 4108 historia,
380 4025 489 4095 latens
512 4025 547 4095 in
572 4026 708 4106 cellula,
737 4025 945 4094 manifestari
974 4025 1188 4114 principibus
1212 4022 1272 4090 de-

39 4099 145 4192 lllabat.
170 4112 307 4182 Nolebat
331 4114 452 4183 mundi
478 4115 618 4205 regibus
648 4116 870 4200 innotescere,
897 4126 934 4184 ut
958 4115 1040 4204 Regi
1066 4131 1184 4202 regum
1213 4131 1273 4200 po-

40 4185 132 4288 luisset
145 4197 347 4272 familiarius
364 4201 561 4288 adhaerere;
578 4202 757 4272 recusabat
773 4201 816 4271 ab
832 4201 1033 4282 bominibus
1050 4197 1272 4290 temporalem

42 4285 182 4368 suscipere
197 4287 352 4378 gloriam,
379 4302 417 4359 ut
436 4313 515 4362 cum
533 4289 670 4381 Angelis
686 4292 862 4377 acquirere
883 4303 1071 4360 mereretur
1086 4301 1271 4360 aeternam.

61 4393 70 4418 ‘
80 4399 130 4447 Huc
137 4408 260 4464 &egonus
270 4415 378 4457 itmtutci
387 4417 467 4460 sentit.
