2994 4832
244 313 285 376 ut
559 329 597 376 us
621 329 648 376 s.
677 327 803 376 annona
828 329 973 376 naeniae.
1001 329 1110 376 conon.
1329 311 1439 374 utut

201 415 247 483 rei
275 415 419 504 negotiis
433 413 624 502 implicitus
645 425 825 495 teneretur,
847 413 939 484 illico
957 435 997 484 ex
1016 413 1191 502 occupatis
1209 413 1359 482 manibus
1379 433 1440 481 sur-

199 515 302 594 geret,
322 514 353 572 et
376 523 478 571 omne
501 500 590 590 quod
614 501 812 589 jussissent,
833 502 940 572 instar
957 502 1033 572 vilis
1052 503 1214 591 mancipii
1229 513 1438 588 exequeretur.

200 593 298 662 Cibos
315 613 452 660 summa
477 590 649 660 industria
665 590 836 661 conlectos
852 592 1016 678 quotidie,
1038 591 1122 660 dum
1144 591 1262 660 adesse
1287 589 1437 678 potuisset,

199 681 209 748 i
238 702 273 750 se
289 681 338 748 eis
357 678 533 760 inserebat,
553 680 625 768 ipse
640 680 845 836 apponebat,
863 681 936 770 ipse
952 695 1068 838 Rotum
1085 680 1259 780 miscebat,
1282 677 1440 768 ipsequasi

225 770 334 838 ivinas
352 769 439 838 inter
456 768 538 836 baec
555 769 658 857 singu
675 790 772 838 orum
791 769 950 838 exoscula
976 780 1054 838 atur
1074 790 1209 849 manus,
1229 791 1299 857 ipse
1312 766 1442 834 relicien·

199 857 291 926 tibus
315 857 356 925 ad
375 879 477 926 omne
496 857 700 943 obsequium
726 857 878 944 quolibet
895 857 1026 928 lamule
1043 858 1232 947 promptior
1252 856 1442 946 paratiorque

200 946 403 1016 assistebat:
432 945 650 1032 intentusque
675 945 804 1027 lectori,
822 960 1003 1035 postquam
1022 967 1124 1016 omne
1146 946 1369 1015 ministerium
1385 965 1444 1032 per·

198 1035 334 1124 egisset,
357 1036 391 1102 in
413 1055 559 1104 ascensu
576 1034 761 1124 graduum,
788 1036 870 1104 satis
896 1035 1020 1104 humili
1044 1048 1226 1104 contentus
1252 1035 1339 1113 sede,
1365 1033 1443 1118 qnie-

198 1124 324 1193 scebat¹
345 1123 524 1192 Silentium
549 1145 686 1210 quoque
709 1145 748 1192 ac
773 1137 922 1193 caeteras
948 1123 1145 1192 monasterii
1171 1121 1441 1196 consuetudines,

198 1213 280 1281 dum
300 1213 460 1281 intereos
477 1225 678 1293 versaretur,
706 1212 751 1281 ita
771 1224 920 1281 attentus
935 1212 1172 1298 sollicitusque
1192 1213 1355 1289 servabat,
1376 1231 1408 1278 ac
1423 1209 1443 1276 si

198 1323 260 1391 pro
276 1301 474 1370 excessibus
491 1301 564 1370 suis
589 1302 662 1390 ipse
686 1322 822 1388 quoque
846 1301 998 1387 quotidie
1023 1303 1057 1370 in
1082 1300 1234 1389 capitulo
1253 1319 1446 1370 eorumcau-

198 1411 270 1458 sam
298 1389 480 1468 dicturus,
513 1401 545 1457 et
574 1390 775 1460 sententiam
807 1401 1010 1477 accepturus
1039 1389 1134 1460 soret.
1163 1389 1286 1461 Nullus
1314 1407 1444 1473 unquam

198 1489 294 1566 pater
314 1478 371 1548 tali
392 1500 473 1567 erga
494 1477 583 1547 lilios
600 1477 791 1548 ducebatur
807 1478 941 1559 ellectu,
963 1478 1058 1547 nulla
1074 1491 1192 1548 mater.
1221 1482 1344 1549 Omnes
1367 1487 1400 1543 ut
1419 1493 1444 1542 sc

128 1621 131 1626 .
197 1566 357 1656 diligens,
379 1566 527 1657 singulis
543 1567 826 1656 compatiebatur,
846 1579 878 1636 et
894 1568 1045 1637 animam
1064 1589 1162 1636 snam
1182 1589 1244 1655 pro
1262 1581 1445 1654 unoquoque

198 1668 338 1744 paratus
356 1655 565 1744 impendere.
591 1660 662 1724 Hoc
677 1657 752 1744 ejus
773 1657 806 1722 in
825 1656 997 1746 sigeberg,
1019 1655 1082 1725 boc
1103 1656 1136 1724 in
1160 1655 1316 1738 Salevelt,
1344 1655 1398 1722 lroc
1419 1651 1443 1748 in

198 1743 349 1823 (nascas,
374 1743 456 1813 locis
484 1743 614 1813 scilicet
641 1758 716 1834 post
742 1743 784 1812 ab
809 1766 848 1814 eo
872 1745 1100 1823 constructis,
1123 1745 1278 1814 studium
1299 1757 1384 1822 erat,
1405 1738 1445 1806 lnc

198 1855 284 1912 nros,
307 1833 389 1902 baec
409 1833 587 1902 institutio.

240 1923 258 2007 ξ
283 1925 357 1992 to.
384 1926 485 1990 Porro
509 1943 528 1990 a
549 1926 639 2022 Rege
663 1921 876 2010 gravissimis
901 1943 1149 2008 saepenumero
1164 1920 1339 1990 dissidens
1353 1915 1446 2013 inimij

196 2010 298 2091 cittis,
327 2032 419 2078 nunc
443 2010 582 2097 quidem
603 2033 635 2078 rn
662 2031 833 2079 summam
857 2009 1136 2090 familiaritatem,
1155 2024 1187 2079 et
1215 2031 1301 2098 pene
1319 2011 1350 2076 in
1369 2025 1446 2104 regni

197 2099 406 2167 consortium
433 2100 476 2168 ab
497 2098 555 2168 illo
571 2099 835 2179 assumebatur;
864 2121 956 2167 nune
983 2120 1071 2178 vero,
1091 2099 1255 2186 quoniam
1271 2121 1311 2167 ea
1328 2117 1407 2184 quae
1420 2113 1445 2160 tn

196 2208 301 2276 regno
316 2201 448 2276 praeter
462 2209 610 2274 aequum
625 2200 657 2256 et
671 2187 799 2256 bonum
817 2208 993 2276 perperam
1015 2187 1233 2278 gerebantur,
1253 2188 1447 2256 vehementer
1483 2273 1484 2278 ἵ

196 2275 432 2357 detestaretur,
458 2289 490 2345 et
509 2277 674 2346 acerrime
695 2276 925 2366 impugnaret,
948 2297 1027 2344 cum
1049 2275 1261 2346 contumelia
1284 2275 1327 2344 de
1343 2271 1446 2364 palatio
1483 2281 1484 2338 t

195 2364 408 2452 ejiciebatur,
436 2377 468 2434 et
494 2364 537 2433 ad
554 2363 824 2454 extinguendum
854 2384 976 2433 nomen
1002 2364 1090 2452 eine,
1119 2377 1225 2434 totum
1244 2364 1340 2455 regni
1363 2361 1447 2431 robur

195 2454 442 2522 concitabatur.
470 2454 531 2522 His
562 2453 860 2524 vicissitudinibus
913 2473 949 2522 er
982 2453 1098 2542 plures
1126 2475 1235 2522 annos
1264 2473 1346 2523 cum
1376 2455 1448 2537 Rege

195 2542 481 2612 concertationem
508 2541 663 2621 habens,
694 2563 829 2630 semper
854 2473 1006 2612 velutad
1025 2541 1147 2611 turrim
1176 2541 1386 2612 fortitudinis
1408 2559 1447 2605 re·

194 2651 350 2710 currens,
373 2630 670 2720 sigebergensium
687 2629 831 2699 fratrum
853 2653 969 2718 preces
986 2631 1020 2698 in
1035 2631 1201 2700 auxilium
1221 2631 1353 2700 ascivit.
1372 2623 1448 2696 Unde

195 2718 344 2806 quodam
365 2733 515 2808 tempore
532 2725 620 2807 Rege
637 2719 796 2806 pessimis
814 2719 995 2788 adversum
1015 2741 1050 2788 se
1065 2719 1220 2790 consiliis
1237 2720 1446 2788 inflammato.

196 2828 341 2897 pergens
356 2807 397 2875 ad
416 2807 561 2888 curiam,
585 2807 750 2876 l'ratribus
767 2809 800 2875 in
821 2809 907 2878 horti
925 2808 1061 2876 cultura
1086 2806 1291 2898 generaliter
1311 2804 1446 2896 repertis.

195 2895 264 2964 ait:
292 2895 572 2966 atlorrrmotionis
588 2909 621 2965 et
637 2895 886 2986 indignationis
905 2897 1017 2986 regiae
1038 2917 1103 2965 non
1124 2897 1266 2976 inscius,
1288 2897 1396 2965 iturus
1416 2887 1448 2958 ad

195 2983 375 3074 palatium,
403 2989 468 3054 Deo
490 3005 543 3053 me
563 2985 727 3071 vobisque
752 2985 968 3054 commendo.
995 2990 1059 3054 llos
1083 2985 1136 3074 ely
1164 3008 1226 3056 eus
1252 3007 1350 3054 meus
1370 2981 1447 3054 estis,
1482 3019 1483 3054 τ

195 3095 252 3142 vos
271 3073 479 3164 praesidium
499 3093 612 3142 mcum
631 3073 729 3142 estis:
757 3094 826 3154 vos,
847 3075 1002 3160 inquam,
1021 3073 1083 3143 lilii
1101 3009 1331 3155 dilictissimi,
1349 3069 1449 3142 omnia
1482 3057 1483 3140 l

193 3181 268 3230 mea
287 3162 380 3230 estis.
399 3161 496 3232 Nulla
515 3162 600 3230 milri
624 3184 701 3251 spes
728 3162 761 3231 in
788 3163 956 3232 militibus
983 3163 1078 3243 meis,
1110 3162 1156 3231 nil
1175 3157 1450 3252 praesumptionis
1482 3147 1483 3226 l

193 3250 299 3320 estin
328 3251 434 3320 armis
461 3271 593 3320 eorum.
621 3256 658 3320 In
682 3251 749 3320 lide
773 3247 917 3338 loquor:
947 3251 1055 3352 major
1080 3251 1164 3320 mibi
1199 3250 1327 3320 fiducia
1354 3261 1401 3318 est
1422 3245 1448 3312 in

193 3339 312 3420 vobis,
345 3361 448 3426 quam
475 3341 509 3408 in
535 3340 699 3410 omnibns
719 3339 800 3408 illis.
840 3344 958 3426 ltaque
981 3354 1025 3409 srt
1053 3340 1085 3409 in
1112 3341 1324 3430 benignitate
1353 3337 1452 3409 Salvu-

192 3431 286 3509 toris,
308 3440 341 3497 et
366 3429 400 3496 in
425 3440 585 3519 potestate
615 3442 744 3498 vestrae
774 3427 991 3514 dilectioniS,
1021 3428 1317 3516 quemadmodum
1335 3450 1352 3496 a
1373 3431 1449 3511 Rege

193 3517 244 3586 rel
270 3540 290 3587 a
316 3517 390 3587 suis
413 3518 575 3606 excipiar.
602 3539 620 3584 »
646 3517 707 3587 llis
734 3515 859 3598 dictis,
888 3515 1060 3606 proiectus
1086 3529 1162 3598 est,
1196 3528 1229 3586 et
1261 3516 1450 3606 plerumque

193 3627 253 3695 per
278 3607 461 3696 imperium
485 3607 590 3694 Ejus,
623 3607 684 3692 qui
711 3606 807 3694 ponit
838 3607 1023 3676 terminum
1058 3607 1167 3688 mari,
1199 3609 1269 3675 Rex
1293 3627 1312 3674 a
1337 3603 1450 3694 lervore

192 3694 306 3763 cordis
334 3696 388 3764 sui
416 3695 607 3778 desistens,
635 3717 714 3764 cum
749 3694 851 3785 paulo
877 3707 956 3764 ante
985 3715 1123 3776 necem,
1151 3693 1402 3780 ultimumque,
1427 3707 1450 3754 st

191 3783 290 3870 copia
312 3781 416 3864 lieret,
448 3782 688 3854 exterminium
714 3785 848 3852 lunoni
865 3797 898 3854 et
916 3783 1099 3865 omnibus,
1128 3803 1216 3869 quae
1241 3784 1317 3871 ejus
1335 3788 1448 3852 essent,

191 3871 393 3950 minaretur,
418 3892 457 3941 eo
481 3873 645 3952 veniente,
666 3872 766 3958 quasi
791 3872 958 3941 divinitus
980 3871 1154 3954 impulsus
1177 3892 1336 3961 surgens,
1363 3885 1450 3939 oscu-

191 3958 263 4029 lum
282 3959 378 4048 pacis
403 3961 434 4028 ei
457 3982 537 4029 cum
565 3981 690 4061 magna
709 3959 892 4030 dilectione
914 3961 1072 4048 porrexit.
1093 3965 1307 4050 Quapropter
1331 3959 1364 4026 in
1388 3967 1449 4048 stuj

191 4069 307 4138 porem
331 4048 417 4118 versi
441 4049 570 4138 quique
599 4061 874 4128 circumstantes,
906 4049 994 4118 inter
1024 4071 1060 4120 se
1086 4049 1335 4118 susurrabanta
1362 4041 1449 4112 «Ubi
1481 4065 1482 4080 ¹

191 4157 284 4204 nunc
301 4137 398 4206 irae?
414 4136 475 4205 ubi
497 4138 640 4206 minaei
662 4138 723 4206 ubi
741 4151 787 4208 tot
804 4136 1043 4207 insultationes
1062 4137 1164 4227 paulo
1180 4152 1257 4206 ante
1275 4132 1447 4206 babitae'l»
1481 4177 1482 4180 =

190 4229 229 4292 In
254 4223 309 4292 his
337 4225 500 4294 omnibus
529 4226 705 4294 Dominioa
735 4248 795 4295 vox
820 4225 1071 4295 consideranda
1095 4238 1167 4304 est,
1194 4247 1283 4313 quae
1310 4225 1358 4292 sic
1381 4239 1448 4310 pro·

193 4311 314 4379 mittit:
342 4317 412 4400 Ego
431 4333 483 4380 me
505 4315 732 4402 glorificantes
755 4315 950 4404 glorificabo
967 4319 1016 4400 (l.
1036 4320 1115 4404 Rag.
1138 4316 1188 4403 n).
1208 4319 1245 4382 Et
1263 4333 1372 4382 revera
1390 4325 1446 4402 non

192 4399 294 4468 modo
320 4399 457 4480 nostris,
485 4400 541 4470 sed
568 4414 601 4468 et
624 4409 712 4470 retro
733 4403 946 4491 temporibus
971 4401 1110 4472 dillicile
1136 4404 1447 4481 inventusest,qu1
