2932 4812
250 316 313 380 602
528 334 566 380 nr
590 333 616 380 s.
645 330 818 380 srmnsrno
844 333 921 376 rara
946 331 983 377 nr
1007 330 1152 378 consess.
1296 297 1365 364 lllll.
1387 293 1410 354 ll

206 419 373 517 superior.
407 417 559 485 Plurima
595 429 708 486 antem
745 416 913 487 habemus
949 437 1038 505 quae
1066 411 1414 492 contradicamus‚etea

206 518 318 576 statim
336 507 556 585 dixissemus,
578 506 644 574 nisi
661 506 760 576 nobis
777 505 949 575 videretur
972 505 1149 594 superflua
1165 499 1271 576 oratio,
1290 506 1318 562 et
1334 505 1413 557 totto

205 607 361 665 conatus.
388 599 457 663 Non
484 593 575 662 enim
604 615 697 664 nunc
716 593 842 684 agitur,
871 594 914 662 sit
944 614 986 661 ne
1010 615 1102 662 unus
1127 598 1215 669 Deus,
1234 607 1275 684 aa
1297 571 1410 650 trassel

205 685 297 774 quod
317 689 510 754 Nazarenus
535 703 602 752 non
619 684 664 752 sit
679 688 778 753 Deus.
793 679 880 753 ‘Nam
905 683 967 750 etsi
985 703 1184 751 concessum
1198 678 1291 747 luent
1303 677 1411 758 oportere

207 786 274 843 tres
298 771 434 862 opinari
463 775 557 851 Deos,
587 784 792 842 nontamen
821 782 999 862 propterea
1027 771 1190 860 sequitur,
1212 779 1247 836 ut
1272 762 1407 837 lesuslll

208 876 309 932 natus
333 871 384 930 est
407 859 522 942 homo,
549 872 581 929 et
605 872 701 932 ortus
717 872 769 932 est
791 882 830 930 ex
855 859 1067 940 hominibus,
1094 872 1127 928 et
1148 864 1342 951 conversatus
1355 861 1408 942 olm

207 949 408 1021 hominibus
429 949 667 1034 peccatoribus
691 960 723 1018 et
740 948 949 1037 publicanis,
968 962 1000 1018 et
1023 969 1101 1017 cum
1120 946 1187 1017 illis
1207 939 1409 1042 conmanunt.

207 1053 239 1108 et
262 1037 400 1108 tandem
425 1037 491 1106 suit
518 1037 768 1108 condemnatus
796 1051 934 1127 propter
959 1036 1150 1116 maleficia,
1176 1047 1205 1104 et
1232 1031 1317 1120 ligno
1337 1033 1411 1092 tttttt

207 1128 341 1208 affixus,
364 1139 396 1195 et
420 1127 469 1197 sic
496 1138 663 1207 mortuus,
692 1131 780 1196 Deus
808 1126 1021 1196 existimetur
1043 1138 1075 1195 et
1100 1126 1295 1194 nominetur.
1320 1119 1353 1184 lle
1374 1107 1409 1206 hot

207 1237 287 1306 ergo
309 1236 402 1284 nunc
420 1214 585 1287 adversus
609 1213 687 1284 illos
713 1216 917 1294 decertatur,
935 1216 994 1302 qui
1021 1234 1148 1283 novum
1174 1214 1256 1282 hunc
1279 1213 1362 1277 boum
1379 1219 1409 1266 tt·

209 1305 411 1375 troducunt:
430 1315 473 1384 et,
494 1304 523 1373 si
543 1303 586 1374 de
609 1326 649 1375 eo
672 1303 790 1394 aliqua
814 1305 948 1394 possint
967 1304 1091 1383 dicere,
1110 1317 1169 1372 aut
1189 1301 1294 1387 aliqua
1313 1293 1411 1392 habeant

207 1393 412 1474 testimonia,
432 1413 471 1461 ea
496 1392 624 1462 dicant.
645 1393 739 1464 »His
757 1392 806 1464 sic
825 1393 940 1472 dictis,
957 1391 1155 1482 praeclarus
1175 1383 1408 1480 sylvesteualm

208 1496 286 1567 tres,
310 1482 433 1568 inquit,
461 1480 543 1551 deos
572 1503 635 1552 nos
665 1503 739 1552 esse
763 1481 927 1561 dicimuS,
955 1502 974 1550 o
997 1481 1132 1562 ludaei,
1163 1491 1200 1550 ut
1221 1500 1274 1547 vos
1295 1479 1408 1567 putastis:

208 1570 266 1642 sed
292 1592 400 1639 arnum
428 1575 547 1650 Deum,
567 1570 628 1657 qui
652 1571 686 1640 in
713 1569 823 1641 tribus
841 1572 999 1660 personis
1016 1582 1076 1640 aut
1092 1567 1320 1660 hypostasibus
1333 1557 1408 1630 colitur

207 1672 239 1730 et
263 1659 437 1730 adoratur.
461 1663 638 1729 Caeterum
662 1658 704 1728 de
728 1660 792 1729 hac
820 1681 855 1729 re
878 1658 1058 1730 differatur
1075 1659 1195 1740 oratio,
1221 1654 1409 1744 quantana

209 1750 339 1818 minata
362 1759 412 1818 est
436 1769 455 1817 a
486 1748 581 1818 vohis
613 1769 879 1838 supervacanea,
899 1761 931 1818 et
959 1749 1074 1818 inanis
1098 1746 1407 1826 libertatemque

208 1849 321 1908 autem
338 1849 421 1918 erat,
439 1859 583 1924 eaquae
607 1835 772 1907 adversus
793 1849 939 1907 vestram
964 1836 1007 1906 ab
1028 1837 1126 1906 initio
1150 1835 1340 1926 propositam
1351 1841 1407 1913 qnae·

208 1928 409 1997 stionemea
429 1926 569 1996 anobis
593 1937 674 1996 sunt
697 1924 847 1998 adducta
870 1937 902 1995 et
927 1925 1025 1996 libris
1049 1929 1182 2006 vestris,
1201 1921 1355 1995 ostendere
1372 1929 1407 1980 nn

178 2083 187 2096 ,
208 2015 315 2086 luisse
331 2028 420 2085 recte
443 2014 546 2095 dicta,
565 2028 598 2084 et
622 2015 670 2084 sic
695 2014 877 2105 procedere
894 2015 994 2085 nobis
1013 2015 1291 2105 disputationem.
1307 2005 1409 2091 sedutt-

209 2105 303 2174 niam
328 2104 370 2173 de
398 2104 453 2172 his
487 2103 587 2172 modo
616 2103 729 2172 dicere
765 2104 972 2185 recusasth,
1003 2103 1045 2173 de
1082 2104 1226 2174 Domino
1257 2112 1350 2172 nostro
1369 2097 1410 2160 lest

209 2195 352 2274 Christo,
373 2203 411 2261 ut
436 2192 531 2262 vobis
556 2190 701 2274 videtur,
720 2193 822 2262 verba
846 2191 1026 2262 faciamus.
1390 2269 1393 2278 ‚

252 2285 270 2370 ᾗ
296 2285 375 2352 22.
396 2281 513 2350 «Hinc
525 2293 639 2350 autem
653 2294 704 2350 est
716 2280 969 2371 incipiendum:
990 2285 1078 2350 heus
1095 2281 1156 2368 qui
1172 2280 1323 2370 produxit
1335 2289 1411 2346 omno·

208 2393 288 2440 cum
313 2370 355 2438 ad
382 2370 470 2438 bona
496 2391 600 2460 opera
617 2370 834 2460 produxisset
858 2383 890 2439 et
914 2368 1095 2439 formasset
1113 2370 1299 2450 hominem,
1316 2366 1411 2436 abieno

209 2459 292 2529 vidit
315 2458 487 2528 declinare
513 2459 555 2526 ad
582 2480 684 2529 omne
709 2459 842 2540 vitium,
862 2481 929 2528 non
961 2458 1110 2548 neglexit
1139 2481 1280 2530 suarum
1308 2465 1410 2526 mantttt

209 2549 426 2643 figmentum,
445 2546 534 2638 quod
556 2549 698 2636 peribat:
718 2547 775 2618 sed
797 2547 825 2616 ei
846 2547 985 2635 placuit,
1002 2560 1040 2616 ut
1056 2569 1142 2617 suus
1155 2547 1274 2628 Filius,
1291 2543 1411 2634 quinaret

208 2639 252 2708 ab
277 2636 335 2706 illo
361 2636 602 2727 inseparabilis
619 2641 684 2722 (est
707 2638 799 2706 enim
823 2635 954 2725 ubique
978 2635 1094 2725 oeus),
1113 2636 1157 2706 ad
1184 2648 1315 2707 nostros
1334 2643 1413 2720 qtllll

209 2727 337 2795 veniret
362 2724 593 2802 [incasaetos
617 2748 657 2794 ex
683 2724 837 2808 muliere,
861 2724 971 2795 sactus
996 2724 1060 2794 sub
1079 2724 1163 2815 lege,
1182 2721 1413 2812 utensquierttl

209 2815 275 2884 sub
300 2813 384 2902 lege,
404 2814 596 2882 redimeret.
614 2813 711 2896 Quod
729 2826 843 2883 autem
862 2837 901 2883 er
927 2814 1071 2884 muliere
1090 2813 1296 2904 pariendum
1318 2809 1414 2903 osselle

210 2903 369 2984 minum,
401 2923 604 2993 responsum
639 2902 772 2982 lucrat,
805 2902 973 2992 praedixit
997 2902 1136 2972 divinus
1161 2903 1326 2993 Propheta
1347 2905 1413 2968 latta·

208 2990 338 3060 dicens:
363 2997 442 3060 dccc
457 2993 552 3082 virpo
568 2993 729 3083 concipiet
745 2994 780 3060 ia
803 3003 909 3072 utero,
934 3003 965 3060 ct
983 2995 1095 3082 pariet
1110 2994 1235 3082 filiam:
1257 3003 1286 3062 ct
1310 2985 1415 3080 vocal-p

208 3102 325 3150 nomen
350 3083 423 3170 ejus
438 3084 649 3151 Emmanuel.
672 3085 742 3149 Hoc
766 3092 881 3149 autem
903 3100 1042 3162 nomen,
1069 3094 1107 3150 ut
1131 3103 1191 3152 vos
1211 3102 1340 3170 quoque
1356 3075 1415 3146 solo·

210 3169 382 3258 significat
414 3170 466 3237 bei
493 3169 679 3239 adventum
704 3168 746 3238 ad
779 3169 948 3238 homines.
979 3173 1017 3238 In
1047 3175 1211 3240 Graecam
1241 3171 1330 3239 enim
1351 3177 1415 3234 meet

211 3257 406 3328 traductum
435 3279 476 3326 ex
502 3258 666 3340 Hebraea,
685 3258 859 3348 significat
882 3259 1057 3327 Nobiscum
1078 3263 1173 3328 Deus.
1200 3262 1307 3328 Deum
1330 3267 1417 3346 ergoet

210 3347 343 3437 virgine
367 3348 593 3428 nasciturum,
622 3346 679 3416 hic
698 3346 867 3437 Propheta
891 3345 994 3435 longo
1024 3359 1102 3416 ante
1126 3361 1193 3417 tem
1221 3369 1280 3418 ore
1309 3357 1416 3437 praelat·

210 3437 360 3507 elavit.»
386 3435 449 3506 Sed
475 3434 597 3505 dicunt
620 3435 756 3518 ludaei,
774 3435 903 3505 librum
924 3435 1033 3504 Isaiae
1059 3457 1128 3506 non
1149 3369 1275 3506 hahere
1300 3435 1415 3525 virginer.

211 3526 269 3596 sed
291 3523 601 3605 adolescentulam
621 3537 820 3616 corruptam
844 3537 959 3594 autem
984 3545 1058 3594 esse
1082 3547 1102 3594 a
1129 3526 1229 3596 nobis
1256 3527 1415 3615 Scriptum

210 3625 248 3683 ut
271 3613 332 3699 qui
350 3615 383 3682 in
406 3613 531 3683 nostris
555 3611 655 3684 libris
679 3613 922 3771 scripserimus
940 3613 1107 3714 virginem
1127 3635 1189 3705 pro
1213 3603 1414 3685 adolescant.

211 3701 348 3784 «Quod
369 3724 497 3772 nomen
522 3701 663 3789 quidem
688 3702 1111 3789 aduescentulae,1nquit
1136 3703 1275 3772 divinas
1299 3703 1413 3792 sylvester.

210 3803 322 3862 vestra
343 3792 519 3880 Scriptura
544 3789 650 3861 soleat
675 3792 832 3882 accipere
858 3813 918 3880 pro
943 3791 1088 3882 virgine,
1107 3791 1226 3862 multis
1245 3792 1279 3860 in
1297 3792 1363 3862 loeis
1377 3801 1415 3874 pce

211 3903 334 3952 sumus
351 3879 541 3964 ostendere,
560 3903 581 3950 o
596 3881 783 3950 adversarii
798 3903 804 3948 :
823 3880 961 3950 interim
979 3893 1093 3950 autem
1111 3879 1175 3950 hoc
1191 3901 1323 3970 quoque
1335 3867 1416 3972 attide

210 3968 421 4039 ostendetur.
441 3968 586 4039 Stultam
611 3969 703 4040 enim
721 3973 785 4038 Pro
813 3968 910 4038 hetae
933 3969 1134 4050 orationem,
1163 3971 1214 4039 vel
1233 3969 1338 4059 potius
1356 3969 1414 4056 ipsiu

213 4060 270 4156 [lei
287 4057 410 4127 dixerit
426 4058 612 4148 quispiam,
630 4059 699 4128 nisi
714 3991 949 4148 intefligamus
967 4056 1258 4128 adolescentulam
1270 4057 1414 4128 elotanae

211 4147 395 4240 virginem.
413 4152 495 4216 Nam
522 4167 602 4216 cum
627 4149 735 4218 Isaias
760 4160 936 4234 tamquam
954 4168 994 4216 ex
1011 4167 1157 4236 persona
1177 4147 1234 4216 liei
1250 4147 1331 4216 dicat
1346 4143 1412 4234 loha.

212 4237 300 4302 Petis
324 4259 364 4304 ae
385 4238 446 4306 tibi
465 4237 599 4326 siphum
616 4238 653 4306 a'n
671 4237 849 4329 profundo,
871 4247 931 4306 aut
958 4238 994 4306 in
1024 4239 1093 4307 allo
1108 4237 1124 4304 l
1142 4237 1226 4326 (Iso.
1246 4235 1309 4324 vn).
1332 4239 1386 4302 llnn
1401 4245 1414 4290 1⁵

213 4332 326 4390 autem
353 4325 505 4404 dixisset,
524 4347 560 4394 se
587 4347 654 4396 non
681 4329 882 4417 petiturum,
906 4347 968 4397 nec
992 4327 1177 4398 Dominum
1206 4330 1305 4396 Deum
1326 4329 1413 4394 tentan-

213 4427 303 4486 sUffl,
332 4415 499 4503 Propheta
521 4419 626 4485 Deum
654 4416 787 4487 inducit
803 4416 1019 4506 loquentem:
1039 4421 1113 4509 lpse
1130 4417 1213 4488 dubo
1229 4417 1310 4486 aclis
1324 4417 1412 4504 sapito·
