2934 4810
230 291 330 360 ⁴058*
581 307 847 360 harmonicorum
875 312 1091 361 rmusrrmruu
1329 293 1415 358 uidi

185 395 370 474 Imperatore
393 394 505 458 Romae
528 393 684 456 Christum
705 394 821 456 conlrs·
849 393 919 456 dem
932 409 1034 458 sacrae
1048 393 1196 474 reliquiae
1206 411 1282 456 nuuc
1292 408 1348 455 cum
1359 393 1422 469 ipim

183 491 245 549 sus,
268 481 299 537 et
324 475 354 536 in
387 489 540 538 carcerem
574 479 688 550 trusus,
710 473 821 536 deinde
848 472 878 535 S.
901 471 1059 537 Firmioae
1091 475 1219 550 ossibus,
1240 474 1357 537 Ameriae
1374 471 1423 532 rdi-

183 554 276 617 Senes
308 556 339 615 in
370 553 477 616 Tuscia
509 553 681 632 perductus,
707 551 819 616 ibidem
849 554 933 628 giose
953 553 1165 618 adservantur.
1187 556 1224 630 (E
1244 557 1271 620 S.
1290 549 1423 630 Olympiadis

183 636 288 712 capitis
301 634 534 696 obtruncatione
545 635 820 711 martyriicursum
855 633 934 704 Vico,
964 631 1003 696 ob
1023 633 1157 696 Antonio
1184 637 1226 699 ll.
1249 634 1370 700 Gratiam
1382 629 1418 706 ip.

185 715 322 792 perfecit.
848 712 951 774 Amor.
970 714 1168 790 conscripta).

226 793 257 856 S.
285 795 422 855 hosanus
453 793 549 854 iertur
573 809 611 855 ex
634 789 821 855 nobilissimo

186 875 367 936 Aniciorum
400 887 527 948 genere,
561 872 684 944 Romae,
721 873 821 934 edilus
981 899 1000 961 S
1036 899 1187 962 ᾸΝᾹΝΙΑ
1207 901 1335 962 ΜΑΒΠΒ·

187 955 289 1016 luisse.
324 953 348 1012 h
380 951 563 1015 Proconsule
594 950 682 1026 Lysia
717 953 821 1030 capitis
1005 947 1013 963 '

186 1035 358 1106 damnatus,
381 1039 509 1094 mortem
540 1031 682 1094 occubuit
713 1040 821 1111 quarto
890 1031 1069 1095 haerseos.
1083 1065 1123 1076 -
1137 1031 1240 1096 hrbeli
1255 1029 1425 1094 iniersirsaa

186 1111 311 1175 aSenis
336 1109 432 1188 lepide
454 1113 490 1172 ad
514 1111 654 1173 Arabiam
677 1111 818 1174 fluvium.
849 1111 889 1172 cti
911 1111 1052 1174 hamram
1072 1113 1224 1191 llartyris.
1416 1186 1417 1194 ἵ

187 1191 242 1254 Ubi
265 1205 336 1253 cum
363 1191 418 1252 din
448 1191 605 1254 miraculis
626 1197 819 1266 coruscasset,
889 1189 995 1254 Graeci
1026 1193 1119 1254 etiam
1153 1192 1192 1254 de
1216 1190 1312 1260 eodem
1336 1187 1424 1252 bech
1451 1199 1453 1230 ³

186 1285 268 1335 enno
292 1266 379 1346 1107,
401 1271 450 1333 die
481 1278 565 1333 sexta
596 1269 754 1344 februarii,
776 1287 820 1333 sa·
849 1278 946 1350 agunt
976 1271 1008 1333 in
1038 1269 1220 1350 Menologio,
1249 1270 1356 1350 ejusque
1375 1281 1453 1352 mar-3

186 1367 273 1413 crum
296 1350 430 1426 ejusdem
453 1349 580 1413 cadaver
603 1349 696 1412 Seoas
711 1351 820 1413 trium-
852 1351 966 1430 tyrium
1000 1351 1103 1430 paucis
1133 1359 1269 1414 narrant.
1293 1386 1325 1397 -
1343 1349 1375 1412 lia
1395 1346 1428 1406 h-

187 1429 268 1510 pbali
306 1444 411 1507 pompa
448 1430 641 1502 translatum,
673 1433 704 1491 in
738 1429 821 1494 Aede
849 1432 967 1494 rouius.

186 1507 342 1590 principali
359 1510 551 1572 reconditum
564 1511 634 1580 tuit,
646 1509 737 1570 simul
751 1525 820 1572 cum

184 1588 361 1732 cvorporibus
388 1589 440 1650 SS.
464 1587 641 1729 Cresceuisii
664 1585 821 1730 Savinipet
913 1597 1233 1662 s‚Pfl00U1,USEp,
1256 1616 1289 1661 ῃ
1309 1599 1389 1659 hier.

215 1670 392 1747 immiscui
416 1683 524 1730 omnes
548 1671 578 1731 in
620 1683 746 1730 enarum
792 1687 819 1730 a·
1229 1707 1234 1717 -
1274 1707 1279 1714 -

185 1757 287 1810 trenes
301 1749 390 1812 electi
407 1757 490 1810 sunt.
508 1747 563 1826 (Ex
578 1748 680 1812 Fuati's
694 1751 818 1812 timeas.
929 1703 1102 1768 9⁶⁶⁰H⁰t¹¹⁸
1114 1711 1319 1768 ‘mmmmm
1327 1702 1383 1764 5⁵⁵¹

185 1829 361 1908 Ecclesiae).
889 1829 1070 1892 iterarem.
1087 1865 1125 1874 -—
1146 1831 1275 1894 Narniae
1294 1825 1426 1892 mortiise·

849 1925 916 1970 cum
948 1909 1087 1988 Episcopi
1111 1918 1142 1972 et
1163 1910 1306 1990 martyris,
1324 1907 1374 2000 quii¹
1391 1912 1429 1981 pri

272 1997 302 2060 s,
320 1995 561 2058 OLYMPIADES
584 1997 724 2060 priami,
851 1986 947 2054 multa
968 1990 1095 2066 egregia
1117 2005 1209 2068 opere
1224 2007 1239 2052 a
1254 1986 1339 2052 Totile
1352 1984 1429 2076 borh-

610 2104 678 2168 ³02·
849 2067 1430 2227 uasariramraritatem.

225 2227 402 2290 haerseos.
418 2261 455 2272 -
480 2227 618 2290 Ameriae
642 2231 673 2290 io
695 2227 820 2291 Umbria
847 2229 968 2306 scripta.
993 2227 1050 2290 Sed
1074 2245 1172 2306 quum
1195 2231 1225 2291 in
1253 2229 1345 2290 codice
1363 2223 1386 2284 S.
1400 2217 1430 2280 l

184 2310 278 2370 sancti
295 2306 483 2370 Ouuurraors
497 2307 553 2369 viri
573 2309 751 2388 consularis,
767 2309 818 2388 qui
849 2309 934 2380 rieul,
950 2307 992 2370 ait
1007 2306 1170 2384 baronius,
1183 2309 1318 2372 omnium
1332 2307 1431 2378 antipae

183 2405 200 2450 e
222 2387 305 2450 beera
322 2387 459 2448 Firmino
474 2388 509 2449 ed
528 2385 618 2449 fidem
641 2405 818 2464 conversus,
847 2387 946 2460 simo,
968 2387 1042 2449 haec
1063 2387 1249 2450 habeantur:
1276 2381 1430 2450 inerciam*

183 2467 240 2530 sub
268 2467 456 2529 liiocietiano
488 2468 519 2528 in
544 2466 679 2546 ¹equuleo
712 2475 817 2542 tortus,
847 2467 1085 2541 siricium-eis&
1097 2467 1213 2530 rumoris
1226 2468 1255 2531 S.
1269 2459 1430 2530 Proculii·

183 2549 367 2625 murtprium
384 2550 618 2608 consummavit.
847 2548 930 2626 scopi
947 2552 973 2607 et
996 2547 1157 2626 martyris,
1182 2561 1299 2626 prorsus
1320 2547 1429 2624 ignorum

224 2624 424 2704 Olympiades,
450 2635 556 2688 exacto
577 2627 623 2688 sui
646 2627 819 2690 cousulutus
846 2628 931 2704 cujus
945 2627 1081 2690 ciuitatis
1098 2644 1132 2689 re
1147 2644 1218 2691 aere
1239 2628 1263 2690 is
1282 2621 1428 2688 Priorum
1450 2634 1451 2646 ¹

185 2713 331 2784 tempore,
354 2723 447 2786 quum
471 2706 612 2768 Ameriae
633 2713 662 2766 et
684 2709 815 2770 circum·
847 2707 899 2768 rit.
922 2706 1077 2768 incertum
1099 2709 1193 2772 etiam
1214 2714 1269 2779 est,
1284 2722 1322 2768 ao
1341 2701 1384 2764 sub
1398 2695 1428 2756 li·

181 2787 352 2863 jacentibus
380 2785 495 2864 populis
516 2805 530 2848 a
554 2785 741 2849 Diocletiano
764 2789 816 2848 im·
848 2787 899 2848 tila
921 2785 1108 2862 sanguinem
1137 2803 1232 2848 suum
1253 2783 1385 2849 eiiuderir.
1401 2777 1427 2861 ij„

182 2875 325 2942 peratore.
342 2869 530 2943 praepositus
551 2866 666 2938 luisset,
684 2867 816 2942 ejusdcm
845 2867 889 2928 sic
902 2864 1049 2928 Sollerius
1070 2867 1102 2927 in
1124 2862 1427 2950 Nolotiohidusl'sum
1449 2905 1450 2918 ἶ

180 2945 263 3022 jussu
294 2943 482 3006 Christianos
516 2946 626 3008 acriter
656 2949 817 3008 insectatus
846 2944 1074 3023 martyrologio,
1090 2945 1299 3024 labyrinthum
1319 2949 1427 3006 coriscust

182 3030 239 3086 est.
264 3023 321 3086 Sed
344 3041 359 3085 a
381 3023 516 3086 Firmino
532 3025 559 3094 1,
575 3025 663 3102 uirgo
679 3041 815 3100 romana,
846 3027 988 3087 uidentur
1019 3025 1237 3104 philopatrides
1265 3025 1320 3098 hh,
1337 3013 1427 3082 Pmcilh

183 3119 259 3178 quae
289 3103 366 3181 apud
389 3105 542 3166 Ameriam
567 3106 661 3166 vitam
693 3107 723 3170 in
745 3106 815 3169 soli·
845 3121 940 3183 aeque
955 3121 989 3166 ec
1005 3105 1129 3167 Sanctos
1150 3105 1224 3168 alios
1239 3107 1344 3168 mirum
1357 3101 1379 3158 iu
1391 3107 1425 3153 mr
1448 3163 1449 3174 3

184 3183 301 3258 tudine,
318 3182 426 3244 humili
449 3199 482 3244 ec
507 3186 590 3246 tenui
612 3184 697 3246 cultu
721 3187 817 3248 uictu·
845 3184 918 3248 dum
941 3183 1190 3262 multiplicantes.
1216 3218 1248 3229 -
1269 3183 1424 3246 humerum

181 3277 253 3341 que.
275 3262 394 3338 agebat,
424 3262 593 3324 mirabilem
628 3267 658 3324 in
691 3265 815 3327 modum
845 3265 930 3326 enim
953 3263 1070 3326 Proculi
1094 3264 1255 3343 plusquam
1278 3259 1402 3327 tredecim

182 3341 218 3403 ad
235 3341 346 3402 Christi
371 3341 463 3404 fldem
485 3345 816 3419 conversasionem
1447 3407 1448 3418 ,

181 3423 293 3562 dulcido,
306 3421 509 3484 Diocletianus
514 3422 689 3562 fflssssflllum
704 3441 722 3486 e
739 3424 816 3487 Ceu·
927 3431 956 3494 S.
979 3431 1140 3495 Evhsins
1161 3432 1213 3494 Ee.
1236 3451 1273 3495 er
1295 3431 1378 3493 llsar.

181 3517 194 3560 s
267 3519 273 3560 ι
802 3539 812 3550 .
1077 3539 1098 3551 ,.
1210 3539 1218 3556 ,

180 3513 815 3674 5011511,Ἧὲῗῗιῖὀφέῗὲιῗῗῖᾎῗὲὲξέε
949 3539 1356 3700 hosgtppppppgpppu

178 3672 369 3734 rauscerat,
400 3677 457 3723 nisi
492 3670 654 3740 pristmum
686 3663 814 3726 deorum
980 3731 982 3737 ,

178 3677 293 3803 duflum
323 3743 523 3818 repetivisset.
549 3741 624 3804 Cum
645 3741 816 3820 Mogentius
885 3741 1065 3806 bisarium.
1082 3773 1121 3786 -
1136 3741 1170 3805 ln
1189 3745 1308 3806 ciuitate
1321 3731 1422 3798 caulem

178 3835 302 3898 operam
334 3820 523 3898 perdidisset,
552 3838 622 3884 eum
655 3822 816 3884 flammatis
844 3824 938 3884 seneli
960 3823 1066 3885 Erash
1088 3823 1224 3901 Episcopi
1245 3820 1400 3904 orbarem-
1445 3865 1446 3882 2

177 3899 292 3963 lacibus
312 3901 490 3964 comburere
503 3904 603 3976 jussit,
620 3919 680 3980 quo
701 3903 731 3964 in
746 3919 815 3982 sup·
884 3899 963 3964 llaec
983 3901 1021 3964 de
1047 3901 1075 3966 S.
1099 3902 1209 3966 Erasio
1231 3903 1264 3963 in
1286 3897 1367 3974 Officii
1380 3895 1421 3986 il?

178 3981 268 4056 plioio
290 3980 480 4059 Olympiades
510 3982 645 4042 animam
666 3981 727 4044 Deo
750 3983 815 4044 red·
843 3981 909 4058 prio
940 3981 1089 4046 Ecclesiae
1123 3979 1286 4046 casalensis
1312 3971 1420 4051 lepram

177 4059 265 4120 didit.
284 4059 398 4136 Corpus
412 4060 646 4136 ejusabjectum
670 4061 814 4139 blegeulii
1444 4083 1445 4092 ¹

176 4136 279 4211 1115111,
313 4139 414 4201 beatae
447 4139 603 4201 mimicae
633 4141 705 4204 curd
739 4141 815 4203 olum
872 4139 1421 4212 *rinrcemmi‚mosepmeopnu.melium

178 4212 340 4290 sublatum,
366 4220 450 4280 humi
485 4219 628 4282 traditum
650 4228 703 4282 est.
729 4219 815 4298 Ejus·
844 4205 1444 4338 {lssidfssr'ffiefffflfflffm'mm''

205 4332 218 4359 *
233 4335 254 4374 n.
271 4337 388 4381 Firminae
398 4345 476 4384 natale
485 4346 524 4384 die
532 4342 558 4383 24
569 4347 704 4387 novembris
714 4349 816 4389 celebra·
870 4350 899 4378 *⁸
913 4347 994 4390 Italico
1008 4351 1088 4395 Nomi,
1102 4349 1127 4388 in
1143 4351 1205 4390 colle
1221 4347 1270 4392 aits.
1280 4331 1377 4394 epbciiffl
1387 4321 1420 4362 “⁸¹²

180 4393 225 4432 Μ’
235 4395 292 4437 ”⁶⁶
303 4401 483 4455 Nortyroioqrum
492 4409 582 4450 litum.
592 4408 637 4449 boc
647 4409 691 4450 die.
844 4415 934 4462 ornata,
945 4414 1035 4456 merrae
1045 4409 1197 4462 imperatoris
1208 4412 1283 4462 μω.
