2994 4832
11 719 16 794 l

260 314 323 378 too
574 333 613 376 nir
637 333 665 378 s.
691 329 817 378 innoxie
841 329 988 379 ineman.
1014 331 1124 379 conon.
1338 311 1444 376 nunt

206 415 344 504 justitia
361 416 436 498 luit,
453 414 500 495 hi,
518 415 590 484 sola
607 415 798 505 imperante
811 415 1022 498 crudelitate,
1042 415 1142 506 louge
1155 417 1274 486 durius
1285 413 1443 484 exsolvunt.

211 509 296 574 Ecce
308 503 422 590 qualis
442 503 572 572 clamor
588 503 783 585 viduarum,
805 518 955 591 quantae
971 503 1184 595 pupillorum
1199 519 1231 574 et
1246 504 1447 594 orphanorum
1485 505 1486 526 ¹

212 593 382 673 miseriae,
400 607 483 679 quot
507 614 699 682 pauperum
729 593 950 665 contritiones
981 607 1012 663 te
1033 607 1261 683 susceptorem
1285 613 1399 671 eorum,
1427 605 1449 657 te

206 681 362 770 judicem
388 703 520 761 eorum,
544 682 686 838 ppmjam
706 683 897 751 necessario
915 695 1100 772 provocant
1116 683 1157 752 ad
1179 683 1354 770 judiciuin.
1375 680 1449 746 Eise·

213 791 298 852 rere,
321 771 483 859 pacisque
500 792 543 839 no
570 770 599 838 is
619 791 777 840 serenum
796 771 935 862 adspira
952 770 1056 855 diem,
1077 773 1109 840 in
1127 793 1218 854 eum,
1234 772 1450 861 cujuscumque
1485 823 1486 826 ,

213 881 318 928 causa
342 859 421 928 talis
436 858 606 930 Ecclesiae
627 872 705 928 triae
730 872 914 949 tempestas
940 861 1107 943 imminet,
1131 874 1209 930 tuae
1240 859 1393 930 vindictae
1407 855 1450 924 de·

213 947 402 1018 terminans
427 949 642 1019 sententiam.
664 971 682 1014 i›
707 952 745 1017 ir
770 971 848 1018 vero
879 949 1139 1020 Coloniensibus
1162 949 1204 1019 ad
1230 969 1321 1019 arma
1344 944 1451 1015 concla·
1485 959 1486 1030 t

213 1038 400 1118 mantibus,
423 1059 463 1106 ac
485 1059 545 1126 pro
562 1036 760 1108 defensione
783 1039 930 1108 civitatis
947 1039 1088 1110 hostiles
1105 1039 1254 1128 impetus
1272 1036 1391 1108 bellicis
1409 1056 1452 1121 ap·

213 1127 392 1215 paratibus
412 1128 476 1198 hac
492 1125 570 1195 illac
592 1148 652 1214 per
677 1147 815 1195 murum
844 1128 1124 1212 observantihuS,
1153 1141 1318 1218 tyrannus
1339 1122 1451 1212 quidem

160 1253 162 1256 ·
214 1214 560 1297 velutdissimulans,
588 1218 620 1283 in
648 1229 798 1285 castrum
820 1239 936 1298 suum,
963 1217 1055 1304 quod
1086 1217 1254 1286 Cochoino
1280 1215 1399 1288 dicunt,
1430 1232 1454 1276 se

213 1304 374 1373 contulit:
403 1305 513 1394 magis
543 1318 669 1386 autem,
690 1316 728 1374 nt
744 1305 875 1374 viribus
898 1319 930 1375 et
956 1306 1176 1376 multitudine
1205 1328 1241 1376 se
1269 1300 1453 1392 sequentinm

214 1391 285 1460 illic
300 1392 473 1477 adunatis,
489 1393 662 1481 judicium
685 1395 867 1484 sanguinis
884 1417 964 1464 cum
984 1395 1104 1485 Episco
1132 1418 1150 1464 o
1166 1396 1308 1483 ejusque
1333 1389 1454 1485 admini-

213 1481 294 1550 stris
311 1482 450 1571 publice
472 1484 710 1552 committeret.
734 1485 854 1552 Contra
871 1505 972 1570 quein
994 1507 1073 1554 cuin
1096 1418 1254 1585 llpisoopi
1283 1481 1397 1552 milites
1420 1499 1455 1544 ni⁴

214 1569 403 1640 liilominns
420 1572 584 1641 omnibus
598 1584 816 1641 armarentur
834 1573 976 1654 viribus,
999 1587 1031 1643 et
1042 1573 1156 1642 studio
1177 1573 1325 1663 partium
1343 1565 1456 1657 qnidam

212 1660 461 1750 consanguinei
485 1681 565 1729 oum
591 1659 755 1741 Palatino,
784 1660 925 1747 quidam
943 1683 1022 1731 cuin
1040 1663 1206 1752 Episcopo
1230 1661 1454 1730 ordinarentur,
1485 1675 1486 1728 t

213 1759 369 1834 essetque
393 1749 503 1818 civilis
538 1748 618 1818 belli
649 1749 943 1838 periculosissima
979 1751 1113 1820 cunctis
1138 1752 1312 1840 suspicio,
1345 1755 1458 1842 sanctus

215 1835 365 1924 pontifex
378 1839 472 1926 gravi
491 1858 629 1927 pressus
642 1838 802 1928 angustia
825 1840 960 1920 mentis,
980 1839 1071 1926 quod
1089 1839 1257 1910 eduobus
1276 1832 1459 1908 tolerabilius

213 1925 364 2015 eligeret,
388 1927 578 2017 ignorabat.
599 1926 633 1996 si
658 1927 856 2015 superbiam
883 1928 990 1999 hostis
1022 1929 1129 1998 armis
1154 1928 1341 1998 humiliare
1369 1923 1460 1993 decei-
1485 1931 1486 2010 l

215 2027 319 2097 neret,
346 2015 547 2086 occurrebat
567 2014 759 2085 inhumana
775 2017 973 2100 crudelitas,
991 2031 1023 2086 et
1040 2017 1234 2087 miserabile
1259 2016 1380 2094 scelus,
1399 2030 1459 2080 cuin
1485 2011 1486 2098 l

213 2101 316 2174 frater
340 2103 491 2186 fratrem,
509 2125 613 2194 gener
642 2127 811 2186 socerum,
839 2127 935 2175 socer
959 2127 1124 2197 generum
1147 2106 1316 2176 hostiliter
1343 2111 1459 2196 prester·
1485 2115 1486 2192 ἢ

212 2205 342 2262 nerent.
363 2195 395 2263 Si
422 2215 499 2264 vero
512 2193 611 2262 aliter
628 2193 737 2272 vellet,
760 2194 977 2284 imaginariis
993 2195 1104 2265 oculis
1120 2195 1371 2286 expugnandae
1387 2188 1461 2258 urbis

213 2282 381 2362 miseriae,
404 2282 627 2352 ecclesiarum
654 2283 915 2363 destructiones,
940 2283 1143 2354 clericorum
1167 2285 1215 2354 vel
1237 2281 1460 2354 monachorum
1485 2295 1486 2300 ¹

212 2371 449 2452 contumelias,
479 2371 660 2440 viduarum
688 2393 948 2462 pauperumque
978 2373 1206 2456 necessitates,
1230 2387 1399 2461 postremo
1422 2367 1462 2454 ji·

214 2481 337 2528 venum
367 2472 398 2528 et
414 2481 536 2530 senum
554 2460 757 2530 indiscretas
777 2460 898 2530 caedes
922 2462 1127 2531 attendebat.
1151 2467 1187 2531 ln
1214 2461 1322 2550 hujus
1345 2452 1462 2528 articulo

215 2547 426 2618 necessitatis
443 2548 534 2635 quod
553 2550 717 2638 primum,
736 2549 825 2637 quod
851 2550 1052 2631 maximum,
1073 2551 1233 2638 qnodque
1254 2549 1463 2620 certissimum

213 2649 284 2705 erat
304 2636 477 2719 solatium,
498 2649 604 2706 totum
624 2659 659 2708 se
683 2637 827 2708 contulit
851 2639 893 2708 ad
914 2641 1108 2721 Dominum,
1136 2661 1215 2710 cuin
1242 2639 1385 2728 jejuniis
1409 2633 1464 2702 lita·

215 2725 290 2793 nias
317 2725 495 2806 ordinans,
520 2738 551 2794 et
575 2725 710 2796 diversa
737 2740 936 2796 sanctorum
965 2730 1112 2802 oratoria
1145 2728 1311 2798 lustrans.
1344 2732 1467 2808 Jamque

213 2812 351 2912 futurus
368 2814 468 2900 quasi
491 2835 651 2903 praesens
677 2816 860 2886 timebatur
881 2816 1001 2898 hostis,
1019 2831 1052 2886 et
1071 2818 1230 2888 sacerdos
1246 2839 1329 2888 cuin
1363 2807 1465 2904 populu

212 2902 407 2984 circuiens,
441 2904 553 2972 tristes
580 2903 808 2974 meditabatur
830 2927 966 2987 causas,
991 2929 1052 2976 nec
1088 2919 1198 2976 tamen
1228 2929 1248 2974 a
1276 2903 1467 2996 psalmorum

215 2989 449 3060 modulatione
462 2991 627 3061 cessabat.
644 2995 797 3080 Eumque
813 2994 933 3063 ordine
948 2996 1094 3065 venisset
1110 2994 1151 3064 ad
1169 2995 1468 3078 tricesimnmquot·

214 3090 286 3148 tuni
302 3078 487 3168 psalmum,
499 3081 598 3171 cujus
611 3093 661 3151 est
672 3082 824 3163 initium,
835 3083 970 3164 ludica,
983 3086 1131 3164 Domine,
1146 3094 1300 3154 ooceiites
1312 3092 1469 3172 meatque

216 3167 250 3268 in
268 3190 345 3269 eum
369 3167 472 3238 altius
487 3169 687 3252 intenderet,
707 3193 747 3240 ex
767 3172 841 3259 ipsa
862 3171 987 3260 psalmi
1004 3173 1242 3242 convenientia
1258 3172 1360 3241 dolor
1378 3165 1471 3240 cordis

210 3279 286 3344 epis
302 3259 525 3328 increscebat.
554 3259 616 3329 Ubi
637 3271 749 3330 autem
774 3260 815 3329 ad
846 3261 1055 3331 versiculum
1081 3261 1194 3342 illum,
1226 3264 1343 3331 Veniat
1359 3259 1412 3329 illi
1432 3257 1471 3322 lt·

210 3369 329 3436 quens,
357 3371 454 3448 quern
482 3350 628 3439 r'poorat,
657 3363 796 3418 ventum
821 3361 883 3429 est,
920 3351 1020 3437 quasi
1058 3351 1235 3440 praesagio
1262 3348 1412 3438 quodam
1442 3342 1473 3408 dt

169 3471 171 3476 ·
210 3435 408 3505 adversario
424 3450 545 3519 tactus
566 3437 744 3507 infremuit
768 3438 904 3528 spiritu,
933 3439 1165 3530 lacrymisque
1190 3461 1270 3508 cum
1299 3459 1379 3508 voce
1413 3452 1473 3522 pto·

213 3525 469 3612 rumpentibus
488 3525 661 3610 eumdem,
680 3527 824 3596 diacono
841 3541 1011 3618 stupente,
1031 3525 1145 3598 denuo
1163 3527 1333 3617 repetivit,
1354 3527 1473 3595 dicens:

216 3616 332 3683 Vertr'at
369 3617 426 3683 i'llr'
461 3618 622 3706 laqueus,
660 3639 758 3707 quein
788 3618 941 3706 ignorat,
976 3628 1007 3684 et
1032 3619 1141 3706 captio
1166 3639 1269 3708 qaam
1295 3610 1471 3686 abscondit.

210 3705 444 3804 apprehendat
461 3727 560 3807 ἱ(ἤρθη.
582 3707 653 3774 Hoc
676 3704 849 3805 quomodo
880 3705 1077 3806 protulerit,
1111 3707 1242 3774 orantis
1268 3727 1312 3773 ne
1348 3704 1473 3774 affectu.

211 3810 257 3856 an
283 3805 395 3878 potius
420 3807 546 3880 spiritu
564 3793 812 3883 prophetantis,
832 3793 896 3874 vel,
913 3806 950 3863 ut
965 3793 1090 3864 melius
1106 3807 1363 3882 receptioque
1377 3786 1486 3866 modat

217 3877 379 3948 historiae
394 3881 442 3949 nil
455 3882 569 3952 obest:
588 3882 727 3972 qnando
753 3882 869 3952 uidem
885 3886 1005 3971 paucis
1019 3882 1165 3953 evolutis
1178 3883 1315 3963 diebus,
1334 3881 1476 3971 laqueus,

214 3987 319 4055 quem
345 3968 532 4057 praedixit,
560 3906 900 4061 incomprebensibili
931 3975 1080 4062 superni·
1107 3972 1231 4042 Arbitri
1261 3971 1399 4060 judicio
1421 3971 1486 4035 tamt

217 4055 414 4128 terribiliter
438 4057 567 4129 hostem
591 4061 705 4149 ipsum
727 4062 882 4141 irretivit,
900 4072 938 4129 ut
953 4061 1108 4130 inaudito
1122 4060 1249 4130 seculis
1266 4059 1395 4135 furore,
1411 4073 1480 4126 uxo·

214 4165 286 4214 rein
314 4168 426 4229 suam,
459 4161 596 4238 propter
619 4149 719 4236 cnjus
745 4148 953 4218 mortiferam
972 4148 1193 4220 dnlcedinem
1219 4155 1478 4252 apostataverat,

215 4234 366 4336 propriis
392 4237 553 4306 manibus
579 4236 794 4308 interficeret.
811 4243 894 4308 Nam
914 4237 1063 4308 militnm
1092 4237 1270 4329 praelectis
1284 4236 1486 4307 bellantium

213 4343 306 4392 acies
326 4323 409 4394 foris
435 4325 685 4396 instruentibus
717 4326 758 4396 ad
791 4326 962 4408 futuram,
990 4349 1078 4418 quae
1104 4327 1319 4418 sperabatur,
1345 4347 1423 4396 cuni
1447 4323 1482 4387 E·

215 4413 358 4501 piscopo
390 4415 692 4502 congressionem,
730 4417 803 4506 ipse
837 4415 990 4486 residens
1022 4417 1055 4486 in
1086 4417 1249 4488 cubiculo
1273 4417 1377 4504 juxta
1410 4426 1481 4479 snat
