3046 4838
275 313 316 377 62
639 331 677 376 nu
701 331 728 376 s.
752 329 854 376 antino
879 331 927 376 ar.
955 329 1087 378 novrou.
1366 313 1443 379 not.
1465 317 1474 378 l

274 417 383 502 585.
410 413 456 483 td
472 413 668 502 sepulcrum
692 415 779 482 beati
795 414 856 482 viri
875 413 1002 482 multae
1015 427 1154 484 catenae
1168 414 1355 504 disruptae,
1372 416 1480 484 multae

230 502 412 593 compedes
436 501 573 582 fractae,
600 503 694 592 cippi
718 502 888 592 dissipati,
917 501 1094 589 multaque
1113 502 1180 572 alia
1196 505 1357 572 visuntur
1380 508 1480 576 certis-

230 593 317 663 sima
341 605 543 682 argumenta
569 590 828 672 miraculorum,
856 613 944 678 quae
972 591 1042 660 illic
1063 591 1257 682 factasunt
1284 605 1317 662 et
1344 591 1480 662 fiunt:e

228 680 357 768 quibus
381 693 494 748 tamen
520 701 582 748 nos
606 679 656 747 vel
688 703 818 770 pauca,
845 679 896 748 vel
925 681 1039 769 potius
1064 680 1160 751 nulla
1186 680 1378 762 retulimus,
1405 683 1480 772 quod

228 770 384 839 omniurn
402 767 512 837 oculis
530 768 683 854 exposita
707 769 785 840 sint.
812 773 926 858 Neque
955 791 1044 850 vero,
1071 783 1108 838 ut
1134 769 1168 837 in
1189 769 1363 858 plerisque
1386 771 1476 850 solet,

229 859 312 938 baec
339 856 504 926 miracula
534 856 605 926 illic
632 857 707 926 lieri
728 869 873 937 cessant,
896 857 954 926 sed
976 857 1128 947 quotidie
1145 858 1300 945 undique
1317 859 1480 928 adventant

229 945 396 1026 morbidi,
425 956 456 1013 et
476 958 664 1026 sanantur,
688 944 775 1015 ferro
800 945 905 1015 vincti
924 945 1173 1028 absolvuntur,
1200 947 1317 1016 claudi
1345 949 1479 1016 carrucis

228 1034 379 1115 advecti,
407 1034 480 1102 suis
510 1034 654 1124 pedibus
679 1034 865 1104 recedunt:
894 1034 1020 1124 perjuri
1046 1049 1106 1104 aut
1133 1036 1350 1124 arripiuntur
1377 1037 1481 1104 adae-

228 1145 340 1204 mone,
367 1136 427 1192 aut
443 1123 649 1205 moriuntur,
669 1123 883 1193 daemoniaci
901 1123 1213 1208 liberantur„caeci
1240 1124 1477 1194 illuminantur.

228 1211 323 1280 Multi
348 1233 484 1298 quoqne
504 1225 671 1281 sanantur
688 1213 798 1282 morbi
822 1212 896 1281 oleo
922 1211 992 1280 illic
1008 1225 1260 1282 succrescente:
1281 1214 1387 1282 immo
1401 1217 1480 1302 quis·

226 1301 305 1390 quis
328 1320 368 1369 eo
393 1300 621 1390 perungitur,
647 1322 868 1390 quacumque
892 1299 1025 1370 laborat
1050 1302 1272 1382 infirmitate,
1306 1303 1415 1372 statim
1438 1301 1451 1369 l
1471 1340 1479 1350 ·

227 1390 339 1479 giente
356 1389 486 1468 morbo,
513 1389 626 1459 curari
654 1401 774 1478 potest.
802 1389 864 1458 Sed
885 1389 966 1479 quia
979 1390 1052 1478 Jam
1078 1402 1265 1480 utcumque
1284 1389 1480 1460 absolvimus

226 1500 245 1548 ο
273 1489 380 1547 tatum
407 1499 506 1578 opus,
535 1477 692 1546 lectorem
717 1500 902 1568 rogamus,
936 1501 979 1546 ne
1008 1477 1168 1548 vilitatem
1195 1479 1364 1549 sermonis
1389 1480 1479 1547 nostri

226 1501 328 1656 plane
345 1565 522 1655 despiciat.
544 1567 709 1636 Fortassis
725 1567 915 1656 potuissent
935 1567 1001 1635 dici
1023 1589 1041 1636 a
1060 1567 1159 1638 nobis
1180 1568 1341 1658 pleraque
1358 1566 1480 1656 elegan-

226 1656 316 1726 tius:
344 1654 403 1724 sed
432 1654 545 1724 studio
573 1656 621 1726 sic
650 1655 778 1743 stylum
804 1657 1082 1745 temperavimus
1106 1669 1143 1725 ut
1165 1677 1218 1726 res
1245 1657 1370 1746 potius,
1389 1677 1478 1743 quam

225 1744 349 1826 verba,
383 1742 498 1812 lectori
527 1744 862 1813 commendaremus.
890 1745 1034 1814 Maxime
1051 1765 1129 1814 vero
1158 1745 1200 1813 ab
1224 1745 1287 1814 boc
1311 1767 1410 1834 opere
1432 1765 1479 1814 co-

225 1833 375 1902 thurnus
395 1832 559 1901 tumentis
575 1832 702 1919 eloquii
718 1833 885 1902 removeri
900 1832 1031 1912 debuit,
1050 1834 1140 1919 quod
1163 1833 1205 1902 de
1226 1833 1310 1902 tanti
1326 1834 1480 1902 Antistitis

224 1921 417 1991 humilitate
435 1921 596 1990 manavit.
613 1927 663 1990 Me
676 1943 812 2009 quoque
828 1921 987 1992 devotum
1009 1923 1134 2012 potius,
1150 1944 1253 2009 quam
1274 1923 1478 1991 temerarium

224 2008 341 2092 fnisse,
366 2031 527 2100 praesens
545 2011 671 2100 pagina
692 2011 879 2080 testabitur.
900 2015 1013 2097 Neque
1030 2011 1121 2079 enim
1139 2010 1346 2080 confidentia
1368 2011 1478 2078 virium

224 2120 391 2180 mearum,
414 2110 540 2169 tantam
560 2100 594 2166 in
622 2121 674 2168 me
692 2099 901 2189 provinciam
922 2100 1045 2188 recepi,
1066 2121 1145 2168 cum
1163 2100 1283 2168 scirem
1302 2099 1479 2170 absurdum

222 2209 308 2268 esse,
328 2200 440 2257 tantae
457 2187 619 2256 historiae
643 2186 816 2257 tantillum
841 2187 1004 2257 adhibere
1020 2200 1217 2256 auctorem:
1245 2187 1303 2257 sed
1324 2211 1402 2258 curn
1423 2189 1478 2255 sim

222 2276 356 2347 debitor
371 2276 489 2345 decern
512 2276 659 2345 millium
687 2276 905 2357 talentorum,
926 2276 976 2345 vel
1002 2297 1123 2366 parum
1151 2275 1281 2364 aliquid
1312 2278 1355 2357 ei,
1381 2299 1399 2346 a
1421 2297 1504 2364 quo,

223 2367 362 2455 accepi,
394 2364 535 2434 reddere
559 2366 673 2434 volui:
701 2365 802 2455 plane
830 2364 974 2454 dignum
1005 2376 1037 2433 et
1056 2365 1189 2456 justum
1220 2367 1423 2448 arbitratus,
1447 2375 1479 2432 ut

221 2454 384 2544 exiguum
411 2453 575 2522 talentum
594 2455 628 2522 in
646 2453 782 2524 laudem
810 2453 918 2523 sancti
943 2453 1006 2521 viri
1030 2468 1061 2523 ct
1078 2453 1222 2543 gloriam
1248 2453 1479 2544 omnipotentis

222 2543 280 2610 Dei
305 2541 550 2631 expenderem:
577 2554 609 2611 et
632 2542 723 2630 quod
748 2541 868 2613 abillo
891 2540 961 2610 indi
992 2563 1056 2611 nus
1078 2543 1226 2634 percepi,
1250 2543 1360 2612 eidem
1378 2543 1479 2628 subje-

221 2643 297 2700 ctus
314 2631 562 2720 impenderem.
578 2631 651 2700 Tibi
666 2652 770 2712 nunc,
787 2631 929 2710 Christe,
951 2563 1078 2699 lilorurn
1098 2631 1191 2700 bunc
1203 2644 1319 2701 contra
1337 2615 1479 2700 aemulos
1502 2695 1503 2700 ,

221 2741 341 2788 omnes
365 2717 617 2788 defendendum
646 2719 871 2789 commendo:
900 2719 960 2789 tibi
977 2719 1166 2789 devotionis
1184 2741 1278 2790 meae
1296 2719 1385 2790 dicta
1406 2741 1480 2808 sup·
1502 2726 1503 2745 ¹

222 2807 297 2897 pler
317 2809 512 2876 committo:
540 2807 600 2877 tibi
626 2808 660 2875 in
687 2808 740 2878 his
764 2809 927 2878 omnibus
951 2819 982 2876 et
1014 2829 1072 2897 per
1096 2808 1180 2878 baec
1208 2810 1325 2878 omnia
1347 2809 1422 2898 pio,
1447 2818 1482 2874 ut

222 2917 375 2986 possum,
397 2897 520 2966 allectu
545 2895 699 2986 persolvo
725 2896 860 2966 laudem
879 2909 911 2966 et
928 2895 1163 2987 praeconium,
1183 2897 1242 2985 qui
1263 2896 1370 2968 tulisti
1393 2895 1483 2984 adju-

221 2985 370 3066 torium,
402 3007 470 3072 quo
491 2997 603 3076 posset
626 2985 749 3055 contlci
773 3007 860 3074 opus
890 2997 1056 3075 optatum.
1087 2985 1160 3054 Tibi
1188 3007 1269 3078 ergo
1299 2985 1397 3065 laus,
1424 2983 1502 3070 tibi

220 3073 340 3165 gloria,
364 3073 422 3142 tibi
450 3074 558 3144 lronor
580 3075 724 3144 Creatori
745 3086 778 3144 et
798 3075 989 3144 Recreatori
1015 3073 1209 3157 hominum,
1236 3081 1318 3144 lesu
1344 3073 1502 3146 Christe,

219 3163 279 3250 qui
300 3183 378 3231 cnm
396 3168 460 3232 Deo
478 3168 572 3233 Patre
590 3177 621 3234 et
642 3163 770 3254 Spiritu
788 3168 909 3234 Sancto
927 3164 1011 3232 vivis
1030 3175 1062 3232 et
1082 3184 1205 3254 regnas
1231 3167 1317 3233 Deus
1334 3185 1392 3254 per
1406 3160 1481 3231 inll-

219 3253 290 3334 nita
307 3251 423 3320 secula
442 3252 650 3334 seculorum,
669 3257 772 3322 Amen
788 3253 816 3320 ⁸.

243 3433 256 3460 ⁸
271 3433 303 3472 Ex
323 3433 444 3482 Opertbne,
464 3443 477 3473 a
488 3435 508 3474 s.
518 3431 594 3484 Etlglo
604 3431 629 3474 in
640 3431 715 3474 lucem
727 3433 804 3479 edttta,
814 3437 906 3473 extant:
917 3435 934 3474 1.
944 3435 1019 3474 sarone
1029 3434 1055 3474 aa
1064 3433 1195 3474 concurrum
1205 3431 1322 3474 catholiam
1328 3427 1482 3476 eouurrtouist
1500 3425 1501 3436 ¹

216 3487 237 3526 Ἰ.
246 3487 347 3538 epotata
356 3489 385 3526 nd
394 3487 533 3528 Deciderlum
543 3489 700 3528 cadurcensem
706 3503 714 3538 ,-
724 3489 743 3527 ³.
755 3489 837 3528 Charta
843 3489 985 3536 fundationis
995 3488 1091 3528 Coenobt'l
1100 3487 1277 3528 sotenntaomata.
