2972 4826
64 261 161 327 DCCC
359 281 399 328 nn
423 277 636 329 concserrorur
660 283 688 328 c.
716 281 801 328 vieo.
828 281 947 328 uarum
1178 265 1235 355 23l

65 363 206 453 legendum
225 364 419 434 exhibuisti.
445 369 546 434 Beata
578 366 667 436 inter
701 364 875 446 mulieres,
901 386 990 452 qnae
1020 366 1168 437 Verbum
1193 389 1233 436 ex
1258 379 1288 436 te

63 457 238 524 incarnatum
258 454 444 544 peperisti;
465 454 627 536 Verbum,
654 454 811 541 inquam,
839 454 959 536 Petris,
985 453 1097 525 lilium
1125 456 1285 537 Verbum,

60 555 115 611 ante
136 541 242 612 secula
269 546 398 623 Deum,
427 544 574 613 Verbum
600 543 698 613 initio
725 563 847 612 carens
869 555 902 612 et
925 555 1115 625 aeternum,
1141 543 1288 614 Verbum

58 653 115 699 cum
134 635 220 700 Patre
234 643 266 701 et
281 631 414 722 Spiritu
433 635 555 701 Sancto
574 631 723 711 unitum,
740 632 900 714 Verbum,
917 631 1078 702 eumdem
1095 655 1174 702 cum
1192 637 1289 703 Patre

61 719 157 788 labem
170 719 340 800 thronum;
359 720 520 800 Verbum,
536 720 659 790 sedens
680 741 784 808 super
800 720 1002 800 Cherubim3
1019 723 1180 801 Verbum,
1196 722 1288 809 quod

60 806 215 894 glorificant
249 809 441 890 animalia,
468 808 731 899 quadruplicem
761 808 883 879 laciem
914 809 1098 890 habentia;
1124 809 1286 892 Verbum,

58 896 122 981 qood
142 897 262 968 creavit
283 898 448 985 lngel0s;
475 897 635 978 Verbum,
657 897 748 987 quod
773 897 862 976 lecit,
881 910 918 967 ut
935 899 1149 988 principatus
1173 910 1206 968 et
1230 921 1289 988 po-

57 997 161 1056 testates
175 998 303 1068 esseot;
322 987 484 1066 Verbum,
500 985 591 1072 quod
609 985 759 1056 extendit
774 985 897 1067 coelos,
912 998 945 1056 et
969 987 1093 1059 terram
1118 988 1285 1069 condidit;

56 1073 182 1156 terbum,
197 1096 314 1145 verum
334 1079 454 1156 Deum,
472 1076 586 1164 ipsum
606 1075 776 1145 Christum
794 1076 980 1146 Dominum
998 1089 1168 1157 nostrum,
1184 1097 1287 1164 quem

55 1164 239 1234 sanctissima
268 1165 372 1254 Virgo
402 1163 575 1254 peperisti,
600 1178 633 1234 et
655 1163 770 1234 denuo
793 1178 869 1254 post
894 1177 1030 1253 parturn
1057 1166 1174 1255 virgo,
1200 1186 1289 1253 quae

54 1269 191 1339 prunam
208 1253 415 1354 produxisti,
429 1265 463 1322 et
477 1261 639 1322 coronam'
664 1253 795 1341 regiam
820 1253 1034 1342 plexuisti.0
1053 1254 1152 1325 beata
1169 1255 1282 1355 Virgo,

54 1360 119 1423 quac
136 1341 273 1430 gloriam
299 1340 480 1413 coelestem
505 1341 659 1430 portasti,
685 1354 780 1411 etex
805 1341 923 1414 multis
946 1342 1091 1414 lloribus
1121 1343 1286 1432 paradisi,

53 1428 190 1498 nundum
217 1430 324 1500 odore
357 1431 448 1501 bono
475 1429 637 1520 replestil
663 1431 764 1518 Virgo
787 1441 838 1501 est
870 1429 981 1501 lilium
1008 1431 1284 1513 immaculatum,

50 1537 118 1600 quac
141 1539 247 1590 rosam
278 1518 604 1590 immarcescibilem
639 1519 758 1608 genuit
793 1519 988 1597 Christum,
1025 1521 1103 1590 vitis
1139 1521 1289 1591 veritatis

52 1603 240 1688 lertilissima,
259 1621 293 1678 et
317 1607 408 1695 quod
437 1607 479 1678 ad
506 1607 748 1697 virginitatem,
777 1607 919 1676 minime
944 1608 1175 1680 vindemiata:
1200 1630 1290 1697 quae

53 1691 111 1762 licet
124 1715 184 1766 non
200 1696 304 1777 losse,
325 1718 470 1766 uvarum
492 1709 605 1766 tamen
626 1696 851 1776 feracissima,
868 1717 990 1797 nempe
1013 1718 1102 1784 quae
1117 1713 1288 1768 maturam

52 1801 129 1851 utam
175 1785 359 1855 erminavit
379 1784 564 1855 Christum.
591 1785 832 1868 Quamobrem,
856 1785 1073 1856 sanctissima
1097 1788 1209 1877 Virgo,
1236 1787 1289 1857 lac

51 1870 127 1941 nobis
154 1808 282 1956 bdem,
311 1895 380 1961 que
412 1874 542 1943 ratione
572 1874 841 1975 germinaveris,
879 1896 948 1975 quo
970 1885 1071 1975 pacto
1095 1877 1289 1966 suscipiens

51 1959 178 2044 terbum,
197 1963 293 2050 quod
312 1975 457 2032 estante
480 1963 606 2044 secula,
634 1969 738 2033 Mater
766 1967 824 2032 Dei
856 1985 928 2034 visa
949 1985 997 2032 sis
1021 1985 1125 2054 super
1149 1977 1287 2034 terram.

49 2053 136 2140 «Ego
157 2053 253 2144 Virgo
279 2052 421 2121 incorru
450 2063 493 2134 ta,
519 2073 608 2139 quac
632 2052 666 2122 in
684 2065 781 2121 utero
797 2053 938 2142 gestavi,
959 2052 1078 2122 effecta
1102 2074 1179 2121 sum
1201 2066 1288 2123 tern-

52 2135 123 2220 plum
140 2141 358 2230 impollutum
377 2073 564 2210 balianus
579 2140 616 2209 in
633 2161 687 2210 me
702 2140 800 2210 Verbi
820 2142 888 2221 Dei,
905 2141 1104 2230 nuptiarum
1126 2142 1287 2230 expertis.
1304 2213 1305 2216 ,

50 2227 278 2300 Emmanuelem
305 2229 433 2320 gestavi
457 2229 492 2298 in
521 2239 619 2298 utero
642 2229 854 2318 incorrupto,
885 2230 919 2298 in
953 2242 1067 2299 ventre
1091 2229 1285 2318 impolluto,

53 2313 147 2385 similis
164 2318 285 2388 effecta
304 2319 427 2390 throno
451 2317 656 2387 Cherubim:
676 2318 710 2386 in
735 2337 805 2405 qua
819 2338 898 2387 caro
921 2317 1048 2388 lactum
1066 2331 1117 2388 est
1140 2318 1288 2387 Verbum

56 2403 142 2486 Patris,
165 2407 226 2494 qui
245 2412 339 2476 Dens
362 2418 412 2478 cst
435 2406 533 2476 initio
549 2427 689 2476 carens:
710 2419 743 2475 et
771 2405 849 2476 licet
876 2406 1071 2487 invisibilis,
1091 2406 1289 2496 spectabilis

56 2501 134 2562 tanen
163 2517 224 2585 per
247 2495 542 2580 dispensationem
567 2508 771 2583 assumptae
788 2496 904 2566 carnis
919 2495 1028 2565 lactus
1051 2507 1113 2566 est.
1136 2501 1207 2567 Non
1232 2517 1290 2564 er·

52 2594 198 2674 pertineo
221 2605 438 2674 cognoscens
463 2585 588 2665 virum,
610 2584 727 2674 peperi
752 2588 871 2662 Deum,
891 2586 949 2670 qui
970 2595 1021 2654 est
1048 2597 1127 2654 ante
1157 2583 1286 2665 secula,

49 2687 137 2753 ipsum
163 2673 352 2744 Christum.
384 2677 466 2742 llam
490 2672 594 2742 etiarn
624 2693 717 2744 nunc
741 2693 820 2742 sum
837 2673 889 2741 vir
913 2694 944 2754 o,
964 2685 1041 2762 post
1064 2688 1200 2762 partum
1226 2695 1290 2763 pu-

47 2755 99 2825 rior
121 2761 162 2848 (si
184 2761 302 2831 dicere
331 2761 445 2849 liceat)
471 2782 576 2848 quam
610 2774 732 2832 autea:
764 2761 838 2832 sine
868 2695 980 2832 labore
1003 2763 1131 2851 peperi,
1160 2784 1226 2832 non
1253 2773 1289 2832 ut

44 2864 140 2939 omues
163 2851 352 2920 mulieres:
378 2849 566 2920 dissimiles
592 2851 683 2920 enim
709 2848 849 2920 luerunt
872 2871 926 2921 res
956 2871 1051 2920 meae
1079 2873 1119 2921 ac
1151 2851 1289 2921 illarum

46 2945 113 3002 mter
137 2938 356 3026 pariendum.
374 2943 444 3008 llon
467 2938 559 3009 licvit
584 2951 707 3009 natura
736 2938 891 3008 humana
917 2951 1053 3028 partum
1082 2961 1210 3019 meum,
1229 2961 1289 3010 ex·

44 3035 120 3108 cepto
140 3027 210 3098 solo
235 3033 316 3106 Deo,
346 3027 408 3114 qui
437 3027 471 3095 in
504 3049 559 3096 me
583 3026 756 3096 habitavit.
778 3029 840 3096 »Ο
865 3027 1050 3116 Virginem,
1079 3029 1288 3118 stupendum

43 3110 186 3198 Ecclesiae
209 3117 440 3197 thesaurum,
466 3116 526 3201 qui
551 3115 696 3206 adeptus
720 3128 770 3186 est
793 3115 918 3206 ingens
946 3116 1162 3205 mysterium.
1181 3117 1290 3206 Virgi-

44 3217 103 3268 nem
125 3205 286 3296 appellat,
310 3204 402 3275 velut
430 3203 638 3274 sacerdotem
665 3205 792 3294 pariter
818 3218 852 3275 et
874 3203 1002 3274 altare:
1031 3225 1120 3290 quae
1149 3204 1288 3290 quidem
1352 3257 1365 3284 .

44 3305 173 3382 mensam
198 3293 326 3374 ferens,
341 3293 435 3364 dedit
460 3292 559 3364 nobis
583 3291 760 3364 coelestem
786 3313 909 3382 panern
929 3292 1100 3362 Christum
1118 3293 1153 3362 in
1170 3293 1291 3362 remis·

43 3392 151 3448 sionem
177 3395 410 3470 peccatorum.
440 3385 466 3452 0
490 3394 625 3452 uterum
652 3380 886 3472 impollutum,
910 3381 1090 3452 habentem
1118 3380 1288 3451 circulum

42 3465 206 3551 coelorum,
222 3472 285 3558 qui
300 3475 406 3540 Deum
431 3469 772 3560 incomprehensum,
788 3469 823 3538 in
839 3484 873 3540 te
892 3492 968 3541 vero
983 3469 1288 3560 comprehensum,

44 3559 185 3634 portastil
212 3563 239 3630 Ο
263 3571 399 3630 uterum
424 3559 519 3630 coelo
538 3559 754 3649 ampliorem,
773 3558 833 3646 qui
855 3563 959 3629 heum
982 3560 1017 3628 in
1043 3573 1074 3629 te
1098 3579 1165 3628 non
1193 3578 1291 3628 coar-

43 3645 140 3713 ctastil
166 3650 192 3716 0
215 3659 378 3728 uterum,
403 3647 464 3734 qui
500 3645 634 3718 coelum
659 3669 696 3718 es
728 3660 856 3736 septem
882 3647 1024 3717 circulis
1047 3659 1232 3728 constane,
1259 3658 1292 3715 et

43 3735 181 3828 capacior
196 3735 269 3806 illis
284 3737 421 3806 eristisl
448 3741 473 3806 0
497 3749 634 3806 uterum
659 3748 787 3824 septem
806 3736 910 3806 coelis
927 3735 1165 3806 sublimiorem
1189 3747 1292 3825 atque

46 3811 194 3892 latiorem!
222 3827 249 3896 0
271 3838 420 3906 nurum,
439 3825 500 3912 qui
523 3845 560 3894 es
576 3837 733 3894 octavum
749 3824 896 3904 coelum,
916 3837 1045 3912 septem
1063 3825 1292 3896 firmamentis

46 3904 225 3982 celsioreml
251 3916 279 3984 Ο
302 3925 437 3984 uterum
467 3913 647 3984 habentem
670 3911 932 4002 inextinguibile
949 3912 1065 3983 lumen
1091 3914 1217 4002 septies
1240 3913 1291 3982 lu-

47 3998 134 4091 tentis
147 4002 290 4090 gratiaci
312 4001 399 4084 Quid
416 4002 543 4085 dicam,
562 4013 622 4073 aut
636 4000 720 4090 quid
739 4000 860 4090 loquar
874 4001 918 4070 de
934 4001 1109 4092 praeclara
1125 4015 1157 4072 et
1174 4013 1293 4073 sancta

49 4081 181 4172 logice?
204 4089 417 4160 Desiderium
443 4113 499 4160 me
521 4091 636 4172 trahit,
667 4104 706 4161 ut
728 4089 771 4162 de
804 4091 946 4180 Deipara
970 4090 1071 4159 verba
1096 4090 1232 4172 faciam,
1258 4104 1292 4164 et

51 4165 171 4266 lormido
195 4199 249 4248 me
277 4178 399 4248 retinet
421 4177 457 4246 in
481 4179 630 4262 silentio,
661 4193 700 4250 ut
731 4179 884 4267 quinon
921 4178 1065 4249 habeam
1095 4177 1290 4250 facultatem

54 4253 164 4357 latendi
190 4287 252 4355 pro
275 4265 453 4356 dignitate.
474 4267 617 4339 luimus
648 4267 814 4348 hortatur,
839 4281 872 4338 et
896 4282 1009 4339 metus
1038 4267 1207 4338 deterret:
1234 4268 1291 4338 ille

55 4348 165 4429 quidem
186 4355 291 4425 trahit
315 4376 378 4436 me,
398 4355 462 4426 iste
486 4375 563 4426 vero
584 4377 638 4424 me
660 4355 840 4427 abstrahit.
860 4361 942 4428 Corn
970 4379 1051 4448 ergo
1075 4356 1119 4427 ab
1146 4369 1291 4444 utroque
