2946 4798
225 283 289 348 468
540 301 579 346 nn
603 301 630 346 s.
656 299 776 348 tonnus
801 299 851 346 ar.
879 299 915 345 rr
939 299 1089 345 sunnone.
1291 279 1364 342 ΒΕΓ..
1383 279 1412 340 tt

180 387 310 475 figuras
346 384 469 454 dixerit
501 405 561 465 ea,
598 405 686 475 quae
718 382 824 454 multo
852 397 950 454 antea
978 382 1043 452 sub
1073 388 1183 472 hloyse
1210 382 1414 470 contigerant.

178 475 317 561 quando
343 479 407 544 Deo
424 472 553 553 aderat,
572 486 604 543 et
619 473 664 542 ab
680 493 719 542 eo
734 472 870 543 tabulas
894 473 1094 562 accipiebat,
1115 492 1328 573 nequaquam
1346 492 1362 538 a
1378 490 1416 536 re·

178 565 276 634 ritate
299 563 516 632 oberraverit.
538 567 575 630 ht
593 563 785 631 Prochorus
808 561 946 630 interim
973 581 1103 650 pronus
1124 560 1280 648 quidem,
1301 571 1331 627 et
1351 557 1418 626 velut

178 652 347 722 exanimis
372 673 440 720 non
464 650 594 721 ferebat
616 651 706 721 inter
731 649 973 740 hujuscemodi
990 649 1117 720 versari
1136 647 1344 739 spectaculo:
1366 647 1417 734 ipse

179 763 256 811 vero
272 753 336 810 stat
356 739 620 830 imperterritus
648 761 726 809 cum
752 739 902 808 charitas
926 738 1046 828 procul
1071 737 1255 828 abjecisset
1278 738 1416 806 timoren.

178 830 226 899 ld
243 842 431 898 extremum
459 829 586 898 tonitru
612 828 647 896 in
672 849 788 897 rocem
812 827 1028 918 exprimitur,
1055 849 1094 896 uc
1117 825 1273 897 dilucide
1297 837 1416 894 resonat:

182 924 219 987 ln
233 920 400 1009 principio
417 929 489 987 erut
512 919 659 998 Verbum,
679 928 710 986 et
731 918 870 986 Verbum
886 927 959 986 erut
982 917 1075 1008 opud
1092 922 1209 997 Deum,
1228 927 1261 986 et
1276 920 1355 984 wllum
1368 923 1417 982 emt

183 1009 333 1076 Verbum.
353 1007 556 1087 Prochorus,
578 1007 639 1093 qni
654 1005 771 1075 divina
788 1006 1003 1076 institutione
1019 1007 1199 1096 proximus
1222 1017 1305 1085 erut,
1332 1003 1414 1072 lunen

178 1095 317 1184 quidem
337 1095 483 1176 videbat,
506 1116 718 1181 quamquam
736 1095 984 1175 subtremulos
1008 1117 1108 1184 porro
1134 1095 1309 1164 neminem
1330 1089 1417 1160 audie-

179 1185 260 1264 bat;
286 1182 367 1270 quia
385 1205 494 1272 neque
514 1183 562 1264 hi,
584 1185 644 1270 qui
668 1183 872 1254 cum-Panlo
888 1197 921 1252 et
934 1189 1046 1273 lloyse
1066 1181 1244 1271 quondam
1262 1192 1364 1258 erant,
1381 1199 1420 1246 eos

179 1271 376 1352 audierunt,
396 1276 456 1362 qui
480 1272 558 1344 illos
582 1273 617 1340 in
643 1271 750 1341 sacris
775 1272 1010 1342 instituebant.
1032 1273 1165 1362 Lingua
1184 1270 1337 1350 tonitrui,
1351 1267 1421 1339 theo·

179 1360 279 1452 logus
305 1373 357 1430 est
373 1361 402 1428 ⁴.
436 1366 474 1430 Et
498 1383 675 1431 sacrarum
703 1381 817 1430 rerum
848 1360 1055 1451 discipulus,
1084 1381 1244 1451 represso
1270 1355 1421 1450 paululnn

179 1449 312 1530 timore,
333 1449 548 1520 subtremule
566 1471 683 1530 manu,
702 1471 790 1536 qnae
809 1449 889 1519 inde
910 1463 1048 1538 sumpta
1067 1462 1160 1530 sunt,
1186 1461 1316 1529 exaret,
1341 1445 1421 1514 donet

180 1537 369 1627 perlectum
394 1551 445 1608 est
460 1538 696 1628 Evangelium.
716 1539 868 1626 Denique
889 1538 1016 1608 cedunt
1042 1559 1224 1630 pauperes,
1246 1559 1285 1607 ac
1309 1533 1422 1606 terrenis

180 1627 375 1696 revelantur
399 1626 570 1698 coelestia.

223 1718 241 1803 ξ
265 1723 331 1788 ss.
358 1715 506 1786 Tandem
532 1716 634 1786 etiam
653 1727 801 1786 amunte
825 1715 1002 1786 descendit
1017 1716 1177 1797 loannes,
1198 1737 1323 1786 novam
1339 1713 1420 1804 legen

178 1804 245 1875 sibi
265 1805 430 1874 creditam
457 1804 600 1884 habens,
631 1803 924 1891 quemadmodum
950 1805 1032 1875 olim
1063 1803 1200 1875 tabulas
1234 1810 1360 1893 Moyses
1385 1803 1422 1892 brt

180 1893 363 1983 inspector,
391 1893 554 1980 illamque
584 1892 698 1962 ferens
722 1892 780 1963 dat
809 1893 863 1962 his
886 1896 946 1981 qui
977 1894 1178 1982 petiverant.
1207 1899 1260 1964 Ita
1289 1913 1364 1980 ergo
1383 1885 1422 1955 uh

180 2003 301 2052 novam
323 1982 445 2074 legem,
471 2004 575 2069 quam
601 1995 789 2072 acceperat,
808 1981 879 2052 illis
904 1981 1112 2063 tradidisset,
1140 1983 1216 2070 ipse
1242 1983 1274 2050 vi
1299 2001 1382 2054 sano,
1402 1987 1422 2042 et

178 2071 294 2140 inritis
319 2071 459 2158 quidem
495 2070 730 2152 insularibus,
759 2071 942 2162 navigabat
966 2086 1079 2142 tamen
1108 2071 1285 2160 Ephesum
1316 2085 1419 2138 versus

177 2163 280 2230 Porro
298 2158 359 2242 illi,
376 2159 479 2229 veluti
499 2160 559 2247 qui
575 2158 756 2230 oculorum
772 2161 934 2230 caecitate
953 2159 1056 2250 longo
1071 2173 1226 2250 tempore
1239 2159 1421 2229 detinentur.

178 2249 208 2318 si
231 2249 371 2336 quando
392 2249 524 2338 possint
549 2249 707 2319 morbum
726 2249 901 2338 repellere,
927 2249 982 2317 lon
1011 2271 1029 2318 e
1047 2247 1245 2338 jucundius
1267 2247 1366 2318 solem
1388 2242 1421 2308 itt·

178 2350 340 2408 tuentur:
364 2339 409 2406 ita
422 2351 454 2406 et
467 2337 604 2426 Ephesii
622 2337 825 2427 recipientes
841 2338 964 2408 Christi
982 2273 1159 2417 lituram,
1178 2339 1332 2424 quodem
1345 2333 1422 2402 etian

178 2425 280 2496 modo
301 2425 577 2506 desiderabilius
597 2447 702 2513 quam
733 2427 841 2516 prius,
870 2426 1080 2497 alliciuntur.
1111 2425 1199 2508 Quid
1231 2439 1344 2497 autem
1366 2417 1422 2517 illel

177 2519 394 2602 Quamquam
414 2514 630 2583 vehementer
645 2513 766 2586 luisset
779 2513 974 2602 frequenter
986 2515 1160 2606 latigatus‚
1175 2537 1245 2584 non
1264 2515 1322 2584 det
1339 2506 1422 2580 oculs

178 2625 354 2686 somnum,
375 2625 436 2672 nec
451 2602 625 2760 palpebris
645 2603 935 2683 dormitationem,
957 2627 1018 2674 nec
1043 2605 1194 2691 requiem
1223 2597 1420 2692 temporibus.

178 2692 235 2760 sed
255 2693 422 2781 populum
436 2691 496 2778 qui
523 2714 575 2760 em
594 2691 803 2773 exhortatur,
815 2692 981 2764 adversus
991 2705 1105 2762 autem
1125 2692 1325 2762 incredulos
1338 2685 1420 2757 zelun

177 2782 336 2862 ostendit,
367 2802 480 2851 errore
509 2779 751 2870 supplantatos
776 2781 909 2852 reducit
933 2782 973 2852 ad
1006 2781 1205 2850 veritatem:
1234 2780 1324 2850 serus
1342 2781 1419 2846 arcet.

178 2891 267 2958 quae
284 2881 359 2960 post
374 2891 476 2940 suurn
496 2868 687 2940 discessum
706 2870 925 2960 impudenter
945 2871 978 2938 in
996 2871 1083 2940 orile
1103 2893 1139 2940 se
1156 2871 1375 2960 ingesserant,
1395 2879 1421 2926 at

180 2979 317 3048 gregem
347 2971 492 3028 revocat.
514 2963 576 3038 lta,
595 2957 773 3046 dispositis
798 2959 851 3029 his
871 2980 959 3045 quae
979 2959 1070 3028 circa
1091 2958 1266 3048 Ephesum
1284 2944 1422 3032 crentad

178 3047 390 3146 propinquas
406 3060 524 3136 gentes
540 3045 697 3126 discedit,
721 3047 777 3116 hic
801 3047 940 3134 quidem
971 3049 1156 3137 Episcopos
1180 3047 1420 3117 constituturusY

175 3135 246 3204 rllic
268 3157 345 3204 vero
366 3136 517 3226 integras
536 3156 674 3223 quoque
696 3135 862 3206 docturus
882 3136 1051 3206 Ecclesias
1069 3137 1194 3226 spiritu
1211 3136 1287 3205 obsi
1316 3130 1408 3221 nari.¹

220 3227 239 3311 ἐ
262 3229 336 3296 Η.
363 3229 485 3294 Verum
514 3247 568 3294 me
591 3225 659 3294 huc
676 3225 846 3296 sermonis
866 3245 1099 3316 progressum,
1117 3225 1248 3295 lactum
1271 3159 1352 3294 illud
1367 3233 1421 3286 aut·

179 3335 253 3382 mae
277 3335 462 3416 generosae
486 3335 525 3383 ac
550 3313 723 3382 humanae
747 3325 903 3402 occupat,
922 3313 1013 3402 quod
1039 3313 1141 3384 etiam
1162 3313 1270 3384 altius
1294 3319 1421 3399 repetent

176 3401 296 3488 (veluti
313 3415 430 3472 narrat
453 3400 608 3472 Clemens
633 3401 689 3472 ille
713 3401 962 3473 Alexandrinae
986 3402 1155 3473 Ecclesiae
1180 3403 1361 3493 presbyter,
1384 3408 1420 3456 nr

177 3503 210 3560 et
229 3493 264 3560 in
284 3491 362 3563 aliis
382 3490 621 3574 admirandus
636 3503 669 3561 et
684 3490 878 3579 eloquentia
895 3513 977 3562 sone
995 3491 1193 3574 laudabilis,
1216 3492 1251 3560 in
1271 3499 1419 3561 sermonrt

179 3580 258 3663 (thu
282 3581 374 3650 diver
390 3583 506 3650 sulvus
521 3579 624 3670 fintl)
647 3594 807 3650 retexam.
835 3585 948 3662 Quum
965 3580 1057 3650 enim
1075 3579 1286 3672 pervenisset
1300 3579 1419 3669 loannes

179 3681 255 3758 post
272 3669 418 3739 reditum
438 3691 476 3738 er
495 3674 613 3739 Patrno
637 3667 678 3738 ad
703 3669 891 3756 quamdam
918 3670 1108 3740 vicinarum
1134 3669 1323 3747 civitatum,
1342 3675 1419 3746 cuju-²

174 3758 276 3827 etiarn
297 3757 564 3848 appellationem
584 3757 745 3828 nonnulli
764 3757 897 3840 dicunt,
917 3771 950 3828 et
969 3758 1102 3840 iratres,
1118 3759 1178 3846 qui
1199 3753 1416 3840 inhacerant.

177 3860 371 3937 opportune
395 3860 592 3928 recreasset,
608 3847 793 3934 quemdam
818 3847 867 3916 ibi
891 3847 1142 3917 adolescentem
1168 3847 1294 3936 reperit
1310 3851 1417 3939 mpgtss·

179 3936 298 4006 tudine
324 3934 541 4016 mediocrem,
561 3936 727 4025 adspectu
743 3935 877 4005 civilem
895 3960 902 4017 ;
922 3957 1071 4024 cumque
1089 3934 1280 4026 perspicaci
1302 3937 1416 4018 spurtus

177 4025 331 4094 efficacia
354 4023 614 4113 generositatem
633 4025 770 4094 animae
784 4024 891 4108 illius,
911 4047 951 4094 ac
968 4045 1103 4095 morum
1129 4024 1355 4095 liberalitatem
1373 4007 1415 4110 qb·

178 4125 354 4194 servasset,
376 4112 631 4183 benedictiones
651 4112 708 4183 dat
728 4112 950 4196 adolescenti,
969 4126 1002 4183 et
1025 4112 1236 4184 sufficienter
1254 4112 1357 4202 ipsum
1378 4115 1414 4164 tfl·

176 4203 276 4289 ungit
292 4223 331 4270 ae
346 4202 479 4272 excitat.
500 4204 668 4283 Quoniam
687 4213 800 4272 autem
817 4203 889 4292 jem
916 4202 1135 4273 discessurus
1153 4214 1237 4284 erat,
1258 4212 1288 4270 et
1304 4194 1414 4266 attoar-

178 4309 351 4371 cessurus,
366 4303 402 4359 ut
416 4303 449 4360 et
466 4303 590 4360 terram
609 4290 872 4381 praedicatione,
886 4303 918 4362 et
936 4312 1040 4374 more,
1054 4313 1093 4361 ac
1111 4292 1244 4364 insulas
1255 4280 1411 4360 accederet.

206 4411 217 4432 *
231 4411 253 4452 S.
263 4411 366 4453 tonores
375 4417 398 4454 et
409 4417 526 4466 Ttuctopm
535 4417 720 4459 antonomatice
730 4419 907 4467 cognominetur
919 4422 963 4461 ort.
