2994 4832
66 311 163 374 ilbi
370 331 411 376 nrt
434 330 464 375 s.
488 329 612 378 annona
636 330 784 376 xacrrrcr.
813 329 924 377 eonon.
1180 315 1242 378 tott

64 413 186 502 deinceps
200 414 282 482 inter
295 415 428 484 amicos
444 413 654 484 habiturum.
682 419 752 483 Hoc
774 414 876 484 modo
895 415 1135 486 reconciliatus
1150 418 1287 486 Arcbie-

62 503 178 590 piscopo,
194 503 440 592 Aquisgranum
460 505 615 592 perrexit,
639 517 670 574 et
686 503 852 573 adversus
869 526 920 584 ea,
936 504 1081 592 quaeda
1099 505 1289 596 irruptione

60 589 240 691 barbarorum
257 591 347 661 lama
366 592 573 683 vulgaverat,
588 614 663 661 eam
682 594 779 683 regni
795 605 938 682 partem,
956 607 1124 680 quantum
1144 607 1285 684 poterat,

58 691 253 748 communivit.

87 770 191 852 §w
215 769 366 849 Interim,
394 770 593 859 insurgente
618 781 735 840 satana
762 783 881 838 contra
906 771 1017 840 virum
1038 771 1108 851 Dei,
1131 771 1200 841 duo
1226 774 1289 840 mi-

57 855 131 924 nistri
150 857 228 947 ejus,
250 859 308 944 qui
329 859 365 926 in
386 858 516 927 laribus
539 859 615 948 ejus
636 858 907 929 familiarissime
923 859 1207 942 obversabantur,
1235 863 1289 930 iu-

55 943 135 1014 sidias
155 947 180 1013 ei
206 946 370 1028 tendunt,
396 958 428 1017 et
453 947 518 1016 nisi
544 948 601 1015 oei
626 947 862 1017 misericordia
888 947 1018 1018 malum
1048 949 1110 1018 boc
1133 971 1289 1040 praever-

55 1033 143 1113 tisset,
167 1035 246 1103 nilril
271 1037 336 1104 tale
362 1037 593 1126 suspicantem
629 1036 870 1106 trucidassent.
906 1037 968 1105 ttti
996 1038 1158 1120 cuidam,
1209 1060 1288 1109 uem

52 1121 195 1192 beneficiis
224 1125 295 1194 suis
323 1126 472 1194 maxime
505 1124 612 1194 fidum
639 1125 704 1194 sibi
730 1125 989 1212 obnoxiumque
1013 1124 1160 1208 lecerat,
1185 1061 1290 1196 lami-

52 1208 131 1279 liares
148 1211 263 1284 litteras
286 1236 304 1282 a
330 1236 367 1282 se
386 1215 463 1303 ipso
484 1213 518 1281 in
545 1213 685 1296 tabulis,
713 1226 852 1303 propter
878 1215 1045 1303 majorem
1064 1217 1183 1284 secreti
1210 1239 1291 1285 cau-

52 1298 150 1380 telam,
179 1303 385 1392 conscriptas
418 1302 511 1372 dedit
535 1303 703 1392 Episcopo
731 1303 1009 1373 Halberstadensi
1043 1303 1284 1394 perferendaS,

52 1388 151 1471 quibus
167 1403 313 1480 nepotem
334 1413 461 1472 suum,
487 1393 590 1462 tantis
614 1391 770 1478 undique
794 1391 1038 1462 adversitatum
1062 1393 1288 1482 procellisja·

51 1489 162 1558 cetum,
179 1491 208 1548 et
223 1501 307 1570 pene
327 1480 603 1571 naufragantem,
629 1480 865 1551 consolaretur
887 1493 920 1551 et
944 1481 1139 1552 instrueret.
1166 1487 1204 1551 nt
1230 1481 1288 1552 ille

52 1585 80 1631 ex
95 1565 156 1654 ipsa
172 1579 230 1636 tam
245 1589 393 1659 operosa
418 1569 538 1639 secreti
557 1569 801 1638 communione
824 1570 1012 1661 conjiciens
1036 1570 1165 1659 aliquid
1186 1573 1282 1658 Regi,

53 1653 146 1739 reique
165 1657 310 1744 publicae
335 1657 533 1739 adversum,
553 1657 597 1727 iis
621 1657 743 1727 litteris
758 1660 938 1739 contineri,
961 1660 1044 1750 Regi
1066 1682 1123 1729 eas
1147 1660 1286 1730 detulit.

54 1747 126 1821 Quas
139 1742 305 1816 illccontra
322 1768 422 1836 spem
444 1745 657 1816 suam'uulla
674 1746 793 1817 videns
810 1747 1023 1818 infidelitatis
1044 1749 1172 1818 indicia
1188 1750 1286 1830 dare,

54 1841 141 1900 tamen
156 1833 190 1900 ad
206 1836 402 1904 terrendum
428 1857 520 1916 eum,
546 1835 721 1926 exemplar
743 1857 862 1905 earum
888 1836 1152 1928 archiepiscopo
1168 1840 1286 1908 misit:

55 1933 85 1986 ut
101 1923 302 2019 experimento
317 1924 508 2024 colligeret,
528 1945 595 1994 non
618 1945 730 1994 raram
748 1925 839 2014 apud
862 1947 897 1994 se
915 1947 1057 1995 suorum
1079 1941 1288 1997 secretorum

60 2007 250 2090 proditionem.
267 2019 356 2084 Item
375 2012 466 2083 alnus
479 2012 620 2099 quidam
635 2036 674 2082 ex
689 2013 857 2082 ministris
870 2014 958 2103 ejus,
978 2035 1079 2101 quem
1097 2016 1290 2085 Coloniensi

63 2095 187 2168 Ecclesiae
203 2104 342 2192 propria
359 2102 532 2172 industria
548 2101 621 2192 ipse
641 2103 859 2189 acquisierat,
884 2123 1055 2189 quemque
1081 2105 1125 2174 ob
1146 2105 1210 2173 hoc
1236 2104 1290 2172 in-

65 2181 272 2272 dulgentissimo
297 2212 440 2280 semper
464 2191 587 2260 affectu
617 2190 791 2269 coluerat,
818 2204 850 2260 et
874 2192 974 2260 bonis
997 2192 1161 2262 omnibus
1185 2193 1288 2261 etiam

63 2291 143 2358 supra
159 2280 262 2350 nantes
287 2301 377 2349 suos
399 2279 686 2370 locupletaverat,
714 2292 852 2370 repente
876 2279 1058 2349 insolentia
1080 2280 1193 2349 servili
1218 2281 1289 2350 ela-

65 2371 123 2455 tus,
145 2363 236 2456 jugum
268 2368 533 2439 Ecclesiasticae
557 2369 728 2440 servitutis
753 2368 864 2458 coepit
888 2369 1096 2450 detrectare,
1126 2390 1230 2456 seque
1255 2370 1290 2439 iu

60 2445 203 2523 libertatem
226 2459 380 2528 violento
401 2456 550 2544 quodam
571 2458 649 2544 jure
673 2456 749 2538 lori,
777 2479 857 2527 cum
884 2479 1010 2548 magna
1034 2459 1290 2558 archiepiscopi

56 2544 230 2634 contumelia,
256 2547 355 2617 velut
378 2567 488 2632 equus
512 2545 650 2615 effrenis
665 2546 826 2616 excussit.
850 2551 934 2615 Tum
955 2567 1032 2616 vero
1052 2547 1182 2617 crebris
1201 2569 1291 2617 mor-

54 2625 123 2698 tibus
141 2653 286 2706 carorum
317 2655 460 2703 suorum
487 2634 533 2704 ita
563 2635 774 2704 amaricatus
797 2647 872 2715 est,
904 2648 936 2704 et
965 2634 1105 2705 vulnere
1128 2637 1291 2706 concisus

50 2722 281 2806 supervolans,
311 2734 350 2793 ut
376 2744 515 2792 saxeum
541 2744 678 2809 quoque
703 2736 846 2813 pectus,
873 2735 906 2793 et
927 2745 1031 2813 supra
1059 2737 1187 2814 petram
1213 2724 1291 2796 lun-

48 2803 141 2876 datnm
162 2813 355 2883 aedilicium
380 2823 563 2881 concutere
587 2823 701 2899 posset
721 2823 789 2882 tam
816 2812 999 2882 vehemens
1026 2812 1082 2882 ille
1100 2814 1202 2884 turbo
1220 2827 1294 2884 ten-

48 2895 166 2966 tationis.
191 2901 233 2970 td
259 2923 400 2972 omnem
427 2913 541 2970 autem
558 2899 687 2970 doloris
703 2914 736 2971 et
756 2901 922 2970 moeroris
943 2900 1207 2991 plenitudinem,
1232 2901 1293 2972 illa.

47 3001 131 3053 norae
149 2990 358 3060 confusionis
384 2990 533 3070 miseria,
560 3011 649 3077 quae
674 3011 735 3080 per
753 3011 874 3060 omncs
894 2991 1041 3078 angulos
1066 2994 1161 3082 regni
1180 3013 1215 3062 se
1240 2991 1292 3061 di-

47 3070 130 3144 latare
149 3077 217 3164 jam
242 3079 444 3169 incipiebat,
472 3090 565 3148 tanto
585 3079 744 3148 acerbius
769 3078 884 3148 cordis
907 3079 983 3169 eJus
1008 3080 1129 3149 intima
1159 3083 1290 3172 tetigit,

11 3227 12 3230 ,
43 3175 147 3260 <poento
168 3188 219 3237 res
235 3167 278 3238 ad
298 3167 457 3268 generale
471 3168 575 3238 totius
590 3166 761 3238 Ecclesiae
785 3167 970 3238 discrimen
998 3169 1184 3258 spectabat.
1207 3175 1291 3238 Nam

44 3248 150 3343 lentate
176 3255 357 3327 barbarica
380 3256 482 3326 conlli
509 3256 647 3326 entibus
670 3257 759 3326 inter
789 3277 825 3326 se
851 3257 990 3326 Francis
1017 3267 1049 3324 et
1074 3257 1289 3339 saxonibus,

45 3341 258 3416 immiscebant
281 3367 318 3416 se
341 3344 409 3414 nde
434 3279 540 3414 dubia
566 3367 660 3414 nunc
685 3344 762 3430 his,
796 3365 888 3415 nuuc
910 3344 979 3414 illis
1005 3345 1113 3426 Svevi,
1140 3366 1293 3436 gensque

44 3427 275 3514 Eajoariorum:
302 3434 498 3521 fiebantque
521 3433 664 3514 caedes,
694 3433 855 3503 incendia
879 3433 982 3502 simul
1008 3445 1041 3502 et
1065 3434 1207 3523 rapinae
1232 3455 1293 3524 per

11 3589 12 3592 ,
42 3536 125 3586 tttone
139 3541 278 3612 reguum
293 3522 529 3593 Teutonicum.
548 3525 676 3592 Harum
692 3521 926 3594 calamitatum
945 3522 1124 3604 incentrix,
1141 3534 1173 3591 et
1185 3523 1294 3610 quod·

11 3627 13 3640 ³
44 3603 105 3672 dant
121 3609 152 3676 in
169 3631 331 3700 praesens
355 3611 506 3680 durandi
528 3609 792 3681 solidamentum
809 3612 999 3683 exsurrexit
1015 3611 1146 3682 interea
1162 3611 1223 3681 illa
1240 3612 1295 3681 lu-

44 3693 134 3776 genda
146 3701 450 3791 semperomnibus
464 3699 634 3770 Ecclesiae
648 3699 813 3770 membris
824 3701 913 3770 inter
925 3705 1051 3792 Regem
1065 3712 1097 3771 et
1112 3700 1293 3770 dominum

11 3805 12 3812 ¹
44 3785 250 3880 apostolicum
268 3789 510 3870 controversia,
538 3809 625 3875 quae
651 3789 849 3859 schismatis
873 3789 1036 3858 horrendi
1062 3788 1117 3859 lue
1139 3800 1294 3859 sanctam

11 3881 13 3910 ³
46 3873 227 3947 mirabiliter
242 3877 459 3948 confundens
474 3878 674 3958 Ecclesiam,
704 3877 891 3948 multorum
919 3876 1068 3947 millium
1087 3880 1223 3948 animas
1242 3880 1298 3948 in-

11 4029 12 4032 ,
45 3953 118 4042 laris,
136 3965 343 4052 prohdolor,
363 3965 556 4047 destinavit,
576 3967 672 4056 pacis
694 3967 957 4036 unanimitatem
983 3989 1001 4036 e
1030 3967 1129 4036 terris
1154 3988 1296 4059 prorsus

47 4051 225 4137 exturbavit,
249 4055 348 4126 foeda
372 4055 558 4126 monachos
575 4054 796 4125 altercatione
819 4055 986 4137 dissolvit,
1006 4055 1149 4126 clericos
1166 4057 1200 4126 in
1218 4077 1299 4126 con-

50 4145 193 4227 temptum
217 4143 371 4225 adduxit,
399 4143 637 4214 Ecclesiastica
648 4144 783 4234 judicia
800 4143 898 4214 laicis
922 4144 1133 4234 subjugavit,
1159 4165 1297 4214 omnem

48 4229 206 4312 asquinus
229 4231 384 4324 regulam
409 4233 594 4303 subvertit:
623 4253 684 4302 nec
708 4245 819 4302 cessat
843 4233 945 4303 bodie
968 4234 1053 4304 tanti
1081 4235 1163 4304 mali
1188 4233 1299 4320 lacry-

49 4329 124 4384 mosa
140 4322 317 4408 pernicies.
344 4323 405 4393 His
430 4321 617 4412 angoribus
641 4321 704 4403 vir,
732 4321 789 4390 cui
815 4321 862 4390 nil
888 4327 954 4390 Deo
978 4323 1104 4404 carius,
1139 4322 1223 4392 adeo
1243 4343 1299 4390 co-

51 4415 179 4480 arctatus
197 4424 229 4482 et
250 4424 412 4483 excoctus
436 4425 485 4482 est
509 4409 676 4498 undique,
703 4422 742 4480 ut
768 4409 869 4480 etiam
897 4410 1044 4482 taederet
1068 4433 1145 4480 eum
1173 4410 1296 4478 vivere.
