2932 4812
263 312 326 374 600
539 328 578 374 ns
602 329 629 376 s.
656 329 830 376 srnvasrao
853 329 934 376 rara
958 327 997 374 nr
1020 328 1166 376 coursss.
1308 303 1374 368 ott.
1393 301 1414 362 tt

218 411 252 482 id
277 434 297 479 a
318 411 413 481 vobis
432 411 741 482 circumscribitur.
759 413 927 493 Quocirca
951 413 1073 482 vestris
1089 412 1183 482 libris
1197 423 1318 478 utemur
1332 404 1365 473 ad
1382 403 1419 498 de-

219 499 518 571 monstrationem:
543 521 691 586 quorum
721 499 784 570 hoc
810 501 911 572 nobis
935 499 1164 576 vindicamus.
1181 497 1263 587 quod
1284 508 1327 595 est
1346 512 1419 580 traps

218 588 435 670 admirabile,
457 601 490 658 et
508 587 689 660 clariorem
722 588 827 659 ellicit
857 590 1047 669 victoriam,
1075 588 1167 676 quod
1192 597 1322 675 sumptis
1351 601 1419 649 arun

219 678 505 758 adversariorum,
521 677 563 746 iis
580 699 649 759 eos,
668 679 729 764 qui
747 679 922 758 resistunt,
942 679 1182 769 percutientes,
1195 674 1277 745 bello
1289 671 1420 742 evademus

219 769 424 858 superiores,
441 779 475 835 et
499 788 584 856 pure
608 767 781 857 potiemur
803 768 956 837 victoria.
976 767 1057 836 »ld
1083 766 1167 837 haec
1183 765 1258 836 dixit
1272 767 1416 858 Imperant

219 857 383 927 adversus
409 855 467 936 id,
498 855 591 942 quod
616 855 702 924 dixit
726 857 938 946 Episcopus,
968 877 1036 926 non
1062 877 1162 946 posse
1187 850 1416 925 contradicim

219 946 324 1025 enim,
344 966 363 1013 o
384 942 517 1025 ludaei,
537 954 665 1014 vestras
685 943 864 1015 adducunt
889 945 1085 1035 Scripturas
1102 945 1127 1013 ii
1155 945 1213 1032 qui
1229 940 1418 1032 Christunm

220 1034 307 1114 lunt,
330 1030 372 1102 ad
397 1053 497 1103 suam
519 1032 732 1122 probandam
760 1033 983 1122 opinionem,
1011 1034 1061 1104 eis
1097 1033 1184 1103 citra
1216 1041 1418 1101 controversari

221 1121 390 1193 tribuetur
414 1123 555 1192 omnino
573 1121 725 1192 victoria.
746 1126 872 1192 »llaec
892 1144 972 1192 cum
998 1122 1141 1192 dixisset
1165 1127 1344 1212 imperator,
1358 1127 1380 1182 et
1393 1131 1421 1178 se·

220 1223 322 1280 natus
346 1210 377 1279 ci
400 1223 489 1280 esset
508 1210 727 1313 suffragatus,
746 1211 872 1282 ludaei
894 1223 1082 1301 coeperunt
1106 1211 1210 1298 loqui,
1226 1209 1382 1302 dicentes:¹

263 1302 282 1387 ᾗ
305 1302 374 1371 18.
392 1321 410 1365 «
427 1303 511 1370 Cum
536 1311 754 1390 omnipotens
778 1305 868 1372 Deus
887 1300 1011 1370 dixerit
1026 1300 1060 1369 in
1083 1297 1339 1370 Deuteronomio:
1357 1291 1423 1386 tila·

220 1389 308 1490 quod
327 1410 487 1478 eperum,
507 1397 676 1458 elnonest
692 1393 779 1458 Deus
798 1399 934 1480 praeter
956 1413 1008 1460 me
1029 1389 1141 1490 (Dent.
1168 1387 1281 1477 xxxid:
1307 1393 1423 1471 quonum

221 1477 429 1568 ipsilesum,
448 1477 707 1563 quiesthomo,
734 1482 838 1547 Deum
861 1479 1063 1550 existimatis
1085 1494 1118 1548 et
1142 1475 1328 1554 nominatis,
1349 1484 1373 1539 et
1388 1480 1423 1534 tre

220 1571 305 1636 Deos
322 1565 498 1647 inducitis,
523 1587 646 1656 nempe
660 1578 692 1636 at
711 1588 803 1648 eum,
823 1566 906 1657 quia
921 1567 1021 1638 nobis
1036 1566 1173 1648 colitur,
1198 1578 1231 1636 et
1250 1571 1363 1640 lesum,
1379 1575 1421 1650 ott

220 1655 442 1725 decernentes
458 1677 533 1725 esse
549 1657 607 1726 Dei
632 1655 757 1736 silium,
775 1669 807 1726 et
832 1668 966 1744 praeter
989 1655 1052 1726 hos
1076 1655 1258 1745 spirituml
1280 1657 1355 1724 llum
1371 1664 1422 1713 rttt

220 1743 269 1814 sio
294 1743 498 1834 opinantes,
526 1765 593 1814 non
626 1756 741 1833 aperte
765 1744 995 1814 adversamini
1020 1745 1067 1826 ci,
1096 1745 1157 1832 qui
1180 1743 1292 1814 docuit
1314 1759 1366 1808 riou
1383 1747 1422 1800 ose·

219 1832 306 1903 alios
325 1833 420 1917 deos,
438 1833 499 1919 qui
518 1845 569 1904 ast
583 1838 672 1903 Deus
690 1832 875 1922 productor
893 1835 1156 1903 universorum?
1173 1856 1190 1900 »
1210 1832 1257 1903 hd
1270 1832 1343 1901 haec
1362 1825 1421 1892 alt-¹
1444 1904 1447 1914 ,

218 1921 409 2012 inspiratus
425 1921 630 1992 contradixit
649 1921 835 2011 sylvester:
855 1945 873 1989 a
892 1923 927 1992 Si
945 1921 1032 1992 citra
1054 1920 1164 1993 ullam
1184 1922 1289 1992 animi
1308 1909 1423 2010 parturit·

220 2011 347 2081 tionem
374 2022 522 2080 mentem
548 2011 667 2081 vestris
683 2009 892 2083 adhiberetis
916 2010 1115 2100 Scripturis,
1143 2009 1232 2080 nihil
1254 2031 1311 2080 nos
1332 1997 1423 2074 north·

220 2101 341 2170 ceretis
368 2100 518 2188 opinari,
547 2100 576 2170 si
609 2099 667 2168 Dei
692 2099 815 2170 Filium
841 2113 875 2170 et
898 2104 1061 2169 Sanctum
1088 2100 1256 2189 Spir'uum
1279 2104 1421 2168 sutrino

220 2193 310 2260 Haec
333 2190 425 2258 enim
447 2210 513 2258 non
534 2188 634 2259 nobis
650 2211 669 2258 a
688 2189 787 2258 nobis
804 2189 889 2278 ipsis
904 2188 995 2258 dicta
1019 2201 1110 2268 sunt,
1129 2188 1187 2259 sed
1215 2190 1339 2258 inventa
1357 2189 1422 2250 sunta

220 2277 348 2348 divinis
362 2277 550 2366 Prophetis.
566 2283 604 2347 ttt
620 2291 698 2347 ante
713 2275 799 2346 alios
812 2277 952 2365 quidem
967 2277 1051 2346 dicit
1064 2277 1169 2347 David
1180 2277 1339 2367 Propheta
1348 2285 1371 2340 et
1381 2272 1422 2334 [ter.

101 2425 104 2434 .
220 2379 356 2456 patrum
373 2379 561 2436 vestrorum
576 2367 610 2435 in
628 2371 838 2436 servatorem
858 2377 1013 2436 nostrum
1033 2367 1289 2454 praenuncians
1302 2358 1423 2434 insaniam

221 2461 331 2540 Quare
345 2459 554 2544 fremuerunt
573 2466 699 2545 pentes,
715 2467 745 2524 et
769 2458 890 2546 populi
910 2456 1066 2524 meditati
1083 2466 1162 2524 strat
1187 2451 1423 2546 inanfantiam

219 2548 395 2615 Dominum
419 2556 449 2613 et
474 2545 633 2614 aduersus
652 2545 820 2614 Christum
841 2547 932 2635 ejus?
946 2545 1016 2634 (Ps.
1035 2543 1082 2632 2).
1100 2548 1186 2615 Ecce
1209 2566 1290 2645 ergo
1307 2547 1424 2612 bonrum

220 2647 252 2704 ct
276 2635 447 2704 Christum
470 2635 545 2722 ejus
561 2631 691 2715 dicens,
713 2655 779 2702 non
805 2655 911 2703 unam
939 2653 1119 2722 personam
1139 2632 1285 2714 inducit,
1303 2629 1352 2703 sed
1369 2624 1426 2692 dttff·

220 2724 314 2806 Quod
342 2736 455 2792 autern
483 2723 540 2792 Dei
564 2721 671 2790 Filius
695 2722 739 2792 sit
770 2723 948 2802 Christus,
977 2721 1151 2812 significat
1189 2721 1279 2792 idem
1307 2714 1424 2814 Propheta

220 2811 383 2883 dicendo:
411 2814 569 2881 Dominus
589 2812 679 2879 dicit
703 2813 749 2880 ud
772 2834 838 2880 me:
857 2813 967 2880 Filius
991 2833 1083 2879 meua
1107 2833 1141 2880 es
1158 2821 1219 2881 tu:
1243 2833 1301 2900 epo
1318 2805 1426 2886 holtttt·

218 2905 281 3002 nui
304 2912 334 2968 te
365 2900 616 2984 (rotatibus
642 2912 693 2968 est
716 2921 810 2990 ergo,
829 2899 889 2988 qui
913 2899 1056 2990 genuit,
1082 2911 1115 2969 et
1142 2898 1245 2979 alius,
1271 2901 1330 2986 qui
1351 2904 1427 2974 estgt·

220 3001 326 3059 nitus.
355 3009 372 3053 »

265 3079 283 3164 ξ
306 3080 383 3150 19.
401 3077 461 3146 llis
473 3077 597 3148 ludaei
613 3089 866 3167 opposuerunt:
881 3101 899 3144 a
914 3077 1081 3160 Quoniam
1098 3099 1191 3168 ergo,
1205 3091 1244 3148 ut
1257 3072 1429 3169 dicisgtjttl

219 3171 321 3247 Deus,
339 3187 417 3234 eum
443 3167 502 3253 qui
528 3181 577 3236 est
603 3166 817 3256 impatibilis,
835 3168 958 3236 statuis
983 3165 1174 3255 patibilem,
1192 3179 1225 3235 et
1244 3167 1276 3235 ei
1298 3156 1428 3236 tribuua-

219 3254 412 3326 lectionem.
433 3255 610 3337 Quomodo
638 3267 751 3324 autem
782 3255 875 3325 filius
898 3266 949 3325 est
977 3260 1083 3336 lleus,
1112 3255 1236 3343 quiin
1265 3251 1428 3342 temporetl

221 3345 369 3435 genitus,
398 3356 432 3413 et
462 3357 499 3415 ut
523 3357 620 3424 esset,
655 3343 777 3414 habuit
801 3345 836 3412 in
864 3348 1044 3434 tempore?
1068 3343 1159 3414 lllud
1184 3344 1276 3414 euim
1300 3340 1428 3432 Holusi

221 3444 286 3503 tem
316 3435 406 3514 oris,
435 3445 468 3502 et
492 3455 558 3502 non
591 3433 674 3503 sinit
699 3437 804 3502 Deum
829 3433 1019 3502 existimari
1043 3445 1235 3503 aeternum.
1266 3459 1347 3498 i—
1365 3451 1377 3492 t
1393 3427 1427 3490 tu

220 3457 396 3611 patiiilem
446 3515 727 3602 onerationemo
751 3521 883 3602 ludaei,
914 3523 948 3592 in
979 3527 1044 3592 beo
1072 3521 1235 3604 dicimus,
1266 3521 1345 3590 dixit
1366 3513 1428 3610 ald

220 3609 354 3680 afflatus
380 3545 559 3700 sylvester,
579 3610 637 3680 sed
659 3611 811 3680 divinam
830 3622 862 3680 et
882 3610 1109 3700 impatibilem
1136 3622 1168 3680 et
1193 3617 1257 3680 lleo
1282 3614 1427 3678 conseruet·

219 3711 308 3769 tem:
328 3713 360 3770 et
383 3699 555 3787 quomodo
570 3699 696 3770 dixerit
710 3699 885 3788 quispiam
903 3699 1044 3770 verbum
1063 3700 1159 3770 nasci
1178 3721 1218 3769 ex
1238 3710 1354 3768 mente.
1367 3697 1428 3770 ppt

219 3787 474 3858 introducimus
509 3788 732 3878 temporalem
766 3810 806 3858 ex
830 3793 896 3858 Deo
928 3787 989 3857 filii
1014 3788 1091 3878 ejus
1125 3766 1428 3880 generationem.5ll

220 3879 385 3967 temporis
402 3891 571 3966 expertem
589 3889 621 3947 et
634 3891 820 3948 aeternam.
836 3882 920 3948 Nam
938 3890 1132 3965 temporum
1150 3875 1427 3966 quoqneeflecnrtt

219 3987 299 4038 cum
320 3965 398 4036 aliis
424 3965 583 4038 novimus
598 3987 673 4036 esse
692 3966 819 4036 filium.
839 3967 982 4035 Effector
996 3977 1110 4036 autem
1130 3979 1332 4056 temporum,
1350 3959 1428 4032 nond

220 4057 285 4126 sub
311 4068 473 4144 tempore.
492 4053 582 4124 Illud
607 4067 735 4137 autem,
753 4055 860 4125 Hodie
882 4057 988 4145 penui
1005 4065 1048 4150 te,
1066 4053 1197 4125 dictum
1223 4079 1243 4124 a
1268 4052 1428 4148 [tavidattl

219 4164 405 4232 supernam
432 4155 464 4212 et
479 4165 568 4230 quae
584 4155 634 4213 est
654 4156 732 4214 ante
750 4143 877 4224 secula,
897 4144 976 4214 etei
993 4144 1162 4227 convenit,
1181 4143 1358 4214 divinitatis
1371 4147 1430 4224 sigt·

220 4228 299 4328 licat
314 4231 582 4320 generationem,
602 4232 660 4302 sed
674 4254 763 4316 eam,
776 4255 865 4320 quae
879 4245 930 4304 est
945 4231 1101 4315 inlerius,
1119 4255 1209 4320 qnae
1223 4234 1319 4304 estin
1335 4237 1432 4316 templ

220 4325 252 4380 et
272 4338 443 4412 incarne,
462 4342 566 4409 quam
592 4322 744 4412 suscepit
769 4333 907 4412 propter
936 4335 1089 4392 nostram
1105 4321 1264 4394 salutem.
1290 4327 1361 4392 h'am
1384 4315 1431 4386 nol

220 4401 359 4484 quidem
378 4407 434 4478 hic
458 4408 625 4499 Propheta
642 4410 814 4482 Christum
833 4422 865 4480 et
890 4416 995 4483 Deum
1017 4423 1096 4482 ante
1116 4411 1244 4483 secula.
1262 4407 1432 4494 Quamobut
