2954 4816
27 273 95 334 titt.
113 274 153 336 26
365 293 405 337 ue
430 293 457 337 s.
485 289 645 337 sreeutso
672 289 916 336 PttOTO¹1.tttTt'ttE
1173 274 1236 336 tbt

58 381 154 460 §ll-
182 381 361 446 Caeterum
388 397 426 444 ex
454 375 495 444 iis
515 396 603 462 quae
626 375 725 444 tacite
748 375 989 464 praetermissa
1010 387 1102 455 sunt,
1132 376 1278 444 alterum

24 463 188 551 impietatis
213 465 320 534 telum
339 465 383 533 ab
410 464 462 542 iis,
489 465 547 552 qui
573 463 744 533 Christum
776 475 991 554 oppugnant,
1020 477 1277 551 contorquetur.

23 552 107 638 tjunt
130 575 233 634 enim,
257 553 480 644 Unigenitum
509 551 701 621 inferiorem
729 573 814 622 esse.
843 553 973 621 Etenim
1000 575 1077 621 cum
1107 575 1125 621 a
1154 552 1281 622 dextris

23 641 113 711 Patris
135 641 272 711 dicatur
298 656 400 720 stare,
428 663 467 710 ex
493 641 546 709 his
572 641 683 711 verbis
699 653 859 710 asserunt
876 641 1091 720 demostrari‚
1118 663 1196 710 eum
1223 641 1281 710 ob·

22 731 144 800 noxium
160 752 235 801 esse
256 731 367 820 patris
389 731 555 821 potestati.
573 730 660 812 Quia
680 730 784 819 igitur
802 731 874 799 istis
902 730 1026 798 Paulus
1048 730 1278 818 respondebit,

21 834 69 886 aut
90 833 162 888 aute
187 820 336 889 Paulum
365 819 530 906 Propheta
552 819 679 887 David?
703 824 847 905 Uterque
872 819 962 886 enim
989 819 1145 888 doctrina
1173 819 1281 908 Spiri-

22 921 75 986 tus,
94 908 233 996 gloriam
263 909 437 1000 Unigeniti
464 907 626 976 declarat.
657 913 739 976 Nam
768 907 872 976 David
904 909 969 977 ait:
1000 910 1092 976 llicit
1126 910 1281 976 ltoruinus

23 999 139 1065 ltoau'uo
154 1021 238 1078 rnen,
259 999 339 1067 sede
357 1021 379 1066 a
394 998 525 1066 deutris
549 999 630 1065 meis
648 1001 725 1086 (l’s.
755 997 850 1084 totth
877 996 1057 1087 Apostolus
1082 1010 1209 1076 autem,
1237 997 1282 1064 od

20 1087 173 1156 derterom
196 1089 316 1156 throni
331 1088 390 1156 tta·
403 1088 529 1156 sedere·
544 1089 717 1154 homiuum
731 1085 847 1174 (lledr.
866 1085 893 1172 t)
916 1086 1011 1154 dicit.
1039 1091 1150 1167 Quare
1170 1087 1197 1156 si
1213 1097 1281 1154 sta-

23 1187 69 1241 tus
91 1175 280 1246 inferiorem
308 1176 434 1264 arguit.
462 1173 571 1244 sessio
597 1197 737 1264 prorsus
768 1175 944 1261 aequalem
977 1197 1051 1242 esse.
1083 1175 1278 1264 significat,

24 1275 74 1330 aut
88 1264 319 1333 contradicant
338 1265 415 1354 ipsi.
437 1269 471 1332 ln
496 1285 702 1350 unoquoque
723 1264 816 1331 cuim
836 1264 957 1332 horum
977 1263 1094 1332 eatlcm
1119 1264 1282 1353 magistra

24 1352 145 1438 spiritus
162 1355 288 1443 gratia.
311 1353 487 1440 Siquidem
513 1366 545 1421 et
563 1353 757 1442 Stephanus
774 1352 895 1442 plenus
913 1353 1044 1440 Spiritu
1061 1356 1183 1422 Sancto
1198 1352 1282 1420 vidit

22 1459 52 1507 ea
76 1463 151 1526 qum
168 1443 273 1522 vidit;
303 1454 447 1528 atquae
474 1441 568 1515 vidit.
597 1441 732 1510 locutus
748 1455 810 1510 est.
833 1440 934 1510 David
960 1453 1072 1510 autem
1101 1442 1134 1509 in
1155 1441 1281 1530 spiritu

24 1543 103 1597 rucat
131 1531 137 1598 i
164 1554 243 1600 sum
281 1531 490 1609 Dominum,
519 1543 555 1598 ut
580 1529 801 1620 Evangelium
829 1542 981 1598 testatur.
1020 1529 1145 1599 Paulus
1175 1552 1277 1608 vero,

22 1553 298 1701 quenadmodum
318 1621 462 1709 ipsemet
478 1618 573 1699 dicit,
593 1620 626 1687 in
646 1619 770 1709 spiritu
796 1618 947 1704 loquitur
973 1619 1146 1706 mysteria.
1170 1625 1281 1702 lauare

25 1705 45 1771 si
68 1710 219 1796 magister
243 1730 341 1776 unus
364 1721 426 1789 est,
451 1707 547 1777 nulla
572 1730 607 1777 re
639 1725 665 1776 a¹
689 1708 802 1796 seipso
826 1708 1038 1795 discrepem,
1067 1717 1099 1775 et
1121 1709 1282 1796 magister

25 1793 67 1860 hir
89 1809 134 1865 est
157 1799 305 1888 spiritus
334 1797 484 1866 veritatis
511 1798 543 1865 in
569 1797 733 1866 omnibus
759 1797 818 1882 qui
843 1796 1010 1865 divinitus
1041 1795 1145 1864 afflati
1178 1811 1278 1876 sunt,

26 1886 173 1966 quomodo
196 1887 375 1974 quispiam
402 1887 436 1954 in
455 1886 532 1972 eius
557 1885 703 1954 decretis
728 1885 994 1974 discrepantiam
1023 1885 1281 1974 suspicabitur?

28 1977 55 2037 tt
74 1973 157 2044 aliud
182 1989 245 2056 est,
275 1976 424 2060 inquies,
452 1975 582 2053 sedere,
605 1975 713 2056 aliud,
739 1989 839 2043 stare.
864 1977 897 2043 Si
924 1975 1001 2043 trita
1027 1975 1208 2041 verborum
1235 1975 1280 2041 si-

28 2061 176 2143 qnificatio
200 2063 454 2142 consideretur,
482 2085 543 2150 ego
563 2085 700 2150 quoque
724 2062 767 2131 ad
793 2063 996 2132 sententiam
1024 2077 1118 2131 tuam
1142 2063 1277 2130 accedo.

28 2149 78 2216 Sed
96 2173 155 2221 non
181 2167 231 2223 est
246 2153 313 2229 fas,
346 2154 429 2222 haec
455 2153 555 2221 rerba
587 2154 636 2222 sic
661 2153 836 2240 accipere,
860 2165 897 2221 ut
922 2151 1066 2220 eandem
1093 2151 1126 2217 in
1160 2163 1279 2220 natura

30 2243 154 2326 corporis
171 2254 324 2332 experte,
351 2261 455 2328 quam
483 2243 516 2308 in
541 2242 756 2330 corporibus,
786 2243 852 2308 vim
881 2241 1038 2310 habeant.
1060 2245 1141 2308 Nam
1163 2241 1194 2307 in
1221 2239 1280 2307 ho-

33 2325 105 2394 mine
122 2331 273 2416 quidem,
302 2331 409 2400 sessio
438 2331 585 2421 liguram
612 2331 765 2420 corporis
798 2331 1006 2417 quiescentis
1035 2329 1210 2408 describit,
1240 2351 1280 2398 ne

30 2433 119 2499 genua
136 2441 263 2510 eorpus
290 2418 404 2509 ipsum
422 2419 627 2488 sustinentia
652 2419 794 2488 omnino
810 2419 1050 2508 defatigemur:
1071 2441 1089 2486 e
1109 2419 1280 2487 contrario

29 2515 132 2586 autera,
158 2509 260 2578 statio
288 2521 418 2577 rectum
437 2509 611 2576 hominem
632 2529 736 2597 super
760 2508 908 2596 genibus
933 2509 1189 2586 crinsistentem,
1212 2529 1278 2574 nou

28 2605 118 2660 autem
139 2597 290 2666 sedendo
320 2597 565 2686 quiescentem,
594 2597 733 2666 indicat.
761 2603 798 2664 tt
818 2599 852 2665 in
873 2597 931 2666 illa
957 2619 1118 2686 suprema
1142 2609 1276 2669 natura.

28 2691 52 2744 ct
71 2685 165 2754 sessio
187 2700 220 2756 ct
237 2698 360 2766 status
377 2686 420 2754 ab
437 2685 608 2774 ejusmodi
633 2686 886 2774 significatione
908 2698 1138 2763 remorentur,
1165 2698 1197 2753 et
1222 2707 1280 2772 ap·

30 2771 117 2852 posite
131 2775 170 2842 ad
197 2798 269 2846 rem
297 2776 407 2862 ipsam
433 2775 672 2864 explicandam
691 2775 911 2844 adhibentur.
935 2780 1048 2862 Neque
1066 2774 1157 2842 eninr
1186 2772 1278 2841 illam

29 2859 104 2926 orani
123 2884 283 2954 corporea
308 2863 330 2930 fi
359 2885 420 2932 ura
439 2879 627 2941 racemum,
650 2877 710 2932 aut
726 2885 831 2952 snper
849 2865 995 2954 genibus
1016 2876 1116 2942 sture,
1136 2876 1194 2932 aut
1209 2862 1280 2931 ulla

28 2951 269 3042 corporisparte
290 2886 408 3022 sedere
431 2953 666 3042 opinabimur.
690 2953 752 3020 Sed
774 2975 832 3041 per
848 2967 1031 3037 utramque
1055 2973 1182 3029 vocem,
1207 2973 1280 3040 per-

31 3047 144 3118 petuam
165 3041 465 3110 etimmutabilem
484 3042 628 3110 inomni
653 3043 740 3110 bono
758 3043 976 3111 stabilitatem
1003 3052 1034 3108 et
1058 3043 1206 3126 quietem
1226 3042 1280 3130 pio

29 3127 245 3212 cogitabimus.
270 3131 400 3198 Etenim
420 3131 479 3216 qui
503 3134 606 3198 Dirum
626 3143 725 3208 stare,
753 3144 785 3199 et
801 3131 861 3216 qiu
879 3129 1026 3199 cundem
1049 3129 1166 3198 sedere
1182 3129 1277 3208 dicit,

32 3213 187 3286 verborum
214 3220 374 3288 varietate
399 3219 575 3287 discordes
600 3232 681 3287 sunt
700 3219 747 3286 illi
773 3220 926 3307 quidem,
943 3217 1000 3286 sed
1022 3229 1133 3285 tamen
1154 3220 1281 3308 reipsa

31 3307 247 3376 rnrrsentiunt:
266 3329 345 3376 cunt
372 3321 403 3377 et
429 3307 485 3377 ille
502 3308 599 3376 lirme
625 3329 858 3396 progressum,
877 3321 909 3375 et
936 3308 989 3374 hic
1016 3306 1225 3374 immobilem
1246 3308 1278 3374 in

31 3393 107 3458 oum
130 3394 215 3464 bono
241 3396 408 3466 insedisse
435 3401 537 3465 heum
566 3397 749 3484 significet.

65 3480 78 3560 l
99 3486 166 3552 te.
193 3485 490 3566 Quemadmodum
508 3499 621 3553 autem
650 3486 814 3574 Propheta
835 3484 936 3551 David
954 3496 985 3551 et
1003 3482 1182 3572 Apostolus
1197 3488 1280 3550 Pau·

35 3557 73 3630 lus
105 3571 269 3662 Unigeniti
303 3575 488 3644 sessionem
516 3589 745 3663 exponentes,
781 3594 848 3640 non
884 3573 1089 3650 effecerunt,
1123 3585 1160 3640 ut
1188 3577 1281 3640 Patre

35 3665 133 3752 ἣῐῇὶῃιε,
154 3661 268 3730 sedere
294 3663 416 3731 Filium
447 3663 698 3751 cogitaremus,
725 3662 882 3749 quamvis
909 3663 1017 3750 ipsius
1042 3661 1280 3730 tautummodo

37 3735 93 3809 lrlu
120 3749 262 3820 sedentis
288 3751 494 3820 mentionem
523 3752 676 3832 fecerint,
701 3753 750 3822 sic
778 3772 856 3818 cum
890 3773 929 3820 ex
956 3749 1127 3838 Stephano
1158 3749 1280 3817 Filium

37 3837 154 3935 dantem
178 3840 330 3920 exaudis,
358 3841 448 3908 haud
477 3856 564 3910 recte
590 3840 697 3910 solius
723 3839 830 3909 Patris
856 3840 1041 3908 sessionem
1067 3859 1141 3906 esse
1166 3839 1280 3927 suspi-

37 3917 161 4011 tubens:
187 3928 243 3998 sed
262 3941 299 3998 ut
322 3950 361 3998 er
380 3929 475 3998 Pauli
499 3942 532 3998 et
557 3929 692 3998 havidis
712 3929 865 3999 oratione
889 3928 1007 3996 sedere
1034 3933 1177 4004 Patrem,
1197 3949 1279 4013 quo·

39 4021 109 4076 nram
132 4015 232 4085 Filius
257 4018 299 4085 ad
317 4017 489 4087 dexteram
516 4019 590 4104 ejus
616 4018 749 4096 sedeat,
773 4021 988 4096 corditemur,
1019 4017 1095 4085 licet
1121 4015 1215 4084 nulla
1240 4016 1281 4082 de

42 4091 187 4180 latrabat
213 4106 350 4175 mentio.
378 4109 432 4176 Sic
456 4108 547 4176 enim
571 4107 734 4196 lanuginis
762 4106 845 4174 ratio
866 4119 1031 4184 servatur,
1058 4107 1086 4175 si
1112 4103 1278 4193 quicquid

42 4197 65 4243 tt
85 4183 137 4256 hoc
159 4191 359 4284 intelligitur
375 4209 407 4266 et
433 4196 576 4274 videtur,
606 4195 694 4264 idem
716 4209 747 4263 et
773 4196 806 4261 in
832 4195 1018 4285 exemplari
1045 4195 1215 4262 credatur.
1244 4199 1281 4262 ttt

44 4277 298 4372 ‘lttuadmodum
331 4285 364 4352 in
396 4287 486 4356 bono
520 4287 670 4362 bonum,
707 4298 739 4352 et
773 4285 806 4351 in
844 4282 974 4352 lumine
1008 4284 1148 4361 lumen,
1183 4297 1214 4350 et
1246 4285 1278 4349 in

45 4363 170 4436 ‘'httbus
188 4372 301 4459 ipsum
321 4372 565 4459 pulcritudinis
581 4371 767 4460 exemplar,
787 4395 847 4462 per
865 4388 1020 4442 naturam
1044 4371 1216 4462 propriam
1245 4373 1278 4438 in
