2994 4832
77 254 139 318 tttt.
160 255 177 316 t
384 273 422 318 ne
446 269 620 318 sunnone
644 269 789 316 nncnmr.
818 267 928 316 conos.
1208 253 1248 314 87

75 358 99 422 in
118 355 275 424 certamine
302 356 524 444 relinquetur.
553 355 685 436 Idcirco
712 353 824 422 valere
849 375 907 422 vos
931 363 1073 442 optans,
1104 353 1186 439 quia
1210 354 1293 424 satis

72 443 209 513 fructuose
230 445 375 530 satisque
400 445 584 514 salubriter
607 444 743 512 animae
766 454 897 512 vestrae
914 442 1088 511 Coloniam
1113 441 1293 531 disposue-

71 534 134 610 ritis,
149 533 212 622 ipse
232 532 493 620 qualiscumque
508 545 625 623 pastor
640 531 717 620 ejus
740 531 805 600 hoc
829 531 863 600 in
891 535 957 601 beo
977 551 1202 620 praesumens
1221 530 1293 686 pol·

70 620 156 689 liceor.
184 626 285 690 »Rex
308 622 468 712 protinus
492 633 633 702 metum,
655 642 757 708 quem
781 633 995 709 conceperat,
1024 617 1153 707 pallore
1177 642 1220 687 vu
1239 632 1292 688 tus

69 711 234 792 insinuans,
255 711 287 778 in
320 733 423 798 quem
452 712 515 780 ista
541 710 749 790 dicerentur,
775 709 959 778 vehemens
983 708 1192 798 perquisitor
1214 706 1289 776 fnit.

69 821 81 862 ι
101 803 158 878 los,
172 799 225 880 ait,
243 800 322 870 lvacc
343 813 411 868 tam
431 800 537 868 tristis
560 799 767 888 exspectatio
783 810 909 867 manet.
928 821 947 864 v
963 797 1058 880 Quod
1085 797 1203 883 utique
1225 801 1293 866 Rex

67 886 130 974 ipse,
146 887 289 957 velociter
311 889 440 958 liniens
466 888 582 966 vitam,
610 909 727 956 verum
753 886 859 957 luisse
882 885 1079 956 declaravit.
1108 890 1153 955 Eo
1176 898 1289 954 autem

67 976 132 1042 viam
153 978 317 1046 universae
340 975 458 1046 carnis
482 976 660 1066 ingresse,
687 975 765 1044 lidei
790 989 822 1044 et
847 975 1037 1046 devotionis
1066 974 1190 1044 allecta
1222 995 1289 1042 non

64 1064 155 1134 ninus
174 1063 334 1144 deluncto,
363 1087 470 1152 quarn
495 1065 631 1143 viventi,
658 1086 753 1134 sacer
777 1063 913 1151 praesul
939 1065 1113 1144 assistens,
1129 1063 1286 1152 jejuniis

64 1152 174 1250 vigiliis,
190 1155 397 1224 orationibus
421 1166 454 1222 et
477 1153 714 1243 eleemosynis,
736 1153 978 1240 spiritualibus
997 1151 1154 1221 videlicet
1183 1173 1291 1221 reme-

64 1238 124 1320 dvvs,
145 1243 278 1310 animam
306 1243 445 1312 divinae
468 1242 609 1311 bonitati
631 1240 852 1311 reconciliare
872 1263 940 1311 non
967 1241 1122 1314 cessavit.
1139 1241 1292 1309 instituit

65 1341 201 1414 praeterea
220 1331 405 1402 annualem
435 1331 508 1420 ejus
534 1332 734 1400 memoriam
761 1332 816 1419 agi
842 1330 1009 1411 Coloniae,
1038 1331 1111 1419 ipse
1134 1329 1291 1416 quandiu

65 1417 133 1494 vivit.
150 1441 311 1506 nunquam
341 1420 441 1490 illius
467 1419 659 1509 specialiter
683 1420 875 1488 immemor.
896 1420 976 1508 Ejus
1003 1439 1140 1505 quoque
1164 1417 1288 1499 lilium,

63 1507 183 1576 nominis
211 1521 241 1578 et
263 1509 361 1599 regni
388 1509 594 1588 haeredem,
621 1507 664 1577 ad
690 1508 852 1577 bonorem
890 1508 1030 1596 Imperii
1057 1519 1089 1576 et
1123 1507 1292 1576 Ecclesiae

64 1593 214 1680 proiectum
233 1621 330 1668 susce
360 1599 386 1667 it
410 1595 646 1678 nutriendum,
667 1595 853 1666 multorum
880 1609 1018 1686 propter
1038 1596 1101 1665 boc
1126 1595 1290 1664 invidiam

64 1695 157 1752 contra
175 1707 204 1754 se
224 1621 427 1756 accendens.
450 1685 512 1756 Sed
539 1707 605 1755 non
631 1686 760 1754 destitit
787 1685 822 1754 in
853 1684 1040 1754 laborando
1072 1709 1087 1754 s
1114 1707 1131 1752 e
1158 1683 1292 1754 fructus

66 1771 245 1869 percipiendi,
262 1775 426 1866 regaliter
450 1796 595 1864 puerum
623 1775 789 1856 nutriens,
806 1774 1000 1844 sublimiter
1016 1707 1190 1854 eradens,
1206 1772 1291 1842 adeo

64 1869 92 1954 ut
108 1860 194 1949 ipsius
214 1877 326 1954 postea
353 1863 560 1944 testimonio,
579 1864 630 1932 vir
646 1864 679 1931 in
708 1875 774 1932 toto
792 1883 897 1952 regno
922 1863 1155 1951 profundioris
1181 1861 1290 1930 animi

67 1945 174 2018 illonon
195 1953 417 2022 inveniretur.
436 1953 525 2020 Fecit
548 1964 581 2020 et
605 1953 668 2021 hoc
688 1951 770 2020 olim
789 1951 905 2039 lojada
933 1951 1080 2040 pontifex
1101 1963 1240 2020 sanctus
1256 1951 1290 2018 in

72 2037 139 2130 ltege
154 2043 235 2110 lons:
265 2043 326 2112 sed
357 2062 423 2110 non
445 2039 648 2110 dissimilem
676 2040 837 2110 bonitatis
857 2062 939 2110 suae
957 2040 1227 2118 retributionem,
1254 2050 1293 2108 ut

75 2120 128 2218 vlle,
141 2127 211 2198 sicat
224 2131 277 2200 bic
303 2129 509 2219 prohdolor
528 2142 734 2198 consecutus
749 2142 810 2200 est.
829 2134 965 2206 Verum,
984 2129 1037 2197 bis
1063 2127 1231 2217 sepositis,
1248 2126 1291 2195 ad

75 2221 140 2280 utne
156 2216 210 2304 ejus
229 2220 389 2288 instituta
409 2217 634 2287 describenda
648 2215 777 2306 stylum
805 2229 987 2286 vertamus

93 2301 119 2394 Ιἕ
136 2303 166 2370 S.
186 2311 203 2373 l
220 2309 346 2394 primis
370 2307 596 2376 ordinationis
611 2328 695 2376 suae
711 2303 934 2394 temporibus
953 2325 1144 2393 congruum
1166 2317 1198 2372 ct
1215 2325 1291 2372 vere

72 2383 178 2484 dignun
197 2395 301 2467 officio
327 2417 392 2465 suo
417 2417 505 2483 opus
528 2395 710 2484 arripiens,
735 2394 832 2482 juxta
861 2393 1014 2463 docentis
1038 2392 1187 2482 Apostoli
1219 2414 1292 2461 mo-

67 2488 131 2574 nita:
147 2483 176 2547 ln
193 2488 342 2554 omnibus
368 2485 495 2562 tonora,
514 2507 595 2575 opus
610 2486 666 2572 [oc
689 2485 937 2574 Euangelistoe,
957 2482 1179 2552 ministerium
1197 2493 1292 2550 tunm

65 2568 188 2661 tpplelt.
207 2577 286 2642 Tim.
307 2572 369 2661 ιι),
396 2593 531 2640 omnem
558 2573 783 2662 Episcopatus
804 2570 859 2641 sui
879 2570 1077 2660 parochiam
1105 2571 1291 2659 perlustra·

61 2666 102 2732 vit,
121 2655 256 2754 dominos
279 2661 364 2730 lidei
392 2683 432 2730 ac
459 2681 545 2749 pena
571 2660 674 2730 totius
700 2659 875 2748 religionis
902 2660 1051 2749 ignaros,
1080 2658 1152 2728 solo
1176 2671 1313 2727 autem.

58 2761 167 2840 nomine
187 2750 410 2830 Christianos,
437 2749 588 2818 assiduis
606 2749 922 2839 praedicationibus
946 2748 988 2816 ad
1013 2745 1201 2816 catholicae
1222 2745 1292 2835 pie·

57 2843 116 2927 tatis
129 2835 244 2907 cultum
271 2837 479 2918 informans,
502 2838 648 2906 breviter
664 2851 695 2906 et
715 2849 830 2925 aperte
854 2836 1063 2927 complexus,
1083 2836 1166 2924 quid
1183 2834 1289 2916 credi,

55 2919 118 3000 qnvd
139 2929 273 3012 sperari,
297 2925 424 3014 quidve
448 2925 557 2994 amari
587 2939 751 3016 oporteat.
780 2927 963 3014 Imperavit
987 2919 1064 2994 dein
1092 2926 1291 2994 auctoritate

55 3010 222 3094 pontificali,
254 3017 434 3100 suasitque
469 3015 590 3104 pietate
622 3027 782 3103 paterna,
810 3013 965 3102 singulos
1002 3013 1173 3084 auditores
1208 3014 1291 3082 baec

52 3095 147 3192 eadam
163 3102 250 3174 domi
270 3125 353 3173 suae
376 3103 621 3193 evangelizare,
643 3103 768 3172 bonam
794 3100 864 3170 illis
889 3102 1033 3190 probor
1058 3123 1076 3170 a
1102 3108 1166 3170 beo
1193 3103 1291 3170 vicis·

53 3187 208 3259 situdinem
235 3193 416 3281 pollicens.
444 3197 482 3260 ln
506 3212 750 3278 quoadusque
775 3189 928 3278 profecit,
959 3203 995 3259 ut
1019 3191 1116 3279 pueri
1141 3211 1289 3276 quoque,

53 3283 161 3346 teneros
181 3279 345 3350 infantiae
364 3301 473 3350 annos
497 3279 644 3348 necdum
662 3280 803 3370 egressi,
820 3279 936 3360 fidem,
955 3292 992 3346 nt
1016 3291 1186 3356 asserunt,
1202 3279 1292 3346 beati

51 3363 177 3436 lunonis
199 3369 344 3439 invicem
374 3369 563 3448 discerent,
591 3367 735 3437 invicem
765 3368 948 3448 docerent,
975 3379 1008 3435 et
1040 3389 1078 3434 ex
1108 3367 1182 3455 ipsa
1210 3365 1291 3434 boni

52 3451 136 3522 studii
154 3457 361 3537 assiduitate,
382 3457 531 3547 singulis
557 3479 676 3526 eorum
704 3479 779 3526 eam
807 3478 907 3526 mane
932 3455 982 3524 vel
1011 3475 1149 3544 vespere
1175 3475 1291 3522 coram

54 3540 103 3607 lieo
126 3546 371 3631 pronunciandi
396 3547 495 3633 quasi
523 3546 574 3615 lex
596 3545 785 3614 inoleverit.
805 3545 957 3614 Habebat
981 3557 1093 3613 autem
1121 3543 1184 3612 boc
1209 3543 1292 3610 insi·

52 3647 102 3712 gne
127 3635 320 3705 meritorum
350 3657 492 3704 suorum
524 3634 616 3725 apud
643 3633 800 3703 homines
829 3634 1017 3712 indicium,
1044 3631 1134 3719 quod
1160 3632 1293 3718 quotics

18 3773 19 3776 ,
53 3719 285 3810 praedicaturus
309 3724 344 3792 in
372 3723 548 3812 publicum
583 3724 827 3813 processisset,
855 3723 958 3791 tantis
993 3721 1106 3791 subito
1130 3720 1293 3808 lacrymis

54 3808 220 3894 inmaduit,
235 3824 273 3882 ut
289 3811 445 3882 omnium
471 3811 575 3881 corda
599 3810 641 3882 ad
669 3809 922 3881 miserationem
943 3811 1193 3880 commovisset.
1208 3815 1292 3876 Tum

18 3955 19 3988 ,
54 3893 205 3990 melliflua,
223 3912 255 3970 et
276 3901 541 3990 compunctione
566 3900 667 3989 plena
696 3899 798 3968 verba
823 3898 1047 3987 profundere,
1074 3898 1291 3968 clementiam

18 3995 20 4044 t
55 3980 306 4077 lterproponere,
321 3989 491 4078 justitiam
517 4010 585 4058 non
604 4002 732 4067 tacerc;
755 3988 882 4058 hortari
900 3987 1018 4066 bonos,
1039 4000 1076 4056 ut
1092 3987 1134 4056 ad
1151 3985 1293 4056 meliora

56 4071 249 4158 prolicerent;
281 4076 402 4150 malos.
428 4091 467 4147 ut
490 4077 530 4146 ad
559 4087 749 4167 perpetrata
774 4088 965 4156 cessarent,
992 4096 1111 4144 omnes
1134 4075 1169 4142 in
1199 4094 1293 4142 com-

57 4173 150 4243 nune,
167 4177 203 4234 ut
224 4189 261 4236 se
284 4185 360 4236 reos
387 4165 587 4246 clamarent,
609 4187 649 4234 ac
669 4187 730 4253 pro
755 4165 859 4234 totius
884 4163 1005 4232 mundi
1032 4160 1293 4232 necessitatibus

58 4262 244 4341 drumonem
277 4253 461 4323 Dominum
492 4255 702 4323 invocarent.
735 4254 818 4336 Quis
845 4273 999 4338 unquam
1026 4250 1076 4318 vel
1102 4251 1193 4320 saxei
1217 4268 1295 4344 cov-

59 4328 98 4402 dn
118 4343 279 4412 lunonem
312 4342 346 4410 in
380 4340 522 4412 ecclesia
547 4342 742 4429 loquentem
773 4339 930 4420 audiens
958 4361 976 4408 a
1002 4338 1163 4428 lacrymis
1188 4334 1297 4404 valnvt
