2920 4810
23 281 94 346 lot.
117 282 156 344 tn
390 301 652 357 uunrvnouooruu
684 299 901 350 ruuusrnaruu
1148 280 1251 347 4005*

25 395 109 456 parum
129 379 393 442 submurmurans.
417 380 567 444 Conversa
579 399 630 442 au·
659 385 797 443 continet
810 384 950 443 emnia.»
978 381 1058 442 llaeo
1073 397 1143 442 eum
1159 383 1297 456 duxisset,

25 468 67 520 tarn
80 461 112 520 ad
127 475 186 531 me,
200 460 287 521 dicit:
311 461 423 536 «Deus,
439 461 573 534 obomo,
586 463 629 523 tui
659 469 690 523 et
705 477 814 523 manus
836 463 867 522 in
883 461 1003 525 eoelum
1025 461 1207 532 sustulisset,
1231 464 1298 539 egit

22 539 192 600 misereatur:
213 540 263 600 sed
280 556 413 618 quanam
428 542 465 604 de
477 557 564 604 eausa
580 555 631 604 ve·
659 544 783 618 gratias.
805 539 883 602 Corn
904 550 1009 603 autem
1032 555 1140 618 parum
1155 541 1297 602 interrui-

22 618 76 677 nisti
96 619 129 688 ad
151 618 226 680 bano
256 621 480 683 solitudinem?
509 627 541 684 et
571 637 630 700 quo
658 622 770 694 sisset,
793 622 937 700 quoniam
968 620 1089 683 videbat
1110 635 1161 682 me
1183 625 1299 682 terram

20 713 79 774 opus
92 696 210 772 babens,
222 701 332 761 venisti
343 701 380 762 ad
396 699 541 776 insulam,
552 717 630 779 quae
660 702 784 764 taeitum
807 704 992 775 intuentem,
1014 707 1046 762 et
1061 716 1118 762 nen
1131 699 1298 762 audentem

19 778 126 839 minine
148 778 325 842 habitatur?
345 781 396 842 sed
423 782 573 858 quoniam
602 785 630 840 te
658 780 779 858 quidem
802 796 870 843 eam
899 781 969 842 lixis
997 781 1152 858 adspicere
1178 779 1297 852 onmis,

17 857 104 916 divina
126 857 182 918 bue
201 857 329 921 deduxit
351 860 500 932 voluntas,
523 875 628 933 meae,
658 861 732 922 dlnlt
759 875 868 922 rursus
890 861 1053 940 incipiens:
1083 857 1298 936 «Resquidem

19 945 44 994 ut
56 937 194 1010 existimo,
209 939 307 1015 gratia
322 939 514 1013 humilitatis,
530 940 567 1000 de
582 954 631 1000 me
659 954 744 1002 meae
757 941 1019 1016 quemadmodum
1030 955 1062 1000 se
1074 939 1217 1010 habeant,
1230 953 1299 999 nar-

19 1017 143 1077 tenmnia
164 1015 289 1092 dneebo,
311 1025 346 1080 ut
360 1019 526 1081 voluisti.»
555 1017 630 1081 Cum
658 1021 737 1091 ravi,
752 1035 769 1080 n
784 1019 883 1082 homo.
905 1019 977 1080 Peto
998 1025 1113 1091 autem,
1137 1027 1242 1080 utuna
1265 1019 1297 1080 iu

17 1102 161 1156 meantem
174 1113 279 1159 rursus
291 1097 378 1160 numi
391 1100 629 1176 prostravissem,
659 1113 692 1160 re
703 1097 778 1160 mibi
793 1099 974 1176 gratilleeris
985 1105 1111 1178 propter
1120 1098 1295 1160 Dominum.

17 1177 90 1235 rusie
109 1178 204 1253 eoepit
225 1177 331 1255 lnnui;
357 1177 484 1250 ullibi,
507 1178 628 1256 innuit,
657 1177 783 1250 Quando
796 1193 877 1240 anno
891 1181 1029 1258 sequenti
1053 1178 1298 1254 navigaturuses

19 1255 96 1328 [sutria
111 1262 153 1318 est
174 1255 295 1332 Lesbos,
317 1257 492 1336 lletbpmna
509 1257 629 1330 civitas,
660 1273 691 1318 vn
708 1258 786 1319 bauo
808 1257 940 1320 insulam
956 1257 1090 1320 venandi
1113 1258 1202 1318 eausa
1222 1257 1297 1330 (snio

17 1349 109 1396 numen
131 1335 317 1410 Tbeoetiste,
346 1338 426 1398 vitae
453 1337 629 1399 institutum
659 1337 743 1398 enim
766 1344 794 1398 te
809 1339 936 1400 omnino
959 1345 1147 1409 venturum,
1169 1338 1193 1398 si
1216 1335 1297 1398 Deus

18 1413 202 1476 nonaebatus.
219 1415 408 1478 Cumautem
424 1431 519 1478 essem
532 1416 631 1478 adnue
661 1416 759 1494 velit),
777 1424 812 1479 ut
830 1417 861 1478 in
888 1433 959 1480 rase
981 1415 1098 1478 mundo
1120 1416 1197 1478 mibi
1219 1414 1298 1478 aoei-

18 1493 99 1554 iulans
117 1494 218 1558 orbata
242 1496 433 1572 parentibus,
455 1511 471 1557 a
493 1498 631 1572 cognatis
661 1497 723 1573 pias
744 1511 841 1558 unum
863 1513 901 1558 er
917 1499 1106 1559 intemeratis
1121 1495 1211 1557 dunis
1232 1510 1298 1556 eor·

18 1573 630 1652 trualitasumlnmonasteriumvirginum,
660 1577 741 1651 poris
762 1575 884 1638 Domini
906 1577 1000 1639 nostri
1017 1575 1087 1638 lesu
1111 1572 1236 1637 Clrristl.
1250 1575 1296 1636 Er

17 1661 41 1710 et
54 1653 147 1715 rndnta
159 1671 226 1716 sum
240 1655 348 1717 babitu
364 1656 541 1717 monastico.
557 1655 630 1716 Nata
660 1663 720 1731 ndo
733 1657 817 1716 enim
840 1657 917 1718 bane
940 1655 1071 1718 babituri
1086 1655 1296 1726 solitudinem,

18 1747 77 1791 vern
95 1733 241 1797 deremet
258 1743 325 1796 oete
346 1750 453 1808 annos,
476 1735 508 1796 iu
524 1734 632 1797 diebus
661 1734 711 1796 tali
734 1735 815 1797 dono
832 1751 1023 1813 nequaquam
1045 1751 1111 1796 sum
1134 1734 1291 1810 dignata.»

18 1810 203 1889 paschalibus,
226 1815 352 1876 excurri
380 1814 411 1875 in
435 1817 536 1876 visum
565 1829 633 1893 pro·
660 1813 739 1876 Haeo
762 1828 837 1891 ergo
857 1830 928 1876 cum
950 1815 1087 1886 dixisset,
1111 1821 1142 1876 et
1160 1813 1298 1890 jussisset

18 1891 145 1966 pinuuum
160 1895 276 1956 civitati
298 1895 463 1956 salutatura
480 1907 630 1957 sororem.
661 1894 737 1956 nulli
760 1895 922 1972 quiequam
944 1895 983 1956 de
1011 1895 1047 1955 iis
1076 1892 1204 1966 dicere,
1226 1895 1297 1954 oum

18 1967 154 2054 dubitabat
184 1976 271 2037 enim
301 1975 333 2035 in
355 1975 425 2034 vieo
456 1989 527 2035 eum
558 1991 631 2036 enn-
661 1975 835 2052 precatione
857 1990 907 2036 me
928 1974 1043 2036 dimisit
1063 1973 1098 2034 ad
1110 1973 1218 2034 socios.
1233 1971 1298 2049 Ego

15 2064 83 2124 virge.
108 2051 201 2116 Noetu
217 2064 324 2117 autem
344 2057 498 2115 irruentes
517 2054 632 2115 Arabes
660 2059 763 2116 autem
785 2069 836 2114 me
857 2054 962 2116 omnia
992 2053 1189 2128 impleturum
1213 2051 1299 2129 polli-

19 2125 163 2214 lretenses,
186 2147 318 2213 quorum
340 2133 402 2195 dux
423 2141 488 2195 erat
509 2133 560 2194 ille
582 2131 632 2194 Ni·
661 2134 751 2206 oitus,
773 2133 833 2194 abii
857 2132 963 2205 laetus,
985 2132 1064 2211 quod
1093 2131 1174 2194 Deus
1195 2145 1298 2192 meum

19 2213 90 2282 nris,
117 2227 223 2276 ornnes
261 2213 455 2276 abduxerunt
487 2213 631 2292 captivos.
662 2212 816 2291 implesset
843 2211 1052 2285 desiderium,
1074 2211 1155 2290 quod
1180 2225 1230 2272 me
1254 2210 1299 2271 di·

22 2284 249 2355 llunereroeum
265 2307 376 2371 paeana
398 2294 591 2364 cecinissent,
603 2309 632 2354 e·
661 2307 756 2368 gnum
765 2294 1004 2372 censuisset,qui
1018 2292 1108 2354 talem
1122 2292 1298 2352 tnesaurum

23 2367 194 2445 nulgarnut,
222 2381 255 2434 et
279 2374 350 2434 bulo
377 2371 492 2434 insulae
514 2370 634 2449 appule·
661 2387 876 2449 eooseuuerer.
906 2370 1060 2444 Quomodo
1084 2386 1160 2448 ergo
1186 2368 1298 2450 §aneta

21 2455 85 2506 runt.
105 2449 245 2513 Adductis
266 2457 368 2514 autern
394 2453 540 2530 captivis,
561 2467 632 2514 eum
663 2453 738 2513 nribi
759 2451 902 2529 iusserat,
923 2451 1046 2530 quaudo
1067 2466 1150 2514 eram
1166 2465 1238 2511 eum
1252 2464 1299 2510 so-

18 2539 176 2598 puaererent
197 2531 360 2608 pecuniam
374 2538 405 2593 et
416 2533 510 2609 pretia
522 2523 715 2593 statue-'ciis
736 2533 875 2594 exiturus
895 2529 932 2593 nd
954 2529 1108 2592 venandos
1138 2545 1245 2591 nervos
1266 2537 1298 2590 et

18 2613 84 2679 rent,
97 2624 160 2686 ego,
176 2618 297 2689 accepta
318 2613 484 2680 occasione,
508 2618 632 2672 eonten·
661 2627 794 2688 capreas,
817 2627 891 2688 uuas
913 2612 987 2672 haee
1002 2609 1099 2672 insula
1115 2607 1170 2670 alit
1190 2608 1300 2670 multas

18 2685 80 2770 dens
94 2689 121 2749 in
134 2691 262 2767 sylvam,
277 2689 460 2752 cursuleror
476 2691 506 2752 in
523 2690 631 2752 intirna
661 2698 691 2752 et
706 2691 837 2752 oliorum
860 2692 1016 2759 maximas,
1038 2696 1070 2750 et
1093 2689 1158 2749 visu
1180 2696 1209 2748 et
1231 2703 1298 2748 nar·

17 2765 138 2828 insulae:¹
157 2771 239 2832 etde
255 2777 375 2831 caetero
392 2785 452 2832 non
469 2769 571 2830 destiti
586 2769 633 2831 lu·
662 2777 729 2831 ratu
743 2770 946 2832 admirabiles.
969 2769 1044 2830 Nam
1059 2769 1160 2830 nervis
1173 2765 1297 2845 quidem

16 2855 86 2916 aare,
106 2846 199 2910 donee
209 2850 305 2928 petris
319 2856 350 2911 et
364 2849 457 2911 acutis
478 2847 571 2925 lignis
586 2865 634 2927 pe·
661 2856 732 2910 sunt
743 2849 843 2911 colore
856 2849 981 2920 similes,
1004 2852 1100 2909 cervis
1121 2853 1223 2909 autem
1237 2862 1297 2908 ma·

14 2923 55 2980 lrs
69 2927 214 3001 perloravi
231 2937 262 2990 et
275 2926 423 3002 conscidi,
439 2937 471 2990 et
484 2931 633 3005 sanguine
659 2929 741 3006 iores
776 2929 1009 3006 magnitudine:
1044 2933 1090 2988 est
1117 2934 1221 2988 autem
1253 2927 1299 2988 eis

17 3007 114 3066 tarr-nm
135 3007 242 3071 inlesi:
267 3015 298 3070 et
321 3008 571 3070 tandemdeleota
592 3010 633 3069 vi·
661 3024 759 3071 cornu
775 3007 915 3084 longum,
934 3021 1045 3084 nempe
1060 3006 1221 3068 duodecim
1237 3005 1299 3082 pal·

16 3081 108 3158 nnus,
128 3088 223 3149 cecidi
245 3089 463 3150 semimortua:
487 3093 518 3148 et
542 3095 632 3150 totam
663 3103 797 3160 morum,
821 3103 882 3148 non
908 3095 940 3149 ut
961 3101 1136 3158 cervorum,
1154 3093 1298 3148 ornatum

15 3162 121 3235 pridem
143 3175 276 3240 noctem,
298 3183 360 3230 nnn
378 3167 479 3229 lerens
500 3165 633 3228 dolorem
663 3167 755 3231 ramis
775 3175 805 3228 et
825 3167 943 3230 adnotis
973 3165 1213 3245 propaginibus:
1245 3165 1299 3226 sed

16 3240 170 3318 vulnerum,
192 3247 301 3310 acerbe
321 3247 464 3324 transegi.
485 3245 634 3310 llaueau·
664 3254 761 3310 tntum
777 3253 908 3322 rectum,
931 3243 1053 3323 etnuod
1080 3259 1178 3307 unum
1198 3243 1300 3306 solum

17 3323 293 3410 teurleumsoolestos
314 3327 480 3404 praedones
494 3325 633 3388 vidissem
664 3327 754 3390 babet
774 3335 944 3403 porrectum
966 3327 1111 3404 stipitem.
1134 3321 1209 3385 Cum
1224 3337 1300 3399 ergo

18 3411 192 3478 navigantes,
212 3406 340 3472 liberato
353 3421 421 3468 sum
433 3405 471 3469 ab
486 3410 569 3468 omni
585 3406 633 3467 do·
662 3421 770 3479 essem,
794 3409 825 3466 ut
839 3405 1023 3478 dictumest,
1048 3405 1248 3480 navigaturus
1262 3403 1300 3464 ad

16 3475 77 3552 lure,
97 3493 126 3544 et
148 3484 263 3564 repleta
290 3499 360 3548 sum
383 3485 516 3550 murima
537 3485 633 3548 animi
665 3485 869 3557 venationem,
892 3492 1012 3565 accepta
1028 3487 1059 3547 in
1082 3483 1193 3563 pyxide
1216 3488 1300 3560 parte

16 3557 172 3647 voluptate:
205 3573 237 3626 et
276 3581 359 3626 nune
393 3564 456 3640 jam
496 3563 633 3642 triginta·
662 3565 786 3627 divinae
808 3562 1066 3637 CainisDnmini,
1089 3579 1156 3626 eam
1183 3562 1239 3624 tuli
1261 3563 1299 3626 ad

16 3651 137 3718 purnnue
156 3659 255 3706 annos
276 3653 307 3707 et
322 3643 409 3721 paulo
424 3646 490 3722 plus
513 3643 634 3707 binalor
664 3645 793 3708 beatam.
817 3641 893 3706 Cum
916 3647 1067 3708 venissem
1081 3649 1187 3708 autem
1206 3644 1238 3704 in
1254 3643 1303 3703 in·

19 3728 147 3794 lrr'petoo
167 3722 283 3803 lupinis
296 3731 327 3786 et
342 3723 457 3798 barbis,
481 3738 560 3798 uuae
585 3741 635 3785 na·
662 3725 773 3798 sulam,
794 3730 825 3786 et
849 3723 1045 3786 declinassem
1067 3726 1101 3786 iu
1115 3723 1221 3788 aedem
1244 3721 1299 3782 Dei

17 3805 128 3888 suuntur
167 3803 198 3864 in
227 3803 417 3876 solitudine,
455 3803 505 3866 vel
537 3804 636 3880 potius
663 3805 780 3878 llatris,
802 3819 870 3866 eam
892 3819 954 3866 nnn
976 3803 1112 3867 edendi:
1134 3815 1176 3866 an¹
1197 3807 1300 3864 autern

19 3869 59 3935 lieu
84 3881 184 3956 verbo,
216 3882 373 3946 recordata
404 3883 586 3946 divinorum
607 3899 636 3944 e·
663 3886 779 3946 adesset
800 3889 831 3946 et
858 3883 986 3958 lateret,
1008 3883 1157 3962 quoniam
1179 3895 1300 3942 meeum

19 3951 198 4040 laoniarum,
219 3961 299 4041 quod
326 3979 388 4026 non
410 3964 442 4025 in
463 3963 526 4026 solo
557 3979 635 4041 pane
663 3963 994 4041 ascenderantquidam
1009 3963 1156 4036 exsneris;
1171 3975 1211 4022 an
1227 3973 1301 4021 veru

20 4043 88 4096 uret
120 4039 237 4116 bomo,
269 4042 320 4104 sed
355 4047 388 4105 in
420 4043 505 4104 omni
540 4047 636 4106 verbo
663 4043 790 4117 abesset,
813 4045 924 4114 neseio,
948 4042 1006 4104 boo
1022 4042 1228 4112 tantumsoio‚
1249 4054 1300 4100 me

19 4114 85 4183 diod
105 4121 306 4194 proficiscitur
328 4137 379 4200 per
400 4139 434 4184 os
461 4121 526 4184 Dei.
550 4121 636 4184 Nuda
664 4139 729 4184 eam
747 4137 808 4184 rrnn
837 4121 1014 4184 offendisse:
1033 4120 1132 4196 Atque
1159 4119 1210 4178 alii
1235 4121 1301 4196 qul·

18 4199 106 4256 autem
126 4202 218 4276 erasi,
238 4202 397 4266 contractis
418 4203 494 4264 mibi
517 4202 636 4278 pennis,
663 4202 733 4263 dem
751 4203 874 4281 preteeti
892 4198 1133 4278 suntinsylvam
1145 4199 1298 4259 venaturi:

17 4283 75 4332 tuto
86 4277 192 4351 quibus
213 4280 339 4345 abducta
361 4297 428 4346 sum
444 4282 572 4357 captiva.
588 4282 637 4342 In·
664 4297 722 4359 ego
737 4289 839 4344 autern
852 4281 929 4343 elam
945 4293 1087 4342 reversus
1100 4291 1166 4338 sunu
1179 4277 1211 4336 in
1224 4283 1301 4338 tenr-

17 4345 82 4412 dunr
98 4367 207 4420 vernet
220 4370 303 4438 tegor
317 4379 411 4426 uranu
433 4361 637 4440 divinatione
667 4363 763 4440 plum,
784 4369 815 4423 et
831 4363 967 4440 protinus
988 4362 1174 4422 sacrosancta
1189 4356 1292 4418 mulie·
