2994 4832
65 301 131 364 bet.
154 302 174 365 5
440 319 477 364 nn
501 317 528 364 s.
555 319 632 364 sana
657 319 728 365 aaa.
757 319 795 366 er
820 317 911 366 conr.
1205 301 1261 366 t3t

97 404 203 490 tte.
230 405 317 472 Cum
350 401 439 470 banc
468 423 546 494 ergo
577 402 779 494 speluncam
806 402 994 474 babitasset
1019 425 1167 496 magnus
1192 405 1310 488 Sabas,

65 492 204 578 quoniam
229 513 267 560 ea
295 490 333 558 in
360 511 504 561 ascensu
529 513 689 583 magnam
718 491 866 562 babebat
893 489 1145 575 difficultatem,
1171 496 1312 582 quando

64 580 144 650 rellet
163 579 279 672 egredi
304 591 469 666 aquatum
497 578 589 672 (lons
612 582 704 650 enim
730 581 880 652 distabat
903 583 1157 673 quinquaginta
1186 584 1309 666 stadia,

61 671 108 756 qui
124 670 318 738 nominatur
341 672 577 760 Heptastomos
592 669 635 760 ²⁵),
654 671 697 741 ab
721 670 930 760 eodesuper
953 671 1154 761 appendens
1178 671 1310 756 lunem,

61 760 207 829 sicsuum
225 779 411 830 ascensum
436 771 468 828 et
490 758 694 828 descensum
712 759 823 829 effecit
851 759 1052 831 faciliorem.
1080 766 1162 832 Cum
1190 762 1219 831 is
1252 785 1313 832 au-

61 861 113 916 tem
135 869 245 916 rerum
264 847 538 916 necessariarum
558 847 690 917 nullam
716 848 820 918 aliam
842 871 962 919 curam
989 865 1131 940 gereret,
1159 851 1216 920 sed
1234 873 1314 920 con·

59 949 155 1006 tentus
176 949 265 1006 esset
289 935 419 1017 herbis,
446 958 536 1024 quae
560 937 792 1007 nascebantur
816 951 954 1028 propter
978 939 1194 1029 speluncam,
1225 943 1313 1010 Deus

57 1029 106 1111 qui
128 1025 300 1094 mandarit
325 1023 456 1105 Sabae,
487 1037 525 1095 ut
548 1027 679 1096 subiret
703 1027 926 1114 speluncam,
958 1028 1032 1117 ipse
1056 1050 1095 1096 ea
1119 1048 1207 1115 quae
1237 1050 1314 1119 pro·

58 1114 147 1184 missa
162 1113 308 1195 lucrant,
325 1113 467 1184 deducit
483 1113 524 1183 ad
546 1115 687 1185 exitum.
704 1117 883 1198 Quomodo
896 1117 987 1186 enim
1007 1116 1098 1186 Eliae
1114 1116 1310 1207 prophetae,

58 1204 106 1289 qui
127 1203 202 1273 olim
228 1204 409 1294 ingressus
431 1216 503 1274 erat
527 1217 677 1274 montem
697 1205 868 1288 Sidoniae,
888 1219 921 1275 et
945 1204 1097 1294 seipsum
1123 1205 1313 1276 absconde·

58 1293 116 1362 bat:
140 1294 182 1362 ita
205 1314 298 1362 nunc
318 1313 456 1380 quoque
481 1293 583 1362 mittit
609 1293 652 1362 ad
678 1295 811 1380 justum
840 1316 910 1375 eos,
936 1295 1073 1383 quires
1101 1295 1314 1364 necessarias

58 1395 141 1452 erant
155 1381 420 1472 suppeditaturi,
441 1381 508 1450 nisi
524 1379 615 1469 quod
643 1381 685 1451 ad
712 1382 810 1452 illum
827 1384 965 1470 quidem
984 1405 1140 1453 corvum:
1160 1377 1313 1452 adhunc

57 1485 170 1554 antem,
185 1471 354 1559 quosdam
380 1470 551 1552 homines,
571 1471 649 1541 licet
665 1471 844 1554 barbaros,
873 1473 971 1542 mites
996 1485 1109 1542 tamen
1138 1485 1170 1542 et
1195 1471 1313 1542 mode-

58 1573 150 1640 ratos,
173 1562 282 1648 etqui
311 1559 397 1629 nihil
418 1559 513 1630 aliud
544 1581 651 1647 aeque
675 1561 841 1640 sciebant,
869 1583 908 1631 ac
942 1561 1099 1631 virtutem
1128 1561 1252 1631 habere
1276 1563 1312 1630 in

58 1649 185 1730 bonore,
208 1650 265 1736 qui
287 1648 353 1740 ipsi
378 1670 516 1737 quoque
533 1663 709 1737 tamqnam
730 1650 906 1737 abaliquo
930 1672 1033 1738 quem
1066 1671 1132 1720 non
1151 1650 1313 1720 videbant

59 1737 272 1818 manuducti,
294 1749 386 1807 recta
412 1738 681 1827 perveniuntad
709 1737 924 1827 speluncam:
948 1753 1082 1809 etcum
1110 1761 1170 1830 per
1194 1761 1314 1827 quem-

60 1825 130 1894 dam
146 1824 333 1897 funiculum
351 1827 587 1896 ascendissent
604 1825 646 1895 ad
669 1832 846 1908 Sanctum,
865 1828 924 1897 ubi
945 1827 1106 1898 viderunt
1122 1827 1192 1897 illic
1210 1829 1313 1898 vitam

54 1915 151 2002 ⁴plane
170 1916 397 1998 illaboratam,
416 1928 448 1986 et
476 1914 569 1984 nulla
594 1916 737 1986 omnino
769 1916 981 2006 supellectile
1008 1917 1224 1998 instructam,
1253 1938 1315 1984 nec

67 2003 139 2072 ullis
157 2021 303 2075 ornatam
332 2003 552 2085 utensilibus,
579 2006 738 2075 virtutem
765 2007 849 2076 adeo
872 2007 951 2096 jure
971 2017 1053 2075 sunt
1077 2005 1250 2083 admirati,
1277 2016 1315 2075 ut

71 2093 310 2178 magnilaccrent
328 2093 380 2162 vel
407 2092 501 2163 illius
526 2092 638 2164 solum
664 2094 790 2164 servire
812 2093 1023 2165 ministeriis.
1047 2094 1117 2163 Sibi
1140 2095 1224 2184 ipsis
1240 2093 1316 2180 qui·

71 2177 140 2246 dem
166 2197 238 2251 certe
263 2184 452 2272 imponunt
487 2181 588 2250 veluti
625 2182 816 2253 voluntaria
871 2183 1013 2252 uaedam
1043 2182 1245 2272 vectigalia,
1277 2193 1316 2252 ut

71 2268 160 2335 certis
171 2270 365 2356 quibusdam
383 2269 507 2340 diebus
522 2269 606 2339 illuc
621 2271 807 2348 venientes,
821 2205 864 2340 ad
882 2271 980 2342 illum
999 2272 1158 2342 allerrent
1173 2292 1313 2340 cascum

72 2369 99 2422 et
116 2378 214 2440 panem
228 2373 261 2430 et
277 2359 447 2449 dactylos,
465 2371 497 2428 et
520 2359 549 2430 si
574 2359 655 2446 quid
676 2375 749 2430 erat
769 2360 863 2429 alind
882 2361 924 2430 ad
944 2383 1046 2431 usum
1065 2361 1311 2443 necessarium,

70 2447 128 2514 [teo
143 2446 209 2519 baec
232 2449 408 2539 sapienter
432 2459 630 2518 contexente
652 2463 685 2519 at
709 2449 973 2532 admirabiliter,
991 2462 1030 2519 ut
1046 2449 1153 2519 Sabae
1171 2451 1316 2518 minime

63 2533 197 2608 deessent
221 2539 427 2616 necessaria,
445 2551 478 2606 et
501 2537 555 2618 iis,
571 2538 631 2624 qui
655 2559 693 2608 ea
715 2539 915 2619 allerebant,
933 2561 1093 2630 magnam
1115 2539 1316 2608 conciliaret

60 2629 231 2697 mercedem
250 2647 291 2697 ea
316 2625 559 2715 suppeditatio.
580 2633 684 2713 Atque
701 2628 856 2715 quinque
870 2627 1010 2716 quidem
1030 2649 1140 2698 annos
1161 2627 1209 2696 sio
1229 2627 1315 2696 Saba

56 2718 204 2806 transegit
228 2717 264 2786 in
290 2714 468 2804 spelunca,
496 2715 590 2784 solus
611 2737 689 2788 eum
716 2715 789 2786 solo
816 2721 880 2787 Deo
904 2737 1124 2798 conversano,
1140 2729 1173 2785 et
1196 2716 1315 2786 lruens

55 2801 135 2873 bono
156 2805 279 2893 quietis
304 2827 344 2873 ac
368 2803 507 2874 silentii.
528 2805 653 2886 Quinto
677 2826 755 2874 vero
779 2827 871 2874 anno
891 2806 963 2894 ‚jam
990 2805 1179 2888 desinente,
1207 2803 1313 2876 simul

53 2893 145 2962 etiam
165 2893 341 2964 desierunt
362 2893 394 2960 in
420 2913 499 2962 eum
527 2893 670 2982 maligni
687 2907 776 2962 artes
791 2906 824 2963 et
840 2894 1123 2964 machinationes:
1143 2893 1202 2981 qui
1220 2913 1316 2962 verso

53 2992 138 3070 tergo
161 2984 305 3073 turpiter
328 2979 482 3072 fugiebat
505 3003 583 3050 eum
611 2982 683 3052 suis
708 2981 915 3054 satellitibus
950 2996 982 3053 et
1006 2983 1257 3064 daemonibus,
1284 2993 1317 3050 et

51 3091 108 3138 nec
133 3072 239 3142 virum
266 3071 407 3159 quidem
433 3069 585 3160 amplius
610 3069 736 3141 intueri
761 3085 904 3162 poterat.

88 3161 190 3246 §st
209 3165 293 3230 Cum
317 3173 431 3228 autom
444 3160 518 3248 jam
538 3160 587 3229 sic
611 3173 699 3229 esset
719 3181 862 3230 securus
887 3183 905 3230 a
926 3159 1168 3238 daemonibus,
1196 3179 1258 3226 nec
1283 3158 1315 3226 ei

49 3247 198 3318 molestia
221 3249 403 3318 afferretur
418 3249 461 3317 ab
480 3247 691 3331 bominibus,
735 3249 905 3338 uictisque
922 3264 954 3319 et
970 3247 1097 3320 silentii
1115 3259 1203 3316 esset
1221 3267 1317 3314 ama·

50 3349 97 3403 tor
117 3337 310 3418 vehemens,
326 3347 475 3406 attamen
493 3357 571 3406 oum
593 3358 659 3405 non
678 3269 789 3408 solum
807 3349 987 3425 quaereret
1002 3336 1092 3424 quod
1112 3355 1214 3404 suum
1229 3345 1312 3414 erat,

48 3423 102 3492 sed
129 3427 226 3496 etiam
253 3447 373 3496 curam
399 3438 530 3515 gereret
553 3425 675 3496 salutis
704 3425 877 3508 aliorum,
909 3428 1016 3496 immo
1041 3445 1118 3494 vero
1145 3445 1223 3492 cum
1251 3423 1316 3492 boc

48 3514 147 3582 etiam
170 3516 198 3584 ei
211 3515 375 3605 jussisset
401 3519 500 3594 Deus,
527 3513 620 3584 dedit
640 3536 676 3584 se
701 3514 1007 3594 sollicitudinibus
1025 3525 1058 3583 ct
1082 3511 1236 3604 privatus
1253 3509 1318 3581 luit

48 3602 190 3684 silentio,
221 3625 257 3674 re
293 3604 370 3693 ipsa
393 3602 557 3691 ,implens
586 3602 620 3673 id
656 3603 745 3692 quod
777 3603 907 3674 dietum
946 3602 1055 3674 luerat
1079 3625 1099 3672 a
1125 3599 1314 3690 propbeta:

50 3695 249 3762 taracinam
272 3694 406 3784 qlodios
428 3695 608 3762 vestraein
632 3703 763 3774 aratra,
786 3703 817 3762 et
837 3697 972 3763 lanceas
993 3689 1316 3781 r'nfnlces(lso.11);

46 3778 172 3861 jubens
194 3783 248 3863 iis,
266 3783 328 3868 qui
352 3780 395 3849 ad
421 3779 609 3870 perlectum
639 3781 718 3850 boni
746 3781 901 3851 babitum
927 3792 1165 3938 pervenerant,
1192 3779 1316 3866 etjam

50 3867 163 3937 hostes
178 3869 337 3962 fugarant
354 3891 393 3940 ac
411 3869 646 3959 profligarent,
665 3871 810 3940 transire
823 3869 864 3940 ad
884 3891 923 3939 co
939 3869 1047 3938 endos
1062 3891 1163 3962 agros
1180 3871 1317 3938 animae

51 3956 202 4038 fratrum,
230 3959 375 4028 nimium
402 3958 639 4045 sylvescentem
666 3977 791 4045 eosque
816 3957 1038 4027 mundandos
1062 3973 1094 4028 et
1124 3956 1317 4028 reddendos

52 4045 177 4114 lertiles
193 4047 502 4136 fructus-spiritus.
531 4047 656 4134 Agebat
679 4060 791 4116 autem
824 4061 905 4116 tunc
929 4048 1050 4116 aetatis
1073 4069 1204 4116 annum
1229 4067 1317 4133 qua-

52 4135 278 4225 dragesimum
295 4136 469 4224 quintum.
489 4135 604 4204 Multis
621 4157 697 4205 vero
716 4158 754 4204 ex
782 4134 900 4206 multis
926 4135 1009 4204 locis
1034 4135 1118 4204 illuc
1138 4135 1317 4205 conlluen-

55 4223 154 4305 tibus,
175 4238 204 4293 et
221 4227 364 4294 maxime
380 4225 595 4311 quicumque
618 4246 636 4290 a
662 4225 804 4308 mundo,
824 4237 857 4292 et
873 4223 916 4292 ab
933 4225 1109 4304 omnibus,
1129 4231 1316 4310 quaesunt

55 4312 187 4392 muudi,
211 4313 414 4394 recedentes,
442 4314 477 4382 in
504 4323 620 4380 monte
651 4314 777 4382 versari
801 4311 986 4403 elegerant,
1015 4311 1231 4384 admirabilis
1258 4311 1317 4381 ille

78 4433 86 4452 '
113 4419 291 4493 Επτάστομῡς,
309 4434 398 4474 liabens
414 4431 506 4474 aelticet
521 4433 580 4470 natta
593 4435 677 4479 septem.
