2994 4832
238 307 300 372 126
590 327 628 372 oa
653 325 680 372 s.
707 325 787 371 sana
811 325 883 371 aaa.
911 325 947 371 ar
971 323 1063 370 conr.
1332 304 1422 368 DEC.
1452 308 1471 368 :5

192 409 417 498 acquievisset
433 409 539 478 Sabas
551 409 646 497 (nam
667 421 799 497 praeter
814 408 881 476 alia
898 407 1065 477 didicerat
1079 406 1181 475 etiam
1206 405 1472 492 obedientiam).

192 511 224 566 et
237 519 476 585 quaecumque
492 498 565 586 ipse
584 498 790 577 mandasset,
818 519 854 566 se
875 510 1033 586 prompto
1047 507 1080 564 et
1095 494 1200 565 alacri
1221 493 1338 564 animo
1361 493 1473 564 lactu-

195 609 270 655 rum
291 587 504 675 promisisset
518 585 612 675 (ideo
627 587 732 666 enim,
755 585 878 674 ajebat,
906 586 948 654 ad
976 598 1005 654 te
1028 583 1189 674 confugi,
1218 597 1257 653 ut
1282 605 1342 672 per
1360 597 1394 652 te
1419 605 1474 651 so-

195 675 297 744 lutem
324 674 516 763 assequar),
543 695 622 744 eum
652 675 817 744 continuo
845 674 928 744 illuc
955 673 1056 742 rnittit
1086 673 1127 741 ad
1157 674 1294 742 beatum
1319 672 1474 741 Tbeocti·

194 775 299 842 stum,
320 763 448 851 jubens
474 777 509 832 ut
539 763 615 864 ejus
641 785 799 854 magnam
828 785 945 832 curam
973 775 1115 850 gereret.
1152 760 1290 830 Dicebat
1312 761 1412 830 enim
1439 783 1473 827 se

196 873 310 920 revera
336 851 449 920 videre
468 851 500 919 in
526 873 565 921 eo
596 850 742 920 infusam
766 853 913 940 Spiritus
937 852 1110 941 copiosam
1137 851 1304 950 gratiam,
1331 863 1366 918 et
1391 872 1471 919 euni

194 961 260 1008 non
288 939 395 1009 multo
421 941 596 1026 interjecto
623 954 772 1029 tempore
798 963 860 1009 sua
888 940 997 1030 gloria
1032 961 1106 1010 esse
1136 938 1363 1028 impleturum
1391 941 1473 1007 uni-

195 1051 329 1098 versum
356 1029 471 1098 orbem
499 1043 624 1098 terrae:
653 1051 742 1109 vera,
772 1030 925 1115 inquam,
953 1027 1073 1119 gloria,
1100 1041 1132 1096 et
1155 1049 1243 1116 quae
1273 1027 1417 1097 nullum
1439 1027 1472 1096 fi·

196 1140 273 1186 nem
300 1119 344 1187 sit
364 1116 535 1187 habitura.
562 1123 654 1200 Quae
673 1117 813 1204 quidem
845 1117 945 1186 talem
973 1117 1076 1185 tinem
1102 1129 1183 1186 sunt
1214 1130 1418 1196 consecuta,
1445 1131 1473 1184 et

193 1205 416 1277 ostenderunt
435 1228 509 1275 esse
531 1228 642 1275 veram
662 1205 756 1276 illius
783 1207 1062 1297 praedictionem.
1090 1210 1171 1274 llam
1197 1217 1230 1272 et
1260 1205 1335 1294 ipse
1361 1204 1473 1293 pluri-

196 1317 286 1364 mam
308 1309 435 1384 partem
454 1295 653 1364 solitudinis
676 1295 786 1364 ellecit
812 1295 1056 1375 habitabilem,
1084 1306 1116 1363 et
1146 1297 1291 1362 Lauram
1321 1297 1473 1362 extruxit

196 1383 378 1452 maximam
405 1405 545 1465 earum,
571 1405 659 1471 quae
692 1397 772 1453 sunt
793 1384 826 1452 in
857 1383 1058 1463 Palaestina,
1086 1395 1118 1452 et
1141 1380 1184 1451 ab
1203 1383 1384 1462 omnibus,
1416 1385 1470 1470 qni

195 1474 297 1541 vitam
318 1472 491 1561 elegerant
514 1473 801 1554 anachoreticam,
821 1486 996 1559 tamquam
1029 1486 1143 1561 pastor
1167 1485 1217 1540 est
1240 1470 1398 1560 agnitus.
1427 1475 1473 1540 eis

193 1561 333 1630 allectus
353 1561 469 1652 regula
494 1560 535 1630 ad
559 1563 785 1631 sanctitatem.
812 1567 893 1631 llam
920 1575 952 1630 et
978 1581 1089 1630 mores
1112 1560 1162 1630 eis
1183 1559 1334 1638 tradidit,
1362 1573 1398 1628 et
1430 1561 1473 1629 le-

176 1669 269 1740 rgem
298 1650 473 1739 imposuit,
499 1649 621 1719 doctus
646 1651 688 1719 ab
714 1648 909 1739 Euthymio,
939 1663 972 1719 ot
996 1650 1108 1740 seipso
1135 1661 1235 1719 utens
1265 1649 1469 1738 exemplari.

194 1751 231 1808 ut
263 1737 398 1808 nullum
428 1739 614 1808 imberbem
643 1739 675 1807 in
715 1743 858 1808 Lauram
890 1737 1124 1808 admitterent:
1155 1736 1244 1824 quod
1271 1737 1419 1824 quidem
1444 1753 1473 1806 et

193 1827 286 1918 apud
314 1841 425 1916 patres
440 1841 568 1898 veteres
592 1826 705 1908 tiebat,
732 1840 765 1896 et
787 1826 972 1916 diligenter
995 1828 1037 1896 ab
1064 1826 1132 1896 illis
1156 1827 1419 1896 observabatur.

237 1919 324 2003 ἐϋ.
353 1919 434 1985 Cum
461 1917 615 2006 sicergo
646 1916 786 1985 divinus
822 1917 927 1986 Sabas
952 1915 1071 1984 luisset
1096 1916 1129 1984 in
1169 1915 1256 1984 beati
1285 1916 1470 1986 Theoctisti

195 2017 368 2094 potestate,
387 2005 539 2093 seipsum
559 2017 666 2074 totum
691 2026 774 2093 pure
794 2009 858 2074 beo
883 2004 997 2084 tradit,
1021 2017 1053 2073 et
1073 2016 1162 2073 totus
1183 2005 1217 2072 in
1237 2002 1332 2073 illius
1359 2027 1470 2074 versa·

193 2108 249 2166 tur
272 2092 454 2164 desiderio.
473 2099 554 2164 Cum
570 2105 683 2164 autem
702 2093 803 2163 sciret
817 2115 892 2163 csse
909 2093 1082 2183 duplicem
1103 2094 1157 2161 sui
1174 2093 1468 2176 constitutionem,

193 2205 232 2252 ox
257 2183 385 2259 anima,
414 2183 567 2267 inquam,
594 2195 626 2251 et
642 2203 795 2272 corpore,
817 2181 992 2271 duplicem
1014 2181 1215 2270 excogitavit
1242 2182 1346 2250 etiarn
1375 2203 1469 2250 erer-

192 2272 407 2340 citationem:
436 2291 529 2339 nunc
546 2270 683 2360 quidem
710 2293 852 2360 corpore
877 2270 1050 2350 laborans,
1078 2292 1170 2338 nunc
1187 2281 1301 2338 autem
1328 2271 1464 2348 anima;

191 2373 223 2430 et
242 2381 333 2430 nuno
354 2359 493 2446 quidem
511 2359 584 2430 dies
611 2360 804 2450 transigens
830 2360 862 2428 in
891 2359 1067 2429 laboribus
1091 2358 1255 2448 corporis,
1277 2379 1371 2427 nunc
1393 2381 1471 2427 vero

194 2449 344 2539 integras
363 2461 477 2518 noctes
499 2449 667 2518 insomnis
693 2469 859 2538 peragens
881 2449 914 2516 in
942 2448 1115 2538 precibus.
1134 2453 1230 2517 Nunc
1252 2467 1378 2534 aquam
1400 2471 1471 2536 por·

194 2551 280 2615 tans,
303 2558 395 2606 nunc
412 2536 504 2625 ligna
521 2536 644 2618 ferens,
662 2551 695 2606 et
715 2537 890 2616 omnibus
917 2537 1046 2622 quibus
1073 2537 1181 2604 luerat
1209 2536 1379 2605 creditum
1410 2535 1472 2606 ali·

191 2626 282 2713 quod
306 2625 549 2706 ministerium,
574 2626 747 2697 sustinens
765 2625 902 2694 illorum
921 2625 1146 2715 operationes.
1175 2629 1252 2694 Erat
1271 2625 1364 2694 enim
1388 2647 1469 2695 cum

191 2715 298 2783 animi
320 2713 530 2794 fortitudine,
561 2736 701 2803 procera
724 2735 861 2801 quoque
889 2715 1043 2804 corporis
1069 2713 1319 2800 magnitudine,
1347 2727 1380 2782 et
1413 2715 1472 2783 ad-

193 2801 333 2871 modum
353 2802 525 2873 robnstus.
542 2808 579 2872 Et
596 2804 670 2892 ipse
689 2803 828 2889 quidem
854 2803 941 2872 alias
965 2802 1031 2872 alia
1052 2802 1189 2872 subibat
1211 2802 1417 2882 ministeria,
1440 2819 1471 2871 et

192 2892 303 2980 ipsam
322 2891 424 2960 etiam
452 2890 621 2962 malorum
639 2913 779 2960 curam:
805 2903 837 2961 et
855 2905 934 2961 ante
952 2913 1071 2960 omnes
1088 2891 1226 2978 quidem
1250 2892 1409 2960 veniebat
1426 2892 1469 2960 ad
1495 2951 1496 2964 ,

191 2979 374 3068 synaxim;
410 2993 484 3068 post
513 3001 632 3048 omnes
656 2993 770 3050 autem
796 3002 918 3050 rursus
944 2979 1144 3060 recedebat,
1179 2991 1408 3069 promptoque
1437 2997 1470 3048 et

191 3069 298 3137 alacri
324 3067 440 3136 animo
460 3067 577 3138 divino
602 3070 769 3139 serviebat
805 3069 1007 3138 ministerio:
1031 3083 1063 3138 et
1093 3069 1146 3137 bis
1170 3069 1335 3138 omnibus
1364 3069 1470 3138 veluti
1495 3093 1496 3110 ἢ

191 3179 323 3227 sacram
353 3157 551 3244 imponebat
571 3179 758 3238 summam,
790 3157 1019 3227 obedientiam
1048 3157 1176 3227 scilicet
1203 3170 1236 3226 et
1262 3157 1472 3226 moderatio-

193 3267 282 3316 nem.
310 3246 477 3328 Quocirca
496 3247 558 3316 boc
579 3246 770 3316 mirabatur
794 3247 954 3316 universa
981 3244 1165 3316 multitudo
1190 3245 1469 3321 monachorum.

190 3335 282 3422 quod
303 3347 445 3405 aetatem
473 3346 540 3403 tam
567 3349 718 3405 teneram
745 3335 908 3405 virtutum
934 3347 1071 3404 ornaret
1090 3355 1214 3404 corona
1239 3347 1271 3404 et
1293 3333 1469 3423 perfectio.

191 3429 273 3495 Cum
302 3445 379 3493 vero
402 3445 491 3511 quae
514 3437 565 3494 est
580 3445 621 3493 ex
648 3428 723 3504 beo,
745 3424 865 3493 semita
882 3422 1107 3510 aequabiliter
1125 3437 1158 3492 et
1182 3423 1348 3492 inoffense
1367 3423 1411 3492 ab
1428 3445 1472 3492 eo

189 3513 406 3604 dirigeretur,
432 3533 511 3582 eum
529 3512 645 3602 aliquo
667 3511 767 3582 modo
792 3511 1033 3602 supplantare,
1060 3525 1093 3582 et
1124 3533 1165 3581 ne
1187 3512 1466 3602 progrederetur,

190 3603 308 3673 sistere
325 3601 514 3672 conabatur
540 3601 738 3691 malignus:
764 3600 899 3670 etiamsi
924 3599 982 3670 ille
1005 3621 1082 3671 eum
1114 3600 1230 3671 doloso
1260 3623 1304 3690 ag
1332 3600 1471 3670 rediens
1494 3689 1495 3692 Ἴ

189 3704 221 3760 et
246 3691 434 3770 malitiose,
461 3688 505 3759 ab
535 3711 574 3759 eo
601 3712 722 3760 rursus
751 3703 801 3760 est
827 3689 988 3780 repulsus
1020 3711 1185 3780 generoso
1208 3701 1240 3760 et
1265 3624 1363 3759 vaide
1386 3689 1495 3772 sorti,

188 3781 317 3849 animo.
336 3779 500 3862 Quisnam
524 3791 637 3848 autem
659 3780 723 3849 suit
741 3779 864 3850 modus
881 3779 1117 3850 insidiarum?
1494 3777 1495 3845 i

233 3869 353 3954 §m
381 3873 457 3938 Erat
480 3867 621 3955 quidam
650 3861 842 3938 monachus
866 3888 990 4026 genere
1025 3866 1293 3947 Alexandrinus,
1328 3867 1469 3936 nornine

188 3961 349 4026 loannes.
377 3961 410 4025 ls
430 3957 502 4047 jam
522 3955 577 4026 lon
604 3967 792 4046 otempore
818 3967 982 4026 moestus
998 3956 1183 4026 erat-beato
1206 3955 1407 4034 Theoctisto,
1425 3967 1470 4021 ut

188 4045 220 4114 ei
246 4046 454 4134 permitteret
482 4046 530 4114 ire
558 3979 796 4114 diexandriam
813 4099 820 4125 ,
838 4056 876 4113 ut
894 4059 1034 4132 paterna
1059 4046 1148 4116 bona
1172 4044 1244 4114 illic
1267 4044 1468 4135 disponeret

187 4133 387 4220 (resciverat
415 4135 508 4202 enim
536 4146 692 4223 parentes
718 4132 821 4224 paulo
845 4145 923 4204 ante
952 4155 1026 4204 esse
1056 4133 1244 4223 mortuos).
1277 4139 1382 4223 lttque
1405 4129 1467 4198 ille

188 4221 342 4320 quidem,
359 4233 407 4320 ‘ut
422 4220 565 4320 volebat,
585 4222 763 4303 dimissae,
791 4223 925 4312 petebat
946 4235 983 4292 ut
1007 4235 1146 4293 sanctus
1164 4222 1270 4292 Sabas
1285 4235 1375 4292 esset
1396 4219 1466 4289 sibi

190 4329 305 4378 socrus
331 4321 474 4389 rtmens,
495 4321 532 4379 ut
555 4331 658 4396 quem
679 4311 780 4380 sciret
809 4333 883 4381 esse
911 4333 1115 4398 generosum
1143 4333 1183 4381 ac
1213 4323 1404 4390 strenuum,
1425 4317 1466 4374 et

190 4397 249 4483 qui
267 4407 406 4484 cuperet
419 4409 451 4465 ot
471 4409 582 4486 posset
599 4419 672 4470 esse
699 4400 868 4490 particeps
886 4399 1042 4471 laborum
1060 4399 1218 4472 aliorum.
1246 4405 1329 4471 Cum
1346 4401 1466 4470 beatus
1493 4447 1494 4490 ,
