2932 4812
246 161 277 194 q

12 279 79 340 tEtj.
109 277 143 340 31
187 319 191 326 -
312 296 351 342 nn
376 297 402 342 s.
431 295 606 344 sruvnsrno
630 294 710 342 narn
734 297 771 342 ur
795 293 945 344 concess.
1159 283 1222 346 595

12 381 178 466 inicuique
202 378 347 450 salutem
374 395 534 470 procurat
560 381 738 461 Dominus,
760 381 874 449 volens
892 379 1011 450 sedare
1028 393 1264 472 tempestatem

16 483 22 534 t
46 468 273 540 calamitatem
292 468 347 549 iis,
374 470 489 556 quiin
513 470 626 558 ipsum
652 468 810 551 credunt,
836 482 868 539 et
891 469 1025 538 edicere
1046 483 1085 540 ut
1110 471 1262 541 liberoet

13 557 190 626 onfitenter
205 579 242 626 se
262 569 395 648 gereret
419 559 538 648 pietas,
559 557 649 627 malo
668 557 784 628 ulcere
803 559 879 628 ferit
898 561 1142 646 Imperatorem
1160 583 1179 628 a
1205 582 1264 650 pe-

17 647 91 714 ibus
112 645 154 714 ad
170 658 275 737 caput
290 665 412 733 usque,
439 661 469 716 el
488 645 623 716 maleel
640 647 799 716 allectum
815 660 888 716 erat
903 648 1104 717 universum
1122 670 1261 739 corpus.

12 735 26 802 :t
50 735 142 802 enim
166 757 262 804 sacer
286 736 429 806 morbus
455 736 635 815 incubuit,
662 749 694 804 et
722 737 838 805 lloruit
863 736 956 824 lepra
983 759 1042 825 per
1065 737 1262 807 universam

12 845 139 892 amem.
166 823 336 894 Adversus
359 845 464 910 quam
492 845 601 910 neque
626 823 733 893 valuit
757 847 813 894 ars
838 825 1063 905 medicorum,
1084 847 1146 895 nec
1164 848 1262 916 prac-

13 913 110 1002 tigiae
135 923 167 982 et
196 912 352 1002 magicae
376 925 466 982 artes
497 913 763 982 incantatorum.
792 913 874 1000 Ejus
903 915 993 982 enirn
1019 915 1207 984 curationis
1232 927 1264 984 et

13 1001 146 1069 anitatis
171 1022 267 1090 spem
292 1021 432 1071 omnem
456 1001 675 1088 abjecerant,
702 1015 734 1071 et
759 1002 884 1071 medici
913 1002 1120 1092 indigenae,
1147 1004 1263 1091 etqui

12 1091 87 1158 lucti
108 1088 243 1158 fuerant
266 1111 287 1158 a
310 1089 471 1159 Perside·
486 1095 569 1159 Cum
594 1103 707 1159 autem
733 1092 777 1160 ab
801 1090 850 1160 eis
874 1090 1049 1180 deplorata
1074 1105 1163 1160 esset
1186 1093 1263 1180 ejus

12 1178 134 1258 :uratio‚
155 1177 348 1248 sacerdotes
371 1179 465 1250 Iovis
489 1177 532 1247 ad
556 1200 636 1249 eum
661 1180 830 1249 accedunt
853 1201 892 1248 ex
917 1179 1091 1269 Capitolio,
1111 1181 1264 1251 dicentes

12 1265 77 1342 bre,
90 1279 125 1335 ut
140 1289 207 1335 non
225 1266 325 1336 aliter
340 1276 530 1344 curaretur,
552 1268 616 1336 nisi
633 1267 817 1338 factaesset
832 1269 963 1356 piscina
978 1267 1079 1357 plena
1093 1271 1263 1360 sanguine

16 1353 186 1437 ulantium,
212 1376 321 1441 eoque
336 1355 450 1426 adbuc
474 1355 639 1426 bulliente
658 1368 690 1424 et
715 1356 895 1427 exhalante
914 1357 948 1425 in
969 1358 1043 1446 ipso
1067 1358 1260 1428 lavaretur:

12 1465 56 1512 roc
75 1456 186 1514 autern
215 1444 243 1516 si
271 1443 401 1514 sactum
428 1457 526 1526 esset,
550 1443 620 1514 sore
651 1458 688 1513 ut
716 1447 782 1515 cito
805 1458 996 1524 curaretur,
1029 1457 1101 1515 ete
1130 1447 1263 1537 piscina

12 1533 144 1602 nundus
159 1543 192 1602 et
207 1554 314 1603 sanus
334 1533 450 1603 exiret.

38 1625 152 1706 ξίθ.
180 1626 271 1691 Ilaec
295 1644 375 1692 curn
401 1621 581 1692 execrandi
607 1621 656 1691 illi
681 1635 713 1692 et
737 1623 892 1691 scelerati
910 1621 1102 1692 sacerdotes
1119 1645 1263 1713 sugges-

12 1711 112 1780 issent
132 1712 348 1799 Imperatori,
376 1732 437 1800 per
456 1711 651 1782 universam
683 1711 779 1780 missi
807 1725 888 1780 sunt
917 1733 952 1780 re
980 1712 1103 1792 ionem,
1125 1713 1186 1798 qui
1209 1713 1263 1780 in-

12 1799 98 1866 'antes
120 1797 334 1888 colligerent,
361 1811 393 1870 et
416 1797 543 1869 {errent
567 1800 602 1868 in
627 1799 844 1889 Capitolium.
864 1801 923 1869 llis
940 1734 1074 1880 ablatis,
1099 1800 1172 1888 jam
1189 1799 1262 1868 dies

12 1907 124 1974 tuoque
143 1887 261 1958 caedis
280 1901 352 1958 erat
376 1889 610 1977 praestitutae,
633 1901 665 1957 et
689 1889 722 1956 in
743 1888 945 1976 Capitolium
967 1910 1131 1957 ascensus
1152 1892 1264 1976 Impe-

12 1977 103 2044 atori.
135 1982 175 2045 Et
206 1975 267 2045 illo
296 1975 438 2064 quidem
462 1977 518 2046 die
541 1977 625 2046 abiit
648 1981 838 2064 Imperator
859 1977 900 2045 ad
919 1977 1030 2046 locum
1057 1976 1260 2045 definitum:

12 2077 30 2130 et
42 2067 95 2150 qui
111 2077 209 2136 eraut
225 2066 408 2136 mactaturi
425 2066 583 2147 iurantes,
603 2067 711 2156 parati
728 2079 825 2134 erant
840 2067 881 2134 ad
900 2065 1118 2135 occisionem.
1137 2069 1263 2134 Eorum

12 2167 102 2221 tutem
120 2165 249 2224 matres
266 2175 344 2223 cum
363 2155 565 2244 Imperatori
584 2155 827 2234 occurrissent,
856 2154 1010 2244 lugentes
1030 2167 1062 2222 et
1081 2153 1261 2242 ejulantes,

12 2261 107 2311 :omas
121 2242 305 2325 vellebant,
332 2254 364 2312 et
381 2241 484 2312 iacies
510 2241 705 2330 pulsabant,
731 2255 764 2311 et
787 2265 893 2327 genas
918 2243 1114 2312 lacerabant
1137 2242 1264 2331 ungui-

12 2329 74 2410 bus,
98 2343 273 2418 vestesque
299 2331 551 2420 discerpebant,
578 2343 610 2401 et
629 2332 737 2402 ubera
759 2331 983 2400 ostendebant
1006 2331 1134 2418 quibus
1158 2329 1263 2400 lacta·

12 2419 269 2502 reprimentes,
299 2420 521 2508 molestisque
550 2435 582 2490 et
611 2419 867 2489 miserabilibus
900 2421 1040 2489 vocibus
1073 2419 1263 2508 implebant

12 2510 124 2578 terem:
150 2521 318 2596 erantque
343 2510 396 2591 iis,
424 2509 484 2596 qui
508 2508 680 2588 videbant,
707 2520 950 2598 argumentum
977 2510 1141 2578 moeroris
1157 2521 1190 2576 et
1205 2509 1264 2577 tri-

12 2597 110 2666 stitiae.
138 2598 268 2682 Quidni
292 2598 384 2667 enim
405 2610 529 2678 essent,
556 2620 635 2666 curn
661 2610 774 2667 essent
799 2609 936 2678 matres,
963 2598 1090 2682 quibus
1108 2596 1195 2665 nihil
1213 2607 1263 2666 est

12 2687 101 2776 nagia
120 2687 347 2758 misericors?
370 2691 560 2776 Imperator
582 2699 697 2755 autem
722 2707 801 2755 cum
827 2687 944 2756 fletum
964 2685 1130 2756 audiisset
1145 2698 1178 2756 et
1192 2685 1264 2774 eju-

14 2787 109 2856 atum,
127 2775 260 2865 rogavit
274 2797 332 2846 eos
348 2776 409 2860 qui
424 2774 577 2855 aderant,
603 2795 774 2861 quaenam
799 2788 888 2846 esset
902 2796 1019 2844 eorum
1036 2796 1152 2844 causa.
1171 2779 1263 2844 Post·

12 2881 91 2946 tuam
113 2876 228 2934 autem
253 2863 385 2933 audivit
409 2863 564 2954 lugentes
595 2885 669 2934 esse
698 2874 823 2933 matres
858 2863 1041 2933 infantium
1079 2863 1138 2949 qui
1167 2874 1264 2932 erant

16 2953 226 3032 nterimendi,
254 2973 402 3040 quorum
429 2953 598 3042 sanguine
621 2963 693 3020 erat
717 2950 897 3032 lavandus,
925 2964 957 3021 et
980 2973 1110 3023 usurus
1136 2973 1264 3043 purga-

12 3038 80 3110 ione
105 3041 323 3123 morborum,
350 3041 478 3128 quibus
502 3040 742 3122 detinebatur,
765 3052 940 3130 tamquam
966 3040 1009 3109 ab
1033 3041 1196 3110 ebrietate
1220 3040 1263 3109 ad

12 3147 33 3194 te
54 3152 232 3212 reversus,
266 3142 299 3200 et
323 3141 435 3199 mente
467 3130 582 3217 quieta
605 3140 637 3197 et
661 3128 846 3216 tranquilla
874 3129 1038 3199 effectus:
1072 3151 1089 3194 <t
1116 3129 1264 3199 Actionis

12 3219 139 3302 tardem,
160 3219 287 3307 inquit,
314 3219 473 3308 impietas
496 3229 547 3288 est
569 3216 709 3288 evidens
733 3230 765 3287 et
789 3216 992 3288 manifesta:
1021 3219 1190 3287 Incertum
1212 3230 1263 3286 ast

12 3318 115 3390 autern,
132 3331 176 3380 an
195 3309 225 3378 si
238 3318 453 3388 eventurum,
470 3317 507 3376 ut
524 3305 667 3396 polliciti
683 3318 775 3389 sunt,
801 3306 861 3392 qui
880 3306 946 3376 hoc
961 3306 1109 3394 impium
1127 3306 1262 3376 lacinus

12 3410 250 3485 suggesserunt.
277 3397 372 3480 Quod
394 3396 423 3465 si
439 3396 541 3465 etiam
559 3407 648 3464 esset
667 3395 899 3478 manifestum,
928 3394 1036 3467 satius
1059 3416 1135 3465 esse
1158 3393 1259 3476 duco,

12 3493 37 3548 ut
52 3485 116 3574 lpse
130 3487 243 3578 patiar
260 3484 389 3555 morbis
408 3495 559 3565 vexatus,
581 3506 686 3570 quam
704 3496 751 3553 tot
767 3482 965 3565 infantium,
984 3484 1044 3573 qui
1067 3481 1154 3553 nibil
1181 3481 1263 3553 mali

12 3571 151 3659 lecerunt,
173 3575 290 3646 rolens
306 3573 443 3643 caedem
464 3573 599 3654 faciem,
626 3586 659 3641 et
683 3586 831 3642 matrum
850 3594 966 3642 eorum
992 3572 1119 3643 animis
1135 3571 1266 3642 doloris

13 3655 164 3734 lammam
186 3663 398 3742 accendam,
424 3684 514 3751 quae
530 3682 710 3748 nunquam
738 3662 859 3750 poterit
885 3682 1146 3730 marcescere.»
1171 3666 1262 3730 Ilaec

14 3764 74 3840 tum
90 3752 238 3833 dixisset,
257 3774 414 3822 reversus
430 3763 481 3820 est
507 3752 539 3819 in
559 3751 702 3840 regiam,
729 3763 761 3819 et
776 3747 923 3821 infantes
942 3749 1040 3819 reddi
1060 3751 1165 3840 jussit
1189 3771 1263 3818 ma-

16 3835 120 3920 tnbus;
137 3842 255 3911 statuit
269 3855 397 3922 autem,
415 3855 453 3910 ut
472 3839 661 3927 unicuique
677 3859 796 3909 eorum
819 3838 1065 3926 praeberentur
1081 3839 1259 3927 pecuniae,

18 3933 162 3998 uteorum
181 3929 292 4000 dolori
312 3951 352 4000 ex
372 3949 480 4015 aequo
507 3928 768 4018 respondentem
795 3927 929 3996 afferret
958 3924 1148 4006 laetitiam,
1177 3947 1263 4024 gau-

21 4005 151 4088 dentibus
166 4022 257 4106 quod
276 4040 343 4088 non
361 4017 472 4088 solum
493 4017 584 4088 lilios
610 4017 829 4106 recepissent,
857 4014 915 4084 sed
934 4031 1066 4105 praeter
1086 4035 1144 4084 eos
1159 4026 1262 4082 etiarn

23 4106 204 4190 accepissent
219 4110 401 4197 pecuniam
419 4109 445 4172 ἢ
559 4164 569 4180 κ

57 4189 142 4270 ill.
166 4202 272 4284 Itque
302 4201 490 4285 Imperator
522 4193 663 4282 quidem
699 4195 748 4263 sic
782 4194 888 4262 evasit
919 4193 1055 4277 scelus;
1091 4194 1179 4261 Deus
1198 4212 1263 4291 'au-

23 4279 75 4340 lem
96 4283 119 4350 ei
141 4285 314 4375 duplicem
337 4283 532 4373 procuravit
555 4282 713 4362 salutem,
746 4293 778 4350 et
811 4303 965 4352 summos
989 4279 1032 4349 ad
1056 4300 1135 4348 eum
1159 4290 1262 4350 mrttrt

46 4400 53 4414 ’
66 4400 122 4446 Nerea
131 4419 174 4452 non
182 4411 247 4453 sinat
255 4413 318 4453 Itane
327 4411 486 4454 narrationem
498 4411 558 4453 inter
566 4409 731 4454 commonstra
741 4416 840 4460 prorsus
850 4407 1000 4459 rejiciendam
1010 4413 1070 4450 aare.
