2932 4812
7 285 80 350 ltEt'.
105 285 141 350 3l
359 303 397 348 nu
421 303 449 349 s.
476 298 676 349 aanaarrauo
701 301 900 349 courussoau
1156 285 1218 348 ath

40 389 118 474 §ab
144 385 232 469 Quid
257 407 338 477 ergo
369 408 430 456 nos
456 386 573 455 miseri
597 385 746 466 dicturi,
777 386 860 476 quid
885 383 1008 456 facturi
1040 385 1073 455 in
1107 384 1263 456 districto

5 475 147 544 examine
170 475 340 545 tremendi
360 474 494 546 dudicis
513 495 648 557 sunaus,
668 475 728 563 qui
751 487 783 545 et
807 474 948 546 virtutes
973 496 1040 544 non
1067 474 1259 555 habemus,

5 577 27 632 at
49 577 159 634 tamen
183 564 226 633 de
249 563 451 634 meritorum
475 562 675 634 excellentia
700 575 779 634 ante
802 562 974 634 humanos
998 561 1116 634 oculos
1141 585 1261 652 super-

5 653 135 723 bimus?
152 653 218 736 Qui
245 653 459 723 sanctitatem
485 651 611 724 habere
634 664 713 722 ante
737 653 864 722 interni
880 653 1000 722 arbitri
1024 650 1143 723 oculos
1167 651 1264 722 nullo

5 741 159 812 desiderio
181 742 394 829 quaerimus,
420 753 453 811 et
476 741 667 812 sanctitatis
692 762 816 811 nomen
836 741 930 832 apud
955 741 1109 812 humana
1129 740 1261 827 judicia

5 831 90 899 nobis
112 829 280 901 fallaciter
294 851 465 920 usurpare
482 830 704 920 gaudemus?
727 835 815 914 Quot
837 831 929 900 enim
956 829 1058 900 hodie
1072 830 1260 910 cernimus,

5 919 62 1004 qni,
81 921 110 988 si
126 919 168 990 de
180 919 363 990 virtutibus
380 918 596 989 admirabilis
612 919 721 1008 huJ'us
737 919 799 989 viri
813 919 864 988 vel
881 918 1040 988 ultimam
1058 916 1263 1009 particulam

5 1009 155 1098 attingere
174 1008 375 1098 potuissent,
402 1007 443 1078 ad
469 1006 603 1078 coelum
625 1030 661 1078 se
682 1007 717 1076 iu
743 1007 925 1096 superbiae
949 1007 1114 1078 cornibus
1137 1005 1262 1076 exalta-

5 1109 85 1165 rent:
102 1099 162 1188 qui
178 1097 387 1187 quandoque
403 1096 533 1184 aliquid
553 1096 744 1167 virtuosum
765 1109 963 1187 operantur,
984 1117 1101 1166 verum
1122 1115 1182 1186 per
1199 1095 1263 1164 boc

5 1207 63 1254 riou
82 1187 233 1265 coelum,
265 1184 324 1254 scd
351 1199 474 1256 terram
497 1197 628 1275 petunt.
654 1185 855 1256 allectantes
876 1185 1043 1256 nimirum
1064 1184 1185 1254 laudes
1203 1184 1261 1253 ho-

5 1275 135 1354 rninuur,
154 1275 191 1344 in
206 1275 400 1364 semetipsis
413 1274 584 1363 dissipant
596 1274 731 1346 fructus
744 1273 915 1344 laborum.
932 1279 1085 1360 Cumque
1101 1295 1136 1343 se
1149 1283 1263 1343 osten-

5 1361 72 1432 dere
101 1363 224 1434 alienis
251 1362 362 1433 oculis
393 1374 584 1454 appetunt,
610 1374 689 1433 ante
713 1363 851 1432 divinae
879 1362 1067 1451 majestatis
1097 1362 1262 1432 intuitum

5 1449 154 1521 damnant
177 1472 281 1521 ornue
303 1450 394 1539 quod
420 1463 539 1542 agunt.
567 1456 674 1541 Saepe
692 1451 794 1521 etiam
820 1471 937 1523 sacrae
961 1451 1047 1543 legis
1070 1449 1264 1521 eruditione

5 1551 28 1606 at
44 1539 124 1610 alios
140 1541 330 1621 instruunt,
349 1561 451 1611 omne
465 1540 558 1628 quod
574 1541 739 1621 sentiunt,
760 1539 964 1610 testimoniis
983 1539 1177 1630 attingunt:
1201 1561 1263 1609 nee

5 1639 101 1698 tamen
119 1651 180 1718 per
199 1629 264 1699 hoc
278 1629 382 1699 vitam
400 1629 629 1711 audientium,
650 1629 708 1700 sed
731 1629 888 1720 proprios
912 1628 1043 1700 latores
1067 1641 1260 1716 quaerunt:

5 1717 71 1802 quia
94 1739 154 1788 nec
176 1716 327 1808 prolerre
343 1717 410 1788 alia
428 1718 586 1809 cupiunt,
610 1717 678 1788 nisi
700 1740 790 1807 quae
805 1717 1003 1789 auditorum
1021 1717 1125 1788 corda
1142 1716 1185 1788 ad
1211 1738 1264 1787 re·

5 1807 151 1891 petendas
167 1806 289 1878 laudes
304 1807 493 1887 excutiunt,
515 1827 584 1876 non
602 1819 716 1877 autem
733 1807 776 1876 ad
796 1806 967 1896 lacrymas
992 1805 1150 1877 tendunt.
1169 1810 1263 1875 Mens

5 1895 115 1984 quippe
130 1895 358 1968 exterioribus
382 1907 560 1986 occupata,
580 1895 660 1986 igne
676 1895 786 1964 divini
802 1895 930 1966 amoris
952 1915 1019 1965 non
1040 1894 1147 1965 calet:
1165 1906 1198 1963 et
1213 1892 1262 1962 id·

6 1981 81 2052 eirca
94 1985 133 2054 ad
149 2005 340 2076 supernum
356 1982 566 2056 desiderium
580 1985 798 2055 inllamrnare
811 1984 985 2054 auditores
996 2005 1077 2054 suos
1088 1993 1264 2070 nequeunt

7 2072 102 2148 rerba,
126 2095 217 2161 quae
236 2072 362 2164 frigido
378 2073 481 2144 corde
501 2072 735 2174 proferuntur.
753 2079 867 2159 Neque
883 2074 976 2142 enirn
993 2093 1059 2153 res,
1076 2093 1164 2159 quae
1182 2082 1215 2140 et
1227 2072 1262 2139 in

8 2163 171 2252 semetipsa
196 2184 265 2232 non
291 2163 438 2244 arserit,
469 2162 564 2232 aliud
595 2162 762 2233 accendit.
791 2162 886 2231 Unde
914 2161 951 2231 dt
983 2160 1198 2250 plerumque,
1225 2171 1264 2229 ut

8 2245 248 2346 hypocritarum
271 2249 363 2320 dicta
388 2263 421 2320 et
447 2249 627 2321 audientes
652 2272 721 2321 non
741 2250 912 2331 erudiant,
939 2261 971 2320 et
991 2249 1128 2320 eosdem
1157 2249 1261 2338 ipsos,

10 2355 60 2420 qur
86 2340 279 2428 proferunt,
315 2338 429 2411 elatos·
454 2338 640 2420 laudibus,
673 2339 859 2409 deteriores
891 2338 1047 2408 reddant.
1080 2343 1264 2408 attestante

10 2425 113 2498 etenim
130 2428 248 2508 Paulo,
267 2429 408 2498 scientia
426 2429 536 2517 inflat,
556 2429 706 2498 charitas
725 2428 880 2516 aedificat
902 2429 950 2517 (l.
972 2431 1045 2498 Cor.
1068 2427 1152 2583 vrri)
1179 2430 1262 2494 Cum

9 2533 75 2610 ergo
91 2517 238 2588 charitas
254 2516 428 2588 auditores
445 2515 661 2588 aedificando
678 2537 744 2584 non
764 2517 876 2605 erigit,
894 2515 1037 2586 scientia
1056 2537 1116 2605 pro
1131 2527 1263 2584 erentes

10 2603 142 2674 rodendo
159 2606 333 2697 pervertit.
1164 2655 1168 2664 .

44 2694 117 2776 §b
144 2695 352 2780 Plerumque
376 2693 585 2783 hypocritae,
620 2693 740 2762 lratres
770 2693 848 2771 mei,
880 2715 914 2763 se
939 2692 1147 2762 abstinentia
1176 2690 1263 2762 ailli-

9 2793 91 2864 qunt,
108 2804 209 2853 omne
225 2782 332 2852 robur
347 2784 500 2871 corporis
512 2787 674 2862 atterunt,
692 2797 725 2852 et
739 2783 838 2869 quasi
855 2783 970 2852 earnis
987 2782 1090 2850 vitam
1106 2779 1265 2851 funditus

8 2887 34 2932 rn
57 2891 151 2941 carne
169 2872 321 2942 viventes
343 2871 560 3028 extinguunt,
587 2870 706 2960 sicque
730 2891 791 2971 per
814 2870 1057 2941 abstinentiam
1077 2870 1178 2939 morti
1202 2891 1262 2959 ap-

9 2959 160 3112 propiant,
181 2971 220 3032 ut
237 2981 324 3050 pene
338 2961 434 3118 Ἆυοιί
463 2959 491 3028 ie
508 2959 691 3030 morientes
708 2969 821 3028 vivant
836 2983 844 3024 :
862 2959 919 3028 sed
940 2981 1000 3048 per
1013 2958 1077 3027 hoc
1091 2958 1263 3028 humanos

9 3063 61 3114 ocu
76 3069 110 3116 os
122 3058 338 3136 quaerente
366 3047 558 3118 mirationis
571 3047 717 3138 gloriam
733 3059 906 3139 expetunt,
918 3047 1061 3118 Veritate
1073 3059 1263 3126 attestante,

8 3151 81 3226 quae
95 3137 150 3208 ait:
169 3139 407 3208 amterminum
424 3137 516 3207 enim
530 3139 636 3227 socies
651 3160 742 3219 artas,
753 3148 791 3205 ul
811 3147 999 3228 appareant
1013 3136 1199 3206 hominihus
1212 3138 1265 3226 je·

6 3227 295 3316 paracoleafflattla.
311 3225 366 3316 vr).
393 3231 477 3296 Nam
500 3247 560 3296 ora
584 3223 787 3316 pallescunt,
806 3246 933 3315 corpus
957 3224 1130 3296 debilitate
1154 3224 1264 3311 quati·

12 3318 64 3390 ltt,
82 3326 196 3401 pectus
212 3314 545 3404 interrumpentibus
563 3313 723 3404 suspiriis
741 3326 907 3404 urgetur:
934 3314 992 3383 sed
1014 3313 1102 3383 inter
1122 3312 1204 3382 baec
1221 3312 1265 3381 ab

11 3416 56 3464 ore
75 3403 303 3489 proximorum
322 3425 434 3474 sermo
453 3401 694 3474 admirationis
712 3402 902 3491 quaeritur,
924 3401 1081 3490 nihilque
1096 3423 1157 3489 pro
1172 3413 1264 3470 tanto

13 3479 109 3582 labore
124 3492 231 3575 aliud,
254 3491 322 3563 nisi
342 3492 534 3563 aestimatio
554 3492 708 3562 bumana
733 3491 914 3582 cogitatur.
942 3489 1154 3580 Perpendite,
1181 3488 1264 3559 dile·

13 3577 137 3650 cussini
160 3580 282 3652 fratres
306 3581 399 3662 mei,
432 3602 536 3668 quarn
558 3579 766 3650 miserabilis
795 3579 973 3650 vecordiae
1001 3591 1062 3660 est,
1095 3577 1264 3648 laboriose

15 3679 106 3748 tatere,
124 3681 155 3740 et
170 3672 214 3741 ab
229 3690 286 3740 ore
303 3669 484 3740 hominum
503 3667 667 3740 laudibus
683 3669 817 3740 inhiare
833 3695 840 3736 ι
862 3668 940 3742 lorti
956 3689 1058 3758 opere
1074 3667 1265 3760 praeceptis

15 3750 195 3830 coelestibus
219 3759 395 3840 inservire,
424 3757 483 3828 sed
505 3770 658 3828 terrenae
684 3759 919 3830 retributionis
941 3758 1134 3849 praemium
1159 3778 1266 3844 quae-

17 3855 83 3908 rere.
108 3847 158 3918 Sic
176 3848 268 3919 enim
297 3848 417 3918 beatus
437 3847 484 3917 ait
507 3847 703 3937 Gregorius,
730 3847 791 3934 qui
812 3868 873 3937 pro
902 3846 1026 3918 virtute
1049 3867 1153 3934 quarn
1179 3845 1262 4000 εῗίῑ,

20 3921 186 4006 launacum
202 3936 353 4007 savorem
367 3936 550 4018 desiderat,
568 3957 637 4006 rem
652 3937 771 4026 magni
784 3935 896 4005 meriti
911 3934 971 4005 vili
989 3935 1097 4027 pretio
1110 3955 1193 4006 vena
1209 3953 1264 4031 ern

21 4029 117 4110 portat.
136 4025 228 4096 Unde
252 4025 338 4096 coeli
363 4045 509 4116 regnum
539 4024 661 4096 mereri
688 4025 810 4115 potuit,
830 4023 910 4095 inde
931 4022 1058 4094 lamam
1079 4020 1266 4094 transitoria

22 4099 120 4194 latoris
136 4115 279 4214 quaerit.
299 4119 397 4185 Intus
413 4135 507 4204 ergo,
527 4111 648 4184 fratres
668 4113 748 4196 mei,
770 4114 864 4185 intus
881 4113 1049 4184 servanda
1065 4124 1146 4181 sunt
1161 4110 1262 4190 bona,

23 4203 89 4268 ‘luae
106 4219 257 4290 agimus,
291 4203 321 4272 si
340 4202 383 4271 ab
407 4203 542 4272 interno
563 4201 682 4292 judice
702 4202 809 4272 vicem
836 4203 987 4292 recipere
1015 4199 1122 4270 nostri
1149 4197 1264 4288 operis

24 4291 240 4374 taspectamus.
267 4289 355 4382 Hinc
371 4302 421 4362 est
435 4290 541 4370 enirn,
560 4289 652 4378 quod,
673 4292 707 4360 in
725 4290 907 4381 Evangelio
931 4289 1059 4360 Veritas
1082 4287 1183 4358 dicit:
1203 4291 1265 4357 lle·

26 4377 228 4449 scaataim'ana
253 4389 326 4460 tua,
351 4379 432 4469 quid
457 4380 564 4468 saciat
584 4380 726 4450 deutero
743 4391 814 4459 too,
844 4390 879 4448 at
903 4381 947 4448 sit
970 4381 1180 4468 eleemosyna
1205 4388 1265 4446 tua
