2946 4798
198 285 261 348 tat)
512 301 551 344 aa
576 299 603 346 s.
629 298 751 346 rossan
776 299 825 344 ne.
853 298 890 344 ar
916 297 1070 346 arescas.
1277 280 1352 344 ott.
1373 281 1405 344 27

152 405 366 455 cumeorum
392 383 533 473 vestigia
558 383 750 470 sequimur,
770 403 851 452 cum
877 403 996 453 eorum
1023 395 1208 475 angustam
1239 395 1272 452 et
1298 395 1406 452 arctam

153 475 310 544 semitam
332 471 608 542 sineolleosione
626 484 793 542 tenemus.
823 471 1003 541 Enimvero
1031 475 1065 541 in
1093 473 1265 562 baptismo
1290 477 1407 560 Aposto-

153 564 264 632 lorum
282 561 446 632 ducatum
468 561 575 630 secuti
593 581 727 635 sumus,
747 560 828 647 quia
845 581 905 650 per
920 561 1057 630 eosdem
1077 561 1179 630 lidem
1202 573 1338 631 sanctae
1350 561 1408 628 tri-

153 653 270 722 nitatis
294 651 381 720 inter
405 651 479 740 ipsa
505 649 773 740 regenerationis
798 649 995 719 rudimenta
1012 649 1214 720 didicimus.
1238 651 1307 719 Sub
1328 651 1408 734 cujus

153 741 311 810 videlicet
347 739 479 830 figurae
514 739 699 828 mysterio,
733 737 926 807 sacerdotes
964 739 1173 809 Israeliticae
1205 738 1316 829 plebis
1345 738 1406 807 alirn

36 861 43 876 ·
153 828 363 900 transeundo
386 827 570 896 lordanem
599 825 858 916 praecedebant,
886 840 919 896 et
944 827 1093 917 populus
1118 827 1338 915 sequebatur.
1362 827 1407 896 sed

154 940 221 989 non
241 915 398 987 sullicere
422 916 491 984 illis
514 917 625 985 visum
652 929 713 998 est,
736 917 765 984 si
791 915 1007 986 sacerdotum
1025 916 1267 986 tantummodo
1289 917 1405 1005 vestigia

154 1009 188 1075 in
217 1007 363 1075 transitu
387 1017 632 1093 sequerentur,
662 1005 726 1074 nisi
758 1017 791 1074 et
825 1005 1006 1075 duodecim
1037 1004 1171 1096 lapides
1199 1006 1244 1074 dc
1273 1005 1405 1074 lordonis

153 1097 248 1165 alveo
262 1095 430 1174 tollerent,
453 1106 554 1180 atquc
578 1095 612 1162 in
632 1093 783 1182 Galgalis
808 1116 869 1184 pro
895 1095 1089 1164 testimonio
1116 1107 1295 1184 ponerent.
1321 1097 1403 1182 Elige.

155 1187 263 1270 iuquit
293 1185 456 1252 llomiuus
480 1184 520 1252 ad
547 1190 663 1257 losue,
691 1183 864 1251 duodecim
889 1186 988 1262 uiros,
1016 1186 1168 1274 sinqrrlos
1190 1207 1255 1274 per
1278 1186 1409 1272 sioqolos

154 1275 270 1350 tribua,
290 1283 320 1340 et
343 1276 500 1362 praecipe
523 1275 581 1342 eis.
610 1281 647 1340 ol
671 1275 791 1340 tollant
812 1273 852 1340 do
876 1261 983 1340 medio
1009 1276 1102 1342 alvei
1122 1273 1296 1351 lordonis,
1321 1274 1403 1358 alil¹

152 1373 277 1431 inerant
301 1364 487 1430 sacerdotes
505 1362 615 1450 pedes,
636 1361 807 1428 ‹litoilecim
827 1363 957 1450 lapides
977 1361 1184 1440 durissimos,
1206 1385 1291 1452 quoa
1305 1363 1413 1451 porreta

154 1455 188 1519 in
213 1458 281 1520 loco
306 1461 512 1529 castrorum,
542 1452 599 1518 oli
619 1451 767 1538 fleveritis
791 1453 935 1518 teritorio
960 1451 1023 1518 liae
1046 1461 1139 1520 traete
1162 1451 1280 1538 (losue
1306 1450 1359 1537 rt).
1385 1453 1401 1516 l'

152 1551 356 1610 autemnon
385 1539 513 1619 omnia,
534 1537 611 1607 licet
641 1537 740 1626 plena
767 1537 955 1639 mysteriis,
983 1539 1085 1608 verba
1109 1538 1322 1618 discutiam,
1347 1535 1411 1625 quid

52 1709 57 1720 ,
153 1649 215 1718 per
238 1627 302 1696 hoo
327 1627 452 1698 lactum
472 1627 571 1696 nobis
591 1627 760 1706 innuitur,
780 1627 848 1696 rusi
864 1640 903 1698 ut
918 1639 1098 1728 postquam
1119 1628 1258 1715 mystici
1274 1626 1413 1697 lordonis

153 1719 280 1786 llueota
300 1717 501 1796 transimus
531 1727 711 1805 postquam
737 1715 779 1783 de
805 1714 930 1784 lavacri
951 1714 1113 1786 salutaris
1137 1715 1230 1785 sonte
1252 1715 1412 1804 consurgi-

154 1827 244 1886 mus,
271 1804 478 1876 durissimos
493 1802 675 1874 duodecim
696 1804 724 1872 la
755 1803 839 1886 ides,
868 1803 955 1875 idest
972 1805 1174 1874 firmissima
1190 1806 1411 1895 Apostolorum

153 1893 308 1984 exempla
344 1895 386 1963 ad
426 1894 650 1964 imitationem
687 1827 786 1962 nolis
811 1915 1001 1984 proponere
1033 1893 1262 1964 studeamus?
1291 1891 1415 1982 Lapides
1459 1910 1465 1963 t

153 1984 305 2074 quippe,
333 1983 392 2053 ubi
418 1982 610 2052 sacerdotes
635 1981 738 2071 pedes
763 1983 927 2064 fixerant,
955 1983 990 2051 in
1016 1981 1090 2052 loco
1113 1997 1307 2054 castrorum
1336 1981 1414 2072 poni-

155 2095 252 2153 mus,
279 2073 306 2140 si
334 2072 367 2140 in
394 2071 573 2162 procinctu
610 2069 802 2158 spiritualis
833 2072 1007 2159 nequitiae
1035 2072 1159 2160 positi,
1193 2071 1412 2162 Apostoldron

154 2161 295 2248 vestigia
324 2173 520 2230 constanter
549 2173 581 2228 et
614 2160 759 2229 firmiter
784 2173 974 2230 teneamus.
1009 2166 1091 2230 llam
1113 2161 1211 2249 juxta
1240 2160 1414 2230 Salomonis

156 2249 373 2330 sententiam,
402 2251 467 2333 (lai
487 2251 600 2318 mollis
625 2259 655 2318 el
679 2249 861 2320 dissolutas
890 2260 936 2318 est
969 2251 1003 2318 in
1027 2272 1124 2340 opere
1147 2271 1226 2330 suo,
1253 2253 1362 2339 frater
1382 2260 1413 2318 est

154 2361 217 2408 sao
241 2361 341 2440 opera
366 2339 561 2428 dissipantis
583 2337 696 2427 (Prov.
716 2338 828 2426 xv111);
852 2338 1016 2408 nimirum
1041 2338 1152 2425 quiin
1180 2339 1338 2408 moribus
1361 2337 1416 2408 suls

156 2440 360 2518 praccipites
383 2449 423 2496 ac
449 2425 547 2495 lluidi
573 2439 676 2506 sunt,
706 2448 799 2496 more
824 2449 933 2514 aquae
964 2427 1167 2518 praecipites
1201 2427 1244 2496 ad
1280 2429 1350 2497 ima
1370 2426 1415 2493 de·
1449 2508 1455 2517 Ι

156 2517 280 2586 lluuut.
308 2517 371 2598 Qui
397 2536 475 2585 vero
499 2527 694 2584 constantes
719 2537 757 2584 ac
783 2515 886 2594 firmi,
914 2515 948 2583 io
975 2537 1087 2586 arcem
1113 2515 1269 2602 quotidie
1300 2513 1413 2586 virtutis

155 2617 366 2676 excrescunt.
393 2603 487 2686 Quod
511 2605 675 2672 nimirum
702 2617 734 2674 et
759 2603 843 2673 illud
865 2602 1018 2694 ejusdem
1046 2605 1207 2674 historiae
1237 2605 1415 2696 significare

156 2693 399 2794 perpenditur:
427 2715 505 2762 nam
539 2706 736 2762 transeunte
767 2691 885 2763 eodem
918 2693 1067 2783 populo,
1098 2715 1207 2781 aquae
1238 2696 1416 2785 superiores

156 2797 264 2852 instar
289 2783 414 2852 montis
439 2782 687 2860 intumescunt,
716 2781 893 2850 inferiores
911 2803 989 2852 vero
1009 2783 1042 2850 in
1066 2803 1159 2852 mare
1181 2795 1355 2853 mortuum
1372 2781 1417 2848 de·

156 2870 339 2950 labuntur;
366 2871 449 2957 quia
472 2869 620 2960 prolecto
646 2891 685 2939 ex
707 2871 773 2952 eis,
800 2871 860 2956 qui
885 2871 1121 2960 baptizantur,
1148 2870 1208 2940 alii
1234 2873 1269 2941 in
1296 2881 1417 2960 accepta

156 2959 312 3029 coelestis
328 2959 465 3114 (proriae
482 2959 665 3028 dulcedine
683 2971 910 3049 perseverant,
930 2958 988 3028 alii
1010 2961 1043 3029 in
1067 2972 1285 3050 peccatorum
1307 2957 1418 3029 amari·

157 3047 309 3118 tudinem
354 3048 490 3130 elluere,
510 3047 653 3138 reprobe
673 3047 828 3130 vivendo,
852 3069 918 3117 non
937 3063 1085 3132 cessant,
1105 3062 1137 3118 et
1154 3048 1246 3120 velut
1271 3050 1305 3118 in
1329 3047 1419 3118 maris

157 3137 281 3206 mortui
308 3137 519 3228 salsuginem
545 3152 724 3216 corruam,
751 3137 834 3206 dum
861 3136 1027 3227 sapiendo
1052 3151 1196 3218 terrena,
1225 3160 1287 3229 per
1312 3154 1418 3229 prorae

158 3225 244 3294 vitae
269 3224 411 3294 declivia
438 3225 480 3294 ad
508 3240 649 3318 mprtem
679 3226 834 3294 tendunt.
1461 3286 1467 3330 Ι

200 3317 218 3403 ξ
247 3317 313 3386 M.
341 3319 407 3384 llos
427 3327 540 3384 autem
562 3337 627 3384 non
655 3315 716 3394 sic,
740 3315 969 3395 dilectissimi,
999 3337 1065 3384 nou
1084 3316 1146 3399 sic,
1165 3315 1222 3386 sed
1250 3315 1293 3384 ad
1320 3333 1417 3384 reram

159 3405 363 3493 sapientiam
392 3403 579 3486 tendentes,
601 3405 646 3474 ita
673 3425 733 3494 per
752 3403 805 3472 Dei
825 3403 1097 3474 misericordiam
1120 3403 1153 3472 io
1173 3405 1338 3474 virtutum
1363 3415 1418 3470 stu·
1461 3474 1468 3487 Α

158 3491 304 3562 doamus
332 3492 398 3562 alta
431 3493 616 3583 prolicere,
639 3505 677 3562 ut
702 3493 736 3562 in
763 3492 922 3562 vitiorum
951 3493 1079 3582 pudeat
1107 3493 1306 3582 voraginem
1331 3488 1417 3560 decli·
1462 3491 1468 3581 ξ

158 3603 253 3650 nare.
276 3582 330 3650 Sic
357 3603 615 3670 perseveremus
640 3603 777 3671 semper
800 3581 841 3650 ad
869 3603 1022 3672 superna
1050 3603 1246 3684 properare,
1272 3603 1340 3669 quo
1359 3594 1417 3648 teo·

158 3669 287 3753 dimus,
307 3683 343 3740 ut
359 3670 468 3739 divini
493 3671 622 3740 amoris
646 3670 865 3740 dulcedinem
895 3671 929 3738 in
961 3671 1087 3742 nostris
1107 3670 1237 3762 jugiter
1262 3671 1417 3762 mentibus

134 3781 416 3829 conservemus.
434 3758 532 3830 Illius
559 3760 672 3847 itaque
703 3759 893 3916 sapientiae
918 3758 1115 3830 laboremus
1143 3760 1327 3849 participes
1346 3759 1414 3828 llerr.

158 3871 225 3936 qua
253 3847 374 3918 beatus
401 3853 552 3918 loannes
578 3871 639 3934 per
662 3871 743 3937 amp
761 3849 843 3917 ioris
867 3849 998 3940 gratiae
1022 3848 1203 3918 cumulum
1233 3849 1357 3918 meruit
1375 3846 1416 3911 io-

158 3937 439 4028 comparabiliter
471 3937 651 4007 illustrari.
690 3937 794 4024 Cujus
830 3937 995 4006 nimirum
1035 3936 1218 4028 splendore
1257 3945 1413 4025 concepta.
1468 3987 1469 4024 a

159 4025 294 4096 coelum
320 4026 411 4094 velut
434 4024 550 4113 aquila
570 4037 733 4116 penetrat,
762 4025 808 4094 ita
831 4040 869 4096 ut
885 4038 999 4095 creata
1014 4039 1137 4096 cuncta
1164 4025 1413 4118 transgrediens.
1468 4031 1469 4088 l

160 4115 200 4184 ad
228 4117 343 4206 ipsum
364 4137 477 4184 rerum
497 4117 654 4185 omnium
675 4114 846 4197 verticem,
861 4115 986 4186 mentis
1003 4115 1291 4206 contemplatione
1309 4111 1415 4206 pertin·

161 4217 229 4358 fiat.
254 4205 375 4285 Nostia,
398 4203 519 4272 iratres
546 4205 610 4273 mei
627 4261 633 4285 ,
653 4205 734 4291 quia
764 4205 797 4272 iu
825 4203 946 4273 mundi
974 4205 1148 4274 nascentis
1172 4205 1314 4294 origine,
1334 4209 1413 4270 tertio

189 4291 218 4356 ie
243 4291 486 4380 germinaverit
511 4303 612 4368 terra.
632 4305 753 4380 quarto
777 4291 863 4362 coeli
883 4291 970 4362 lacta
995 4305 1076 4363 sunt
1097 4293 1295 4373 luminaria,
1313 4289 1414 4379 quinto

164 4377 314 4448 volatilia
345 4392 425 4450 sunt
449 4393 574 4450 creata.
602 4386 713 4464 Quare
739 4394 853 4451 autem
891 4381 926 4450 in
951 4381 1111 4451 creandis
1140 4381 1243 4452 rebus
1267 4382 1318 4450 hic
1344 4372 1412 4446 ordo
