2932 4812
2 253 79 315 oml.
111 251 158 316 30
438 269 476 316 uc
501 269 528 316 s.
555 269 670 318 rursm
694 269 839 317 uxnrrns
1166 255 1229 317 585

3 377 32 423 ac
56 352 213 455 suspiria
241 365 340 422 erant
367 353 492 443 plura,
526 375 631 442 quam
652 353 765 424 verba.
793 354 1055 427 Vincta·autem
1084 369 1156 425 erat
1182 367 1274 426 tanto

2 443 132 512 bomini
157 441 339 523 desiderio,
367 453 405 512 ut
427 443 636 513 existimaret
659 443 735 532 ipsa
758 442 842 512 dum
866 463 958 534 genu
981 443 1153 526 flecteret,
1180 455 1214 514 et
1237 445 1273 514 in

3 531 124 601 iudam
156 543 280 600 terram
305 530 424 620 tigerat
448 531 577 614 oculos,
600 553 637 602 se
661 531 765 622 pedes
790 543 903 602 tenere
924 533 1131 602 servatoris:
1158 545 1191 602 et
1214 554 1273 624 ge-

3 621 96 690 ribus
116 620 215 690 labra
232 619 430 702 admovens,
451 619 546 691 illius
565 641 679 711 genua
695 620 867 708 osculari:
889 631 922 690 et
938 620 1083 710 capillos
1101 621 1269 711 pandens,

2 731 27 780 tc
46 709 228 798 pulverem
253 708 314 794 qui
334 709 456 790 inerat,
476 723 644 779 excutere.
670 713 801 779 Horum
827 731 906 779 vero
929 710 1089 800 cogitatio
1109 710 1139 779 ei
1164 709 1275 779 fontes

2 799 154 868 novabat
180 796 425 885 lacrymarum.
456 801 562 868 Tanto
581 809 696 869 autem
729 797 843 868 studio
867 798 1095 868 contendebat
1118 798 1161 869 ad
1179 799 1271 869 Chri·

2 899 97 969 ctum,
121 898 162 956 ut
179 884 279 956 vellet
298 883 433 965 resolvi,
453 901 486 957 et
504 906 579 955 esse
595 909 676 956 cum
693 887 850 956 Domino.
877 887 1047 970 Quoniam
1068 900 1183 957 autem
1210 910 1271 956 no-

7 978 83 1045 ebat
100 996 137 1045 se
156 975 270 1064 ipsam
287 973 453 1055 occidere,
483 988 516 1044 et
541 996 662 1046 rursus
683 975 888 1064 properabat
913 976 956 1045 ad
984 975 1160 1058 coelestia,
1186 977 1269 1063 quid

3 1067 96 1132 iacit?
119 1063 261 1150 iejunio
278 1085 405 1152 corpus
421 1063 588 1154 paulatim
606 1064 844 1145 consumebat,
868 1066 1016 1135 multum
1045 1065 1087 1134 de
1111 1067 1178 1135 vita
1199 1063 1272 1134 sul-

2 1153 115 1221 l‘urans
132 1152 355 1223 abstinentia.

44 1243 111 1327 ξὸ.
125 1246 233 1311 llanu
249 1253 363 1310 autem
381 1253 500 1330 pectus
518 1241 674 1342 pulsans,
688 1241 817 1322 orabat,
832 1241 967 1314 dicens:
984 1265 1002 1308 «
1021 1243 1163 1328 Domine
1184 1247 1272 1312 lleus

4 1330 227 1419 omnipotens,
246 1341 345 1419 pater
360 1329 530 1420 unigeniti
546 1331 596 1400 tui
612 1330 687 1399 Filii
706 1330 788 1400 lesu
807 1330 944 1412 Christi,
963 1331 1100 1400 Domini
1117 1345 1149 1400 et
1164 1331 1222 1402 Dei
1239 1345 1272 1400 et

3 1421 183 1489 Servatoris
200 1419 322 1499 nostri,
342 1419 402 1506 qui
423 1417 520 1489 sedes
544 1419 579 1487 in
599 1419 720 1489 throno
746 1419 886 1510 gloriae,
908 1420 966 1489 oui
985 1421 1152 1491 assistunt
1177 1417 1272 1488 mille

3 1507 103 1577 millia
123 1507 418 1598 archangelorum
446 1507 731 1589 ministrantium,
757 1519 789 1578 et
808 1507 922 1578 decies
943 1508 1037 1578 mille
1066 1508 1175 1577 millia
1200 1530 1272 1579 ser·

3 1597 159 1666 cientium
172 1608 233 1667 tuo
245 1597 358 1678 nutui,
377 1596 516 1677 Throni,
537 1597 803 1677 hominationes,
824 1597 1054 1686 Principatus,
1073 1602 1269 1667 Potestates:

2 1705 94 1770 quem
109 1684 256 1754 laudant
276 1686 472 1766 Cherubim,
494 1699 526 1755 et
543 1685 738 1775 glorificant
755 1685 947 1775 Seraphim,
967 1697 1017 1756 ter
1032 1699 1189 1756 sanctum
1209 1685 1271 1776 hy-

5 1795 115 1842 mnum
139 1774 218 1844 sine
241 1773 310 1844 fine
337 1773 511 1844 dicentes:
537 1775 598 1861 qui
627 1776 782 1864 spiritus,
814 1775 966 1862 quinon
996 1774 1211 1854 obedierunt,
1234 1777 1269 1844 in

4 1862 109 1931 tartari
128 1861 342 1952 profundum
363 1861 623 1943 condemnasti;
649 1864 710 1951 qui
740 1864 923 1933 draconem
948 1864 1008 1951 qui
1035 1861 1168 1944 defecit,
1196 1862 1271 1933 alli-

6 1952 83 2036 gasti
99 1951 242 2030 catenis,
265 1951 326 2040 qui
347 1952 485 2052 proprio
503 1973 566 2021 suo
585 1952 647 2021 reti
669 1974 748 2022 eum
767 1951 966 2042 implicasti,
985 1952 1046 2039 qui
1063 1953 1139 2040 ejus
1154 1950 1268 2021 sedem

7 2039 35 2104 in
56 2051 176 2109 terram
203 2039 368 2129 dejecisti,
387 2039 447 2129 qui
463 2061 482 2108 a
499 2040 705 2111 coelestibus
724 2042 896 2129 mysteriis
918 2063 998 2111 eum
1019 2040 1266 2120 exterminasti,

8 2127 60 2210 qui
81 2151 98 2197 a
120 2129 222 2198 beata
247 2128 316 2197 vita
335 2149 414 2198 eum
437 2127 606 2208 alienasti,
626 2131 684 2216 qui
707 2129 911 2200 insolentem
929 2130 1006 2218 ejus
1025 2129 1268 2199 exultationem

9 2213 193 2310 depressisti
209 2227 243 2286 et
259 2216 424 2307 abjecisti,
444 2218 505 2303 qui
522 2217 564 2310 de
580 2218 655 2308 ejus
681 2239 806 2308 pompa
824 2239 884 2308 per
899 2219 1126 2308 ignominiam
1153 2218 1270 2288 Crucis

15 2305 239 2393 triumphasti,
269 2306 329 2394 qui
357 2328 395 2374 ex
424 2305 607 2396 impolluto
638 2318 697 2376 tuo
721 2307 802 2376 sinu
826 2312 932 2377 Deum
959 2307 1113 2387 verbum,
1136 2307 1196 2393 qui
1220 2319 1270 2376 est

13 2403 79 2460 ante
92 2394 216 2474 secula,
236 2407 269 2463 et
285 2406 436 2464 servator
452 2394 648 2466 animarum
667 2409 875 2476 nostrarum,
895 2417 934 2465 ex
953 2397 1082 2486 Spiritu
1100 2401 1223 2465 Sancto
1238 2409 1270 2464 et

13 2480 101 2576 llaria
126 2483 261 2574 virgine
287 2495 418 2564 natum,
451 2482 494 2552 ad
521 2505 582 2554 nos
602 2482 750 2564 misisti;
777 2484 836 2570 qui
861 2483 895 2553 id
920 2484 1011 2571 qnod
1036 2485 1183 2565 errabat,
1211 2505 1271 2573 per

12 2589 109 2654 ipsum
126 2571 325 2641 convertisti
342 2594 349 2654 ;
375 2585 407 2642 et
423 2573 515 2659 quod
533 2585 605 2642 erat
624 2572 851 2652 imbecillum,
872 2572 1104 2652 confirmasti;
1127 2585 1159 2641 et
1176 2572 1268 2658 quod

10 2660 192 2743 contritum,
211 2661 365 2741 curasti;
392 2673 423 2730 te
447 2661 568 2731 invoco
587 2681 650 2750 ego
666 2660 809 2731 humilis
828 2675 860 2732 et
877 2662 1048 2751 peccatrix
1064 2661 1191 2730 ancilla
1213 2674 1270 2731 tua

10 2765 41 2812 cx
53 2757 122 2844 'toto
138 2749 243 2818 corde
262 2771 349 2830 meo,
369 2749 428 2836 qui
451 2749 574 2820 novisti
588 2771 677 2837 quae
693 2764 790 2821 erant
807 2750 842 2820 in
859 2750 962 2820 corde
977 2749 1267 2907 uniuscgjusqum

9 2853 58 2929 qur
75 2835 199 2925 ignem,
216 2837 278 2925 qui
290 2838 406 2928 jactus
429 2849 501 2909 erat
519 2840 556 2907 in
582 2839 752 2908 mundum
776 2839 821 2908 ab
838 2839 1017 2930 unigenito
1037 2849 1095 2909 tuo
1128 2838 1210 2920 rlio,
1237 2851 1270 2908 et

12 2941 39 2987 rn
54 2923 152 2994 corde
169 2947 245 2997 meo
262 2927 467 3007 accendisti;
494 2927 555 3014 qui
572 2925 664 3007 lidei,
694 2948 782 3010 quae
800 2929 835 2996 in
855 2949 908 2997 me
932 2940 993 3008 est,
1021 2927 1206 2996 scintillam
1233 2927 1268 2997 in

12 3007 191 3104 lampadem
216 3015 303 3104 ejus,
323 3027 481 3104 quaeest
504 3037 585 3106 erga
606 3028 648 3096 te,
666 3014 860 3086 dilectionis
882 3015 1033 3097 mutasti,
1064 3016 1158 3086 adsis
1184 3016 1269 3086 mihi

13 3097 171 3190 indignae,
191 3117 224 3173 et
241 3125 336 3174 serva
354 3126 420 3186 me,
438 3105 603 3194 quoniam
622 3115 653 3174 te
668 3104 837 3185 desidero,
856 3118 888 3175 et
913 3118 943 3174 te
962 3125 1101 3192 quaero,
1121 3119 1152 3174 et
1173 3117 1203 3175 te
1219 3127 1270 3175 se-

11 3205 83 3270 quor
99 3193 179 3260 totis
192 3193 278 3264 meis
291 3191 434 3264 viribus.
452 3194 603 3274 bomine,
623 3194 762 3284 suscipe
774 3194 1006 3284 precationem
1024 3215 1147 3276 meam,
1163 3215 1269 3283 quam

14 3273 101 3372 ollem
120 3279 181 3348 tibi
205 3280 307 3351 corde
330 3281 475 3352 contrito
498 3293 530 3352 et
554 3282 679 3372 spiritu
696 3282 833 3364 humili,
860 3295 999 3373 propter
1020 3303 1138 3369 quam,
1165 3287 1269 3352 ollo-

14 3381 91 3433 mme
112 3373 196 3438 lesu
210 3369 350 3452 Christe,
369 3370 465 3440 luisti
483 3370 517 3440 in
539 3393 677 3440 crucem
697 3385 806 3452 actus,
828 3385 967 3462 propter
989 3393 1093 3458 quam
1111 3370 1268 3458 colaphis

16 3467 131 3550 caesus,
149 3469 403 3548 propterquam
421 3471 555 3529 acetum
569 3471 602 3529 et
617 3458 660 3529 sel
680 3459 809 3541 bibisti,
832 3474 865 3531 et
888 3462 986 3531 tertio
1002 3460 1059 3530 die
1075 3460 1266 3540 surrexisti,

15 3549 39 3604 et
55 3562 81 3608 m
102 3545 211 3617 coelos
230 3547 426 3628 ascendisti,
447 3563 479 3618 et
495 3548 614 3620 sedisti
630 3571 650 3617 a
666 3548 794 3619 dextris
814 3551 942 3620 Patris:
971 3571 1013 3618 ne
1034 3570 1087 3618 me
1104 3548 1270 3618 dedecore

18 3625 161 3714 alleceris,
181 3655 330 3706 nemea
356 3649 494 3707 tuarum
519 3636 725 3707 ancillarum
751 3659 896 3709 numero
920 3637 1100 3727 rejeceriS,
1131 3638 1189 3708 sed
1215 3637 1269 3707 di·

18 3733 105 3798 gnare
120 3723 260 3794 meliori
276 3723 460 3814 perlectam
476 3725 717 3806 Christianam,
737 3739 769 3795 et
785 3727 1020 3797 consummari
1035 3727 1071 3795 in
1088 3725 1269 3818 signaculo
1286 3767 1289 3772 ·

20 3818 135 3892 sanctae
150 3815 265 3885 Crucis
291 3827 378 3894 tuae,
406 3815 545 3904 imperti
566 3835 621 3884 me
649 3826 708 3885 tua
735 3814 907 3905 passione,
937 3815 1146 3885 voluntatem
1173 3828 1266 3883 tuam

22 3906 47 3954 1ss
63 3915 108 3964 me
122 3920 276 3988 operans,
295 3915 332 3972 ut
353 3903 459 3994 digna
479 3903 614 3984 reddar,
634 3925 723 3991 quae
739 3925 923 3994 appaream
938 3917 1017 3974 ante
1038 3917 1134 3974 tuum
1157 3902 1269 3971 tribu-

23 3977 135 4084 llflblu
151 4010 204 4059 me
227 4003 321 4062 tuam
346 4013 521 4072 conserva;
548 3992 682 4082 conlige
710 4013 730 4062 a
754 3994 874 4063 timore
899 4003 957 4062 tuo
976 4013 1097 4063 carnes
1124 4011 1269 4084 measa

24 4066 137 4144 tullens
160 4079 251 4149 enim
270 4080 338 4150 tuis
357 4081 469 4149 timui.
495 4086 612 4151 lverte
636 4080 754 4152 oculos
771 4103 877 4162 meos,
906 4103 948 4151 ne
973 4081 1109 4152 videant
1138 4079 1268 4148 vanita-

29 4159 89 4232 tem,
105 4163 155 4232 sed
173 4167 287 4255 potius
311 4188 368 4239 eos
398 4169 504 4258 aperi,
529 4191 610 4261 rogo
635 4181 677 4251 te,
709 4181 741 4239 et
767 4171 993 4241 considerabo
1024 4166 1196 4238 mirabilia
1226 4167 1269 4237 de

30 4230 157 4326 leillua.
178 4257 218 4322 ln
242 4268 273 4322 te
297 4255 444 4344 projecta
471 4280 547 4326 sum
570 4257 613 4328 ab
639 4271 737 4328 utero
763 4261 882 4328 matris
907 4279 1013 4327 meae.
1041 4263 1149 4326 Tuas
1179 4260 1268 4327 Deus

32 4341 120 4404 meus;
137 4353 230 4428 pater
248 4363 343 4414 meus
362 4359 394 4416 et
418 4359 527 4416 mater
544 4367 619 4417 mea
643 4347 900 4433 dereliquerunt
925 4369 990 4416 me.
1010 4351 1059 4415 Tu
1084 4345 1268 4435 suscepisti
