2972 4826
58 267 115 332 hrt.
132 269 161 332 ll
431 287 469 334 uu
492 287 520 334 s.
547 287 683 334 usurum
706 287 834 335 seruarc
1160 271 1226 338 259

55 381 148 438 cortem
171 368 324 440 labantur
340 382 371 440 et
385 369 565 442 columnae
581 371 813 451 altitudinem,
836 383 868 440 et
887 370 950 440 loci
976 373 1206 460 asperitatem,
1238 385 1271 442 et

53 391 292 542 quenadmodum
305 457 616 549 ririllegeneresus
628 474 661 530 et
673 457 1166 550 hyemislerebatalgorem‚et
1178 473 1271 532 aeta-

52 544 221 625 tisealorem,
238 558 271 616 et
283 546 393 616 minas
410 547 588 629 imbrium,
604 562 637 619 et
653 549 721 618 vim
741 561 931 630 ventorum,
952 561 986 618 et
1008 570 1145 618 omnem
1164 549 1269 620 aliern

49 636 162 723 eorporis
179 635 397 705 tolerantiam.
417 639 499 706 Dum
518 635 603 706 haec
619 637 790 717 viderunt,
814 637 873 707 alii
889 637 1029 725 quidem
1056 636 1269 727 insipientio-

49 743 92 800 res,
105 723 323 794 existimabant
338 735 494 794 sanctum
522 730 609 796 vana
629 725 739 815 gloria
755 725 957 812 adductum,
986 738 1077 795 tanta
1099 725 1271 796 sustinere

49 813 202 892 :artemium
222 814 338 884 beatus
354 825 467 882 autem
489 814 604 884 Daniel
621 837 689 884 non
718 814 830 884 solum
854 835 894 884 ea
918 813 1076 904 stupebat
1103 827 1137 884 et
1164 815 1271 884 mira·

48 898 123 978 batur,
141 900 304 972 sedetiam
324 901 531 973 incitabatur
546 903 588 972 ad
603 903 841 984 imitationem,
859 916 892 972 et
908 902 990 973 boni
1004 903 1068 972 aeli
1085 903 1268 974 stimulum

46 989 140 1077 aceepit
159 991 281 1060 animo.
307 993 389 1059 Cum
415 1011 515 1072 vere,
542 991 603 1060 ubi
630 991 762 1062 infame
791 989 1012 1070 clamassent,
1038 1013 1188 1081 magnus
1213 991 1272 1061 ille

43 1075 152 1174 desuper
176 1078 407 1236 proinciene
433 1077 575 1150 dixisset
598 1093 754 1168 oportere
788 1080 969 1150 admovere
1007 1080 1141 1161 scalas,
1164 1093 1197 1150 et
1225 1081 1267 1150 ad

41 1187 124 1252 rpsun
147 1189 243 1238 ascen
271 1189 337 1247 ere,
365 1181 446 1238 tunc
472 1167 590 1258 pulcre
614 1168 711 1238 licuit
735 1167 849 1238 videre
875 1169 1072 1240 animorum
1099 1169 1271 1259 probatio-

41 1253 210 1348 neu:alius
233 1255 371 1343 quidem
395 1271 559 1327 causatus
602 1258 704 1326 edum
723 1255 1005 1338 imbecillitatem,
1026 1257 1116 1327 alius
1132 1279 1268 1337 renum,
1348 1295 1351 1300 ·

40 1339 105 1411 alius
117 1357 324 1426 senectutem,
346 1343 436 1414 alius
452 1345 560 1432 aliqui
608 1345 715 1427 aliud,
735 1348 915 1416 recusabat
934 1347 1129 1428 ascendere;
1154 1346 1270 1416 Daniel

40 1451 95 1498 rero
107 1455 172 1502 cum
188 1434 409 1514 cucurrisset,
434 1446 467 1503 et
490 1435 695 1525 magistrum
714 1449 877 1526 rogasset,
896 1447 929 1504 et
944 1436 988 1505 ab
1008 1457 1047 1504 eo
1068 1437 1191 1524 jussus
1217 1457 1270 1505 es-

38 1531 80 1600 set,
94 1521 229 1592 ascendit
255 1535 412 1612 prompto
431 1535 464 1590 et
479 1521 586 1594 alacri
603 1523 731 1606 animo,
753 1536 785 1594 et
802 1545 967 1615 magnum
994 1523 1120 1595 salutat
1140 1525 1271 1594 Simeo-

36 1627 91 1674 nem
111 1631 178 1680 cum
195 1611 322 1701 gaudie
346 1623 379 1680 et
402 1610 640 1682 admiratione.

67 1697 127 1781 il.
158 1703 271 1787 Neque
296 1721 373 1768 vero
395 1698 461 1770 luit
495 1699 551 1770 hic
576 1700 673 1771 labor
703 1701 832 1770 Danieli
862 1700 1007 1783 inutilis,
1042 1713 1075 1770 et
1109 1701 1152 1771 ad
1188 1723 1269 1772 eum

37 1787 167 1868 ascensio;
184 1789 241 1859 sed
261 1788 412 1878 primum
430 1788 570 1875 quidem
588 1789 633 1861 ad.
650 1789 807 1860 virtutem
828 1789 996 1860 excitatur
1010 1801 1043 1859 et
1071 1790 1266 1871 instruitur,

36 1873 203 1947 etredditur
235 1877 474 1948 vehementius
496 1875 573 1965 ejus
606 1877 829 1948 desiderium.
862 1878 989 1948 Deinde
1021 1891 1134 1949 autem
1163 1878 1206 1948 ab
1230 1899 1270 1948 ee

35 1981 148 2059 queque,
168 1980 205 2036 ut
227 1965 416 2055 oportebat,
442 1955 664 2052 consequitur
681 1966 953 2037 benedictionem
980 1989 1103 2037 manus
1128 1967 1269 2066 imposi-

35 2061 109 2132 uene,
123 2068 151 2123 et
164 2054 271 2125 luturi
285 2053 443 2142 ¹suscipit
460 2055 748 2143 praedictionem:
774 2077 853 2125 eum
879 2057 970 2126 euim
995 2055 1126 2126 audivit
1151 2053 1270 2124 drcen-

36 2151 81 2205 tem
95 2141 135 2210 rel
158 2146 305 2215 maxime
331 2141 543 2232 prophetice:
562 2165 580 2210 e
599 2149 676 2214 Esto
693 2141 801 2224 fortis,
828 2143 890 2226 lili,
912 2157 944 2214 et
967 2143 1192 2214 confirmetur
1212 2164 1271 2212 cor
1313 2226 1319 2232 .

37 2235 117 2296 tuum.
134 2233 252 2304 llultos
268 2231 363 2301 eninr
387 2244 419 2300 et
442 2229 601 2302 difficiles
626 2231 758 2304 labores
788 2245 925 2323 prepter
950 2233 1122 2303 Christum
1148 2253 1184 2302 es
1211 2253 1269 2300 su-

38 2331 185 2403 scepturus,
210 2321 275 2408 qui
295 2333 329 2388 et
347 2318 522 2390 sufficiens
537 2320 601 2390 erit
626 2321 684 2390 tibi
706 2321 906 2404 consolatio,
932 2334 965 2391 et
988 2321 1030 2391 ad
1051 2344 1109 2392 eos
1139 2320 1270 2392 fortiter

39 2401 150 2478 terendos
174 2424 272 2480 tuum
303 2407 475 2478 roborabit
498 2411 703 2480 animum.»
734 2409 912 2480 Descendit
936 2432 972 2479 er
996 2431 1016 2480 ο
1044 2411 1159 2480 Daniel
1195 2421 1271 2500 pest

39 2486 239 2568 hancsuavem
259 2519 342 2568 cum
359 2517 399 2566 eo
419 2497 709 2587 congressionem,
735 2511 767 2570 et
793 2521 913 2569 rursus
942 2433 996 2568 aa?
1015 2521 1151 2569 sacrum
1183 2497 1271 2567 redit

36 2589 252 2657 nonasterium.
281 2591 466 2675 Postquam
491 2598 604 2655 autem
631 2587 830 2658 monasterii
854 2587 1060 2658 Praefectum
1083 2587 1125 2656 ad
1151 2608 1187 2656 se
1213 2609 1270 2656 ro-

33 2669 94 2740 earit
112 2678 201 2758 Deus,
221 2675 387 2766 egregius
413 2695 489 2744 vero
514 2674 569 2744 hic
593 2674 721 2758 Daniel,
747 2676 808 2763 qui
825 2677 920 2776 pasci
946 2675 1064 2764 pulcre
1089 2675 1268 2756 didicerat,

32 2759 106 2856 uodo
125 2779 206 2835 recte
222 2785 327 2866 posse
353 2784 490 2852 pascere
522 2763 718 2864 putabatur,
751 2777 783 2834 et
807 2787 838 2833 rr
862 2765 905 2834 ad
930 2764 994 2834 hoc
1020 2764 1220 2835 trahebatur
1251 2786 1271 2833 a

29 2852 355 2944 surscondiscrpulis3
383 2853 456 2942 ipse
472 2873 533 2940 qur
549 2865 681 2942 gratam
707 2853 968 2924 consectabatur
990 2853 1140 2941 quietem
1168 2865 1201 2922 et
1225 2852 1270 2922 si·

29 2929 150 3034 lentium,
165 2957 197 3012 et
213 2943 280 3012 hcc
298 2939 467 3023 ambibat,
485 2954 523 3011 ut
539 2953 627 3010 esset
643 2953 796 3012 remotus
812 2943 855 3012 ab
875 2941 1039 3012 omnibus
1060 2942 1222 3032 negotiis:
1238 2953 1273 3011 ot

27 3041 127 3108 serens,
150 3044 322 3118 quantum
347 3030 512 3118 capessit
539 3028 693 3099 conferre
710 3033 752 3100 ad
783 3030 953 3112 virtutem,
975 3029 1118 3100 minime
1152 3031 1271 3102 statuit

27 3115 132 3185 tedere:
151 3121 207 3190 sed
234 3118 347 3190 alium
366 3117 522 3200 adduxit,
540 3117 706 3204 quiesset
724 3117 919 3188 eisutiliter
969 3116 1177 3188 raeluturus:
1203 3119 1272 3188 sibi

27 3215 110 3274 autern
126 3209 250 3298 optime
277 3204 474 3277 consuluit:
505 3205 787 3288 «benedicens,
817 3205 905 3276 liber
944 3218 1108 3277 actusest
1137 3206 1267 3286 Daniel,

27 3293 127 3363 remini
148 3295 333 3368 obnoxius.
353 3299 438 3365 Ecce
454 3308 601 3386 tempus,
618 3295 710 3382 quod
728 3308 806 3365 ante
825 3295 1039 3366 desiderasti.
1059 3299 1170 3364 Tuum
1189 3315 1272 3384 ergo

26 3395 192 3472 persequere
207 3405 370 3474 scopum,
393 3397 426 3453 et
446 3385 519 3454 riae
536 3383 745 3466 iustitutdm3
764 3397 797 3453 et
811 3383 902 3472 quod
925 3383 1147 3474 proposuisti,
1168 3403 1273 3474 perge

25 3475 125 3556 exequi.
150 3478 268 3546 »Dum
289 3473 441 3560 sicergo
464 3471 581 3542 omnia
606 3472 811 3561 reliquisset,
837 3485 870 3542 et
896 3472 983 3543 nulli
1008 3471 1117 3542 animi
1137 3472 1191 3540 sui
1216 3492 1271 3540 ar-

25 3573 117 3630 eanum
131 3563 336 3653 aperuisset,
363 3559 537 3650 egreditur
557 3560 683 3632 clame
702 3561 920 3642 monasterio,
937 3575 970 3632 et
994 3561 1085 3630 venit
1109 3559 1151 3630 ad
1169 3579 1269 3628 man·

25 3639 92 3741 lram
108 3650 211 3734 illam,
232 3653 267 3722 in
287 3671 360 3737 qua
375 3662 448 3719 erat
465 3650 531 3720 sita
554 3648 716 3720 columna
740 3650 830 3721 beati
848 3650 1031 3720 Simeonis.
1057 3648 1150 3718 Inlra
1177 3647 1271 3716 enim

24 3751 168 3811 circaeam
188 3753 264 3812 erat
280 3737 457 3826 quoddam
475 3739 744 3810 monasterium:
773 3739 806 3808 in
821 3759 891 3826 quo
908 3760 988 3809 cum
1006 3748 1092 3807 tetes
1107 3748 1271 3824 quatuor·

24 3815 102 3896 lecim
118 3828 188 3900 dies
213 3825 453 3928 transegisset,
481 3825 614 3898 volebat
632 3826 769 3896 Simeon
788 3825 961 3898 Danielem
988 3824 1103 3895 adhuc
1120 3825 1213 3914 apud
1235 3845 1274 3924 se

25 3925 126 3986 uenere
142 3918 273 4009 (simile
297 3937 391 3986 curm
410 3915 518 3986 simili
542 3914 757 4004 delectetur);
780 3914 839 3987 ille
862 3929 975 3986 autern
1005 3935 1073 3984 non
1092 3914 1269 3994 sustinuit,

26 4013 76 4070 tun
89 4005 149 4078 elio
169 4017 346 4078 teneretur
365 4003 546 4074 desiderio.
575 4003 795 4074 Desiderabat
808 4004 901 4074 enim
929 4002 1043 4074 videre
1060 4025 1158 4074 sacra
1182 4002 1269 4084 loca,

27 4091 241 4168 retiacensem
266 4092 457 4182 quaerebat
484 4091 727 4164 solitudinem:
755 4091 814 4162 sed
846 4093 952 4174 viam,
983 4113 1073 4181 quae
1096 4091 1204 4182 vergit
1228 4091 1272 4160 ad

29 4172 239 4265 Palaestinam,
279 4180 430 4254 audiens
452 4202 528 4250 esse
551 4179 755 4262 difficilem,
786 4194 819 4252 et
844 4203 949 4282 prope
976 4181 1126 4261 inviam,
1155 4192 1274 4270 utpote

33 4269 89 4342 ltod
103 4271 309 4344 Samaritani
335 4269 423 4340 bello
444 4268 644 4340 invaderent
660 4269 881 4352 Christianos,
909 4291 984 4360 rpse
1009 4291 1076 4338 nen
1095 4268 1207 4338 lerens
1230 4269 1274 4338 de

34 4343 318 4455 httsuo'prorupte
337 4373 369 4432 et
389 4357 495 4432 alacri
514 4359 622 4430 animi
643 4359 757 4430 studio
777 4357 909 4448 aliquid
935 4358 1116 4440 remittere,
1141 4379 1221 4428 cum
1237 4378 1276 4428 se
