2994 4832
650 506 770 606 ulta
808 505 848 605 S.
884 503 1037 606 PETRI

251 743 522 811 COGNOMENTO
547 743 816 815 cuutsototu,
844 741 1095 809 utuuutttuts
1119 735 1413 805 tuuutuutstout

294 979 331 1026 at
356 979 530 1026 arenosum
555 979 649 1026 nunni
674 957 740 1026 tto.
765 965 786 1024 i
808 956 933 1024 ilistor.
961 960 1195 1024 lioucnnatum
1221 971 1377 1020 contueri.

506 1169 600 1226 obus
620 1169 710 1226 ciros
730 1185 857 1226 annum
877 1165 973 1226 450*
994 1197 1034 1208 -
1053 1169 1178 1226 Italus.

1476 1283 1477 1320 l

251 1373 326 1456 §E
367 1373 550 1439 Successor
574 1368 718 1436 ioannis
747 1373 982 1438 Rauennatum
1024 1366 1278 1458 Arcbiepiscopi
1307 1367 1362 1455 qui
1388 1364 1450 1434 uidit

206 1457 372 1548 Angelum
390 1457 435 1540 ⁸,
473 1469 675 1526 numeratur
711 1462 830 1527 Petrus
855 1461 1033 1526 Rauennas
1059 1473 1223 1538 uocatus,
1252 1465 1450 1546 cognomento

207 1545 448 1637 chrysologus,
466 1545 556 1632 quod
582 1565 621 1614 ea
645 1546 747 1615 luerit
775 1546 939 1615 suauitate
966 1547 1146 1626 sermonis,
1177 1559 1214 1614 ut
1240 1567 1378 1615 aureum
1397 1565 1451 1611 ora-

207 1637 310 1707 tionis
326 1637 456 1704 llumen
482 1633 648 1705 funderet.
678 1634 831 1704 Blondus
860 1635 952 1704 ltunc
979 1635 1088 1724 patria
1118 1639 1346 1704 Rauennatem
1369 1631 1450 1700 luisse

207 1725 337 1803 scribit,
356 1737 388 1792 et
413 1724 488 1793 Fori
509 1723 653 1793 Cornelii
680 1725 900 1813 Episcopum,
920 1723 976 1792 sed
997 1723 1127 1793 fallitur
1142 1746 1220 1793 cum
1242 1745 1283 1792 ex
1301 1728 1378 1791 Foro
1393 1725 1451 1790 t'or·

207 1812 300 1895 nelii,
321 1813 380 1882 ubi
406 1827 507 1882 natus
526 1824 608 1893 erat,
632 1813 666 1880 in
693 1812 1250 1900 Archiepiscopum'Rauennatem
1285 1811 1381 1881 fuerit
1399 1809 1452 1876 ele-

206 1913 293 1974 ctus.
321 1907 402 1970 Nam
429 1908 661 1982 Rauennates,
683 1914 721 1970 ut
747 1903 850 1970 moris
875 1914 965 1982 erat,
999 1923 1079 1970 cum
1106 1901 1399 1992 Archiepiscopum
1420 1897 1452 1965 ab

206 1992 447 2072 cisereatum‚
485 1996 628 2060 Romam
659 1992 701 2058 ad
736 1995 880 2080 xystum
918 1994 964 2059 ill
1003 1991 1225 2072 Pontificem,
1267 1991 1328 2078 qui
1362 1987 1450 2057 Coele·

207 2081 296 2150 stino
317 2093 538 2160 successerat,
559 2101 627 2147 una
655 2099 733 2148 cum
756 2079 922 2160 Cornelio,
957 2080 1030 2148 Eori
1056 2078 1201 2148 Cornelii
1222 2081 1386 2170 Episcopo
1407 2075 1453 2142 mi·

206 2170 341 2242 sissent.
366 2181 403 2238 ut
420 2169 684 2238 confirmaretur
695 2167 825 2250 electio,
841 2171 945 2258 xysto
965 2167 1078 2238 ierunt
1100 2191 1159 2260 per
1175 2169 1326 2256 quietem
1344 2173 1451 2260 Petrum

206 2258 402 2328 lostolum
443 2271 542 2344 atque
567 2256 796 2347 Apollinarem
833 2279 867 2326 se
895 2256 1104 2338 ostendisse,
1137 2259 1196 2345 qui
1228 2257 1378 2326 medium
1405 2253 1452 2322 sibi

206 2281 455 2416 atlolescentem
483 2346 667 2426 baberent,
711 2344 1013 2503 praedicaremque
1045 2344 1144 2416 illum
1177 2346 1479 2436 Arcbiepiscopunt,

206 2440 436 2505 Rauennatem
463 2446 663 2504 utcrearct:
691 2457 709 2504 a
752 2435 1008 2505 Rauennatibus
1034 2434 1179 2504 electum
1203 2454 1269 2503 non
1297 2433 1452 2504 confirma·

206 2538 266 2594 ret.
287 2531 501 2613 Quapropter
524 2545 602 2592 cum
624 2523 787 2612 postridie
808 2529 1019 2593 Rauennates
1044 2523 1213 2604 adessent,
1235 2525 1347 2613 primo
1371 2517 1455 2610 rejicit

205 2635 305 2700 quem
327 2613 511 2702 elegerant;
534 2611 632 2701 jubet
651 2611 775 2682 deinde
799 2633 920 2681 omnes
944 2612 984 2680 ad
1012 2633 1048 2680 se
1072 2611 1234 2683 accedere
1252 2613 1315 2700 qui
1335 2611 1400 2680 illic
1418 2627 1454 2672 cs·

206 2714 292 2781 sent,
310 2713 348 2770 ut
371 2723 448 2770 eum
477 2701 779 2791 drobicpisoopum
798 2700 933 2782 laceret,
953 2722 1054 2788 quem
1077 2705 1195 2771 Petrus
1217 2713 1249 2770 et
1274 2696 1457 2793 Apollinaris

207 2801 550 2879 praemonstrassent.
580 2794 642 2860 Sed
661 2811 740 2859 cum
766 2811 804 2858 ex
829 2791 1084 2860 Rauennatibus
1116 2789 1287 2860 neminem
1313 2789 1400 2859 illius
1424 2805 1457 2852 st·

206 2875 321 2976 milem
340 2877 460 2946 luisset
483 2879 713 2966 conspicatus,
735 2879 889 2948 Cornelio
907 2879 1074 2969 Episcopo
1094 2879 1243 2960 mandat,
1264 2879 1314 2948 uti
1340 2897 1414 2947 suos
1433 2873 1457 2938 iu

206 2965 358 3035 medium
385 2965 543 3056 proferat.
571 2967 750 3036 Eminebat
777 2967 864 3037 inter
898 2980 1073 3050 caeteros,
1105 2969 1191 3037 uitae
1219 2967 1457 3037 innocentibus

204 3054 360 3124 doctrina
378 3059 507 3135 Petrus,
528 3055 673 3125 Cornelii
700 3055 881 3126 Diaconus
902 3061 1000 3125 Hune
1025 3077 1103 3126 cum
1135 3056 1230 3126 illius
1256 3057 1401 3126 similem
1417 3073 1458 3119 co-

204 3144 377 3234 gnovisset
400 3149 525 3233 Xystus
542 3167 642 3232 quern
661 3146 694 3212 in
717 3167 837 3214 somno
855 3144 995 3224 uiderat,
1015 3145 1320 3236 Archiepiscopum
1347 3151 1458 3214 Raueu-

204 3234 344 3303 natibus
370 3233 534 3323 praeficit.
567 3233 823 3303 Rauennatibus
846 3247 960 3303 autem
987 3234 1020 3303 id
1045 3257 1145 3326 aegre
1175 3233 1375 3313 ferentibus
1403 3249 1457 3298 rent

203 3343 341 3392 omnem
360 3323 486 3412 aperit:
507 3321 599 3391 unde
616 3323 764 3390 maxima
779 3323 966 3393 reuerentia
982 3327 1071 3413 apud
1086 3345 1206 3392 omnes
1219 3327 1315 3392 Petro
1331 3319 1458 3392 condato

203 3424 264 3482 est.
294 3417 411 3481 Petrus
435 3411 564 3482 inuitus
578 3423 609 3481 ct
634 3433 700 3481 non
719 3412 848 3498 absque
873 3412 1003 3502 ingenti
1023 3413 1174 3482 molestia
1190 3411 1458 3502 Archiepiscopus

202 3499 325 3582 iactus,
345 3506 542 3571 Rauennam
562 3521 730 3582 reuersae,
757 3523 894 3569 summa
919 3499 1146 3591 gratulatione
1170 3501 1213 3570 ab
1237 3499 1457 3592 Valentiniano

202 3591 354 3680 primum
380 3603 412 3658 et
431 3589 526 3660 Galla
545 3588 706 3670 Placidia‚
738 3609 814 3659 mox
839 3589 883 3659 ab
908 3590 1072 3659 omnibus
1102 3590 1359 3659 Rauennatibus
1384 3603 1460 3680 exot-

202 3680 305 3767 pitur.
330 3677 391 3748 Ille
407 3679 450 3748 ab
474 3679 523 3748 eis
541 3678 574 3746 id
591 3700 702 3748 unum
724 3691 836 3766 petere
851 3677 946 3760 dixit,
974 3691 1022 3760 ut,
1045 3678 1184 3766 quando
1210 3690 1341 3749 tantum
1359 3691 1458 3770 oneris

202 3787 264 3856 pro
281 3769 435 3856 ipsorum
461 3767 570 3836 salute
592 3767 708 3836 subire
734 3789 801 3836 non
823 3767 1010 3849 recusauit,
1037 3767 1214 3837 studerent
1239 3769 1304 3858 ipsi
1334 3764 1458 3834 monitis

202 3857 276 3924 suis
299 3855 545 3946 obtemperare:
565 3855 823 3945 praeceptisque
847 3856 975 3926 diuinis
996 3878 1063 3925 nou
1087 3857 1302 3928 obsisterent.

245 3945 321 4031 §t
338 3948 469 4013 interea
487 3943 583 4015 Galla
603 3944 753 4014 Placidia
771 3951 803 4014 S.
818 3947 943 4015 ioanni
962 3946 1131 4035 Baptistae
1151 3945 1322 4036 egregiam
1337 3941 1456 4036 aedem,

197 4031 296 4122 jutta
313 4031 453 4102 domum
473 4055 584 4115 suam,
611 4034 834 4104 extruendam
861 4035 1009 4114 curauit,
1026 4034 1207 4104 uniuersae
1226 4029 1459 4103 aedificationis

202 4121 337 4211 nogotio
364 4120 569 4191 demandato
606 4123 776 4193 Baduario
805 4122 948 4193 Patricio
973 4123 1174 4193 Rauennati.
1201 4129 1238 4192 in
1271 4143 1309 4192 eo
1345 4113 1458 4205 templo

228 4267 241 4293 ·
256 4265 286 4306 Ut
295 4265 390 4306 consui
399 4275 427 4305 ex
436 4265 542 4314 Epistola
551 4267 576 4306 ui
587 4267 674 4308 Leonis
686 4269 761 4316 Pspsa
771 4268 800 4308 sd
810 4268 914 4308 saonam
921 4269 1063 4318 Episcopum
1071 4269 1232 4310 Rauennatem
1240 4265 1374 4317 Chrysologi
1380 4268 1460 4302 succes·

202 4329 285 4358 sorem.
302 4319 449 4367 Quapropter
464 4323 545 4359 emunt
561 4321 602 4369 qni
620 4331 673 4360 eum
690 4318 849 4370 supervixisse
867 4331 943 4372 usquo
959 4323 1085 4364 mannum
1097 4323 1142 4370 502,
1152 4325 1224 4373 atqua
1235 4317 1335 4364 concutio
1346 4321 1460 4358 Romanus

202 4371 340 4421 symm-auo
350 4375 430 4410 coneto
439 4373 580 4426 interfuisse,
588 4377 705 4414 usserunt.

230 4426 255 4452 *¹
269 4424 416 4472 Quapropter
425 4422 464 4464 hic
474 4427 571 4466 Prssuut
582 4428 709 4476 Aspemptes
718 4429 822 4468 uocetur.
