2946 4798
49 295 124 359 MEC.
149 296 192 359 28
408 315 446 360 iiir
471 315 517 360 ss.
546 313 629 370 iuna,
658 312 763 360 nonna
787 311 856 359 nie.
883 315 939 360 iiii.
1203 299 1265 360 525

47 411 74 466 et
88 419 254 485 quaenam
272 397 332 466 illa
360 398 394 466 iii
421 418 478 468 eos
494 396 629 466 fecisset
653 396 833 479 miracula,
851 418 1019 484 quosnam
1042 397 1180 486 quidem
1203 397 1311 468 fontes

48 487 270 576 lacrymarum
297 508 365 556 non
393 489 601 556 moverunt?
637 489 810 568 Quasnam
848 499 961 556 autem
998 507 1095 558 voces
1126 486 1168 555 ad
1203 492 1308 558 Deum

48 597 106 644 uon
131 576 346 646 emiserunt?
371 579 409 644 ln
428 574 598 666 principio
614 574 754 662 quidem
775 587 909 664 raptum
930 575 1073 664 virginis
1096 576 1309 658 miserantes;

49 663 77 732 in
101 665 167 734 line
190 685 270 734 vero
294 665 422 754 impios
445 663 585 752 quidem
613 663 756 732 miseros
780 662 968 744 ducentes;
1001 663 1095 734 illam
1127 686 1204 734 vero
1234 667 1312 752 qui-

46 753 183 822 busnam
220 775 287 822 non
317 763 575 842 persequuntur
601 751 899 822 beatitudinibus?
927 751 990 821 llla
1021 765 1134 822 autem
1161 753 1309 844 seipsam

45 841 176 927 quidem
196 842 284 931 jacit
304 841 415 924 humi,
432 855 464 912 et
483 863 561 910 arae
582 861 698 912 sacros
714 841 824 930 tangit
847 839 1035 910 caucellos:
1059 841 1117 912 flet
1141 863 1218 912 vero
1242 853 1309 912 tam

46 929 266 1013 vehementer,
294 942 332 1000 ut
355 951 413 1000 eos
436 930 539 1000 etiam
565 930 625 1020 qui
651 929 823 1011 videbant,
846 929 888 998 ad
912 929 1061 998 similem
1090 943 1237 1000 moveret
1261 931 1312 1000 af-

46 1018 240 1101 fectionem,
269 1031 301 1088 et
326 1019 454 1090 fluenta
488 1017 747 1108 laerymarum:
781 1017 886 1109 fitque
909 1020 1107 1090 communis
1131 1018 1173 1088 ad
1206 1023 1310 1090 Deum

48 1107 224 1209 gratiarum
264 1109 353 1178 actio
389 1119 457 1179 toto
489 1121 635 1197 pectore.
663 1106 725 1177 Sed
765 1107 809 1177 ita
837 1106 976 1194 quidem
1003 1130 1038 1178 se
1064 1107 1235 1178 habebant
1260 1130 1313 1178 res
1379 1125 1382 1130 ·

51 1217 96 1264 vir
118 1219 192 1266 inis.

89 1219 202 1371 §32ss
236 1285 400 1376 Improbo
431 1297 546 1356 autem
576 1285 781 1355 Maximiano
806 1284 982 1374 oportebat
1008 1284 1185 1374 improbos
1209 1285 1310 1355 etiam

52 1395 115 1442 esse
132 1375 321 1456 ministros,
339 1385 371 1444 at
387 1395 427 1444 eir
446 1372 578 1455 eadem,
597 1386 635 1443 ut
651 1373 760 1462 ajunt,
780 1371 907 1442 fidelia.
926 1372 1143 1460 Quicumque
1158 1395 1240 1466 ergo
1258 1375 1312 1465 pie

50 1465 142 1530 Meum
163 1464 317 1533 colentes
341 1460 491 1533 latebant
515 1462 774 1544 Maximianum,
793 1461 817 1530 ii
843 1459 920 1530 illos
940 1483 1009 1531 nou
1033 1482 1132 1531 secus
1152 1484 1192 1532 ac
1212 1485 1312 1533 vena-

48 1551 98 1618 tici
115 1574 214 1622 caries
235 1552 493 1652 investigantes,
511 1550 767 1640 significabant.
787 1551 850 1633 Qui
893 1549 1011 1619 uidem
1028 1550 1130 1619 etiam
1148 1551 1313 1624 adversus

49 1641 243 1710 Dorotheum
270 1641 299 1722 *‚
321 1663 381 1728 qui
406 1639 513 1730 gloria
538 1639 678 1726 quidem
699 1652 731 1708 et
754 1639 849 1709 civili
869 1571 1040 1730 dignitate
1056 1651 1128 1708 erat
1148 1641 1310 1742 insignis,

49 1741 79 1795 ut
101 1729 156 1816 qui
186 1730 408 1820 Praepositus
434 1740 610 1799 vocaretur
630 1727 673 1798 ab
699 1726 814 1810 Italis,
840 1727 962 1817 pietate
986 1739 1099 1796 autem
1130 1741 1201 1797 erat
1230 1730 1314 1798 insi-

50 1817 151 1904 gnior:
177 1817 347 1890 adversus
363 1840 443 1887 eum
460 1839 554 1909 ergo,
571 1828 603 1886 et
628 1816 858 1898 Mardonium,
878 1827 910 1886 et
930 1814 1168 1906 Mygdonium,
1188 1829 1232 1898 et,
1252 1818 1313 1907 qui

53 1905 136 1991 prius
157 1907 277 1978 dictus
295 1918 356 1987 est,
378 1905 510 1987 ludem,
530 1919 562 1976 et
580 1905 748 1994 quosdam
774 1904 872 1987 alios,
892 1903 960 1974 fide
983 1904 1124 1993 quidem
1153 1905 1187 1974 iii
1217 1906 1332 1975 Chri,

53 2005 128 2064 stum
152 1996 354 2074 acerrimos,
373 1995 594 2085 Imperatoris
618 2005 732 2064 autem
750 1994 878 2064 hoiiore
894 1993 1019 2075 claros,
1038 1993 1230 2064 immittunt
1247 1993 1313 2064 tela

52 2079 244 2156 calumniae.
273 2085 314 2153 Hi
339 2083 481 2165 scilicet,
508 2106 655 2171 quorum
680 2082 799 2152 dentes
824 2105 921 2152 arma
943 2094 976 2152 et
1000 2082 1156 2173 sagittae,
1184 2096 1216 2152 at
1244 2081 1313 2152 lin-

54 2192 120 2258 gua,
139 2187 177 2242 ut
199 2175 316 2244 dicam
341 2194 419 2242 cum
445 2193 542 2242 sacra
576 2171 771 2262 Scriptura,
802 2171 941 2261 gladius
967 2185 1102 2252 acutus,
1133 2170 1309 2241 dicentes:
1428 2181 1432 2190 '

57 2263 254 2344 «sicarios,
276 2284 295 2332 o
319 2266 521 2352 Imperator,
541 2273 573 2330 et
596 2281 654 2330 eos
676 2260 787 2348 quiin
807 2272 866 2330 toa
884 2259 975 2352 regia
996 2259 1162 2341 habitant,
1181 2274 1215 2330 et
1231 2273 1314 2331 sunt

58 2345 106 2443 tibi
126 2351 283 2440 subjecti,
302 2372 370 2420 non
394 2363 488 2441 potes
512 2349 711 2440 subjugare,
735 2349 899 2420 curaliis
926 2349 1065 2418 conaris
1091 2348 1309 2437 persuadere,

56 2437 205 2510 inutiliter
231 2441 406 2522 laborans
425 2452 457 2509 et
473 2438 599 2510 frustra
615 2450 647 2508 te
662 2437 848 2508 crucians?
864 2437 892 2507 li
909 2439 1002 2507 enim
1020 2458 1059 2505 ae
1087 2458 1122 2506 ie
1139 2437 1313 2527 potuerint

54 2522 164 2598 abduci
191 2552 211 2598 a
235 2528 409 2618 dogmate,
429 2527 507 2598 illos
532 2526 684 2596 videntes
718 2547 778 2596 iios
803 2526 954 2596 suaviter
984 2526 1045 2595 irri
1072 2537 1186 2607 entes,
1206 2539 1239 2596 et
1262 2527 1311 2597 tui

54 2613 223 2688 tribunalis
248 2617 484 2686 austeritatem
520 2614 621 2685 nihili
650 2613 827 2686 facientes.
860 2613 943 2683 Vide
977 2613 1094 2697 euim,
1132 2636 1313 2702 quousque

54 2705 335 2789 proceditaeorum
362 2716 591 2795 contemptus.
610 2709 681 2776 Mon
700 2703 811 2775 solum
837 2704 904 2794 ipsi
928 2715 1155 2775 contemnunt
1179 2717 1312 2774 contra·

54 2789 96 2858 ria
115 2795 317 2866 sentientes:
336 2793 394 2863 sed
413 2792 491 2864 aliis
510 2815 659 2952 quogue,
681 2793 743 2882 qui
767 2792 883 2873 latent,
903 2793 963 2880 qui
987 2791 1105 2862 eadem
1131 2814 1220 2882 quae
1246 2792 1313 2892 ipsi

55 2881 258 2964 sentiuntur
282 2882 446 2952 alimenta
470 2903 579 2971 suppo
607 2881 703 2962 itant,
722 2893 753 2950 et
780 2881 823 2952 ad
844 2881 1034 2952 certamina
1058 2894 1182 2971 parant
1204 2893 1237 2951 et
1262 2903 1313 2949 in-

54 2978 191 3066 struunt.
209 2971 300 3056 Quiri
325 2971 428 3042 etiam
450 2971 590 3040 mittunt
614 2969 745 3041 litteras
775 2969 819 3040 ad
843 2993 912 3054 eos,
932 2969 992 3056 qui
1018 2969 1138 3059 procul
1170 2969 1310 3052 distant,

54 3057 193 3147 simulet
209 3081 269 3131 eos
285 3059 531 3130 confirmantes
546 3059 581 3128 in
597 3059 777 3142 sententia,
797 3071 830 3128 et
846 3059 1062 3128 exhortantes
1087 3057 1130 3128 ad
1155 3072 1315 3129 constari-

55 3143 139 3216 tiam.
167 3154 204 3219 111
227 3149 358 3236 alioqui
389 3147 556 3236 quicquid
585 3145 751 3218 adversus
775 3149 881 3238 ipsos,
903 3160 935 3217 et
958 3168 1063 3234 quam
1085 3147 1213 3218 habeut
1237 3148 1316 3218 reli-

55 3233 190 3394 gioueigi,
212 3250 272 3396 tgna
294 3236 534 3328 excogitaverit
558 3237 720 3326 potentia,
750 3235 784 3306 id
817 3235 931 3305 statim
962 3256 1023 3325 per
1050 3234 1128 3305 illos
1157 3236 1200 3305 ab
1229 3236 1314 3326 ipsis

76 3343 147 3410 epra
174 3348 213 3394 en
243 3337 325 3396 itur.
347 3351 360 3388 i

93 3411 378 3498 ΜιΙ.Η151ιιίι
402 3414 444 3484 ad
470 3413 556 3482 iram
582 3433 748 3484 accensus
773 3411 1013 3492 Maximianus,
1032 3421 1065 3480 et
1089 3411 1179 3482 dicto
1211 3411 1314 3481 citius

53 3496 145 3583 jussit
164 3515 299 3575 sanctos
323 3503 364 3572 ad
390 3525 426 3572 se
446 3501 586 3572 adduci.
609 3507 647 3571 Et
670 3500 813 3572 aderant
836 3500 976 3590 quidem
1002 3499 1053 3570 illi
1078 3499 1164 3569 nihil
1190 3499 1314 3569 timen-

57 3595 109 3668 tes,
129 3611 234 3678 neque
253 3591 364 3662 ullum
389 3589 587 3662 formidinis
610 3591 792 3682 vestigium
815 3588 912 3660 vultu
930 3611 1011 3681 prae
1028 3609 1064 3659 so
1078 3588 1236 3660 ferentes.
1253 3587 1314 3658 Illa

59 3688 157 3746 autem
183 3683 286 3752 torvis
309 3679 404 3772 ipsos
420 3678 531 3752 oculis
551 3679 707 3750 intuens:
728 3703 746 3748 ι(
772 3681 797 3748 0
823 3677 971 3769 pessima
989 3677 1167 3768 perdendi,
1187 3677 1311 3765 inquit,

60 3769 243 3838 nomnium
269 3768 451 3839 hominum
487 3769 727 3858 ingratissimi.
757 3773 823 3838 Cur
858 3779 987 3836 tantam
1020 3789 1040 3836 a
1071 3766 1170 3838 nobis
1199 3765 1315 3867 adepti

60 3849 245 3939 claritatem,
277 3869 309 3928 et
339 3857 403 3928 soli
433 3855 682 3948 propemodum
712 3857 856 3946 sceptris
883 3854 1044 3945 praefecti
1071 3855 1311 3946 imperatoriis,

61 3949 119 4007 tam
143 3945 221 4014 mali
245 3946 286 4016 do
314 3945 450 4016 rebensi
474 3945 556 4016 estis
582 3947 615 4014 iii
637 3944 912 4014 benefactorem:
937 3944 997 4031 qui
1024 3965 1084 4033 pro
1110 3941 1229 4013 multis
1255 3965 1316 4013 no-

63 4029 130 4098 stris
151 4032 186 4101 in
209 4056 267 4106 vos
290 3969 468 4105 beneficiis
492 4033 629 4122 qualem
650 4032 783 4104 refertis
807 4032 966 4125 gratiam,
987 4038 1105 4103 lesum
1127 4031 1314 4120 quemdam

65 4115 145 4214 vobis
163 4133 195 4191 et
217 4123 292 4193 aliis
317 4128 442 4215 Regem
473 4123 668 4194 adscribere
694 4121 900 4202 dictitantes,
919 4134 952 4192 et
978 4143 1084 4191 novae
1104 4121 1209 4208 hujus
1235 4119 1315 4189 reli-

68 4208 162 4288 ponis
184 4209 287 4284 duces
312 4211 431 4284 sedulo
456 4212 629 4293 celantes,
660 4223 691 4281 et
728 4213 777 4282 eis
812 4212 906 4281 omiii
938 4209 1052 4280 studio
1083 4209 1311 4301 providentes,

70 4307 174 4382 eosque
203 4298 373 4384 foventes,
407 4324 494 4391 quos
523 4301 681 4371 funditus
705 4300 867 4382 interire,
897 4309 930 4369 et
955 4321 996 4369 ne
1021 4321 1144 4370 nomen
1174 4299 1313 4388 quidem

90 4417 99 4440 ⁸
110 4419 129 4460 a.
137 4423 261 4468 Dorotheus
272 4426 319 4470 aab
329 4438 383 4471 crim
393 4429 415 4470 ὃ.
428 4430 546 4481 Gorgonae
557 4427 594 4470 die
605 4430 617 4468 9
628 4427 769 4479 septembrii
779 4427 930 4470 memoratur.
