2960 4824
25 307 88 370 ott.
113 307 149 371 l3
355 324 394 370 ns
416 325 444 370 s.
469 323 632 371 torosam
655 324 704 370 sn.
731 319 886 370 causato.
1149 305 1212 370 333

23 403 197 506 supradictis
223 403 420 474 furunculis
444 417 552 474 morte
575 403 829 493 deprehensum
856 403 1016 493 spiritum
1050 401 1254 486 exhalasse,

20 515 98 580 ouJus
118 494 263 562 animam
288 513 450 582 corporeo
465 513 602 562 carcere
627 491 824 570 resolutam,
853 492 1000 581 peccatis
1024 491 1253 582 exigentibus,

19 581 148 652 diabolus
164 603 277 652 secum
296 580 338 650 ad
356 580 536 651 infernalia
563 581 714 652 claustra
739 595 895 651 traxerat.
914 580 960 650 td
978 580 1081 666 cnjus
1097 581 1257 668 exequias

18 669 80 738 ilum
105 671 194 740 inani
228 671 290 740 reli
318 671 406 740 ionis
429 670 544 740 studio
569 670 652 740 socii
680 670 900 751 excubarent,
932 683 962 739 et
995 673 1174 740 llanrosus
1199 670 1259 739 de·

18 759 103 828 functi
123 759 237 830 dolore
264 693 481 828 vdiementer
513 759 676 840 afflictus,
705 779 741 828 se
771 779 811 828 ex
836 758 1041 828 lassitudine
1065 773 1098 828 et
1121 759 1259 828 tristitia

16 847 168 934 paululum
187 849 283 918 daret
296 849 415 935 quieti,
434 848 551 918 divina
576 847 759 929 voluntate,
779 859 812 916 et
831 846 1102 938 suffragantibus
1128 847 1260 918 meritis

16 935 85 1004 beati
105 936 263 1016 lotberti,
290 935 410 1007 datum
434 949 484 1006 est
508 935 716 1006 adolescenti
738 935 867 1020 videre,
892 937 1031 1023 quantis
1057 937 1176 1026 poenis
1202 935 1259 1006 illa

16 1025 181 1094 miserrima
198 1027 315 1094 anima
332 1027 367 1094 in
388 1024 520 1096 inferno
534 1025 767 1107 cruciabatur,
785 1026 926 1112 quantis
942 1024 1078 1095 ultricis
1098 1025 1260 1094 flammae

16 1112 157 1182 incendiis
180 1115 358 1194 urebatur,
380 1137 420 1184 ac
445 1115 474 1184 si
498 1116 625 1184 erranti
646 1115 766 1204 juveni
790 1136 829 1183 ex
853 1113 970 1184 divina
995 1115 1168 1184 voluntate
1194 1113 1257 1183 boc

14 1199 129 1272 daretur
149 1203 191 1272 ad
216 1203 412 1293 exemplum
430 1202 638 1284 formidinis,
662 1216 699 1274 ut
723 1202 880 1273 videlicet
904 1224 944 1272 ex
969 1203 1033 1272 hac
1060 1202 1259 1273 considera-

14 1289 86 1359 tione
109 1291 291 1382 onlligeret,
324 1305 453 1379 quanta
477 1293 509 1361 ei
532 1305 647 1362 reatus
680 1293 733 1362 sui
767 1313 874 1381 poena
909 1293 1064 1372 instaret,
1092 1312 1193 1379 quem
1220 1313 1259 1360 er

13 1381 157 1450 consortio
173 1380 333 1452 criminis
350 1379 475 1452 similis
490 1379 592 1471 culpa
608 1394 795 1450 accusaret.

46 1471 115 1553 §s
132 1473 375 1540 Consternatus
404 1491 483 1540 vero
515 1483 608 1540 tanto
633 1483 759 1541 terrore
792 1469 934 1538 visionis
971 1469 1115 1550 avenis,
1139 1469 1258 1538 animo

14 1557 184 1640 aestuabat,
214 1557 511 1646 quemadmodum
538 1572 606 1628 tam
630 1557 806 1628 districtae
835 1491 1146 1626 animadversionis
1167 1557 1260 1644 judi-

14 1645 86 1714 cinm
110 1646 263 1717 subterfu
291 1669 346 1716 ere
369 1645 504 1730 valeret,
524 1646 583 1716 sed
604 1669 643 1716 ex
660 1647 934 1716 consideratione
949 1645 1108 1715 oriminis
1128 1647 1260 1716 orieba-

15 1747 56 1800 tur
69 1735 156 1820 qnasi
175 1735 250 1804 dilli
277 1735 369 1805 entia
385 1736 667 1826 recuperationis.
685 1741 769 1805 Tum
792 1735 918 1805 veroin
939 1747 1063 1803 terram
1081 1757 1258 1815 corruens,

16 1821 223 1910 lacrymabilis
247 1824 484 1914 querimoniae
508 1847 544 1894 se
568 1824 709 1894 vocibus
726 1824 917 1894 incusabat.
937 1823 997 1892 Cui
1015 1822 1179 1893 assistens
1195 1828 1260 1892 ln-

16 1909 90 1998 gelus
112 1915 268 1982 Domini:
296 1911 506 1996 «Quidnam
532 1927 593 1996 est,
621 1913 745 2001 inquit,
767 1911 960 1982 miserande
981 1912 1146 2000 juvenis?
1171 1911 1259 1994 Quid

16 2003 157 2071 innocuas
180 2025 287 2072 auras
311 2001 534 2072 infructuosis
557 2001 694 2071 fletibus
716 2001 868 2091 fatigas?
891 2000 978 2084 Quid
1006 1999 1105 2068 illum
1132 1999 1261 2089 impor-

17 2089 88 2157 tunis
104 2092 261 2180 precibus
286 2090 465 2172 inclamas,
484 2113 585 2180 quem
604 2089 776 2161 offendere
801 2111 867 2159 non
894 2089 1068 2160 timuisti?
1091 2087 1260 2157 Haeccine

16 2189 52 2244 est
77 2179 178 2260 stola,
210 2201 318 2268 qnam
347 2181 390 2250 ab
415 2179 491 2270 ipso
514 2179 605 2250 fonte
636 2179 904 2270 regenerationis
931 2177 1119 2247 indueras?
1152 2181 1259 2246 llaec·

16 2266 74 2332 cine
88 2269 309 2355 professionis
332 2267 429 2348 fides,
449 2290 566 2356 quam,
586 2268 835 2339 abrenunciate
853 2281 972 2337 satana
989 2288 1068 2337 cum
1089 2266 1164 2336 suis
1181 2286 1261 2354 ope-

19 2351 102 2436 ribus,
119 2369 148 2425 te
171 2369 389 2427 servaturum
417 2358 653 2447 promiserast
676 2356 764 2440 Quid
786 2356 900 2426 vultus
924 2377 1093 2446 supernos
1117 2353 1258 2444 refugis,

17 2463 83 2526 «qnos
115 2445 299 2516 habiturus
329 2467 405 2514 eras
441 2445 621 2526 concives,
654 2446 684 2518 si
716 2445 915 2516 lutbertum
953 2445 1141 2514 audisses?
1179 2447 1262 2512 Ecce

17 2533 161 2614 quomodo
177 2535 274 2604 filins
293 2535 348 2603 [lei
364 2535 474 2604 factus
499 2534 712 2624 mancipium
737 2533 877 2604 diaboli.
898 2532 1059 2620 Nunquid
1082 2537 1261 2603 llanrosns

19 2617 159 2714 signatus,
190 2629 373 2694 llaurosns
396 2635 534 2702 unctus,
565 2628 745 2693 llanrosus
777 2624 944 2693 renatus?
974 2621 1198 2690 Landelinnm
1216 2620 1260 2721 ‚in
1345 2655 1348 2664 ·

20 2703 86 2778 libro
108 2712 288 2782 nobiscum
318 2711 403 2782 vitae
426 2713 609 2782 lutbertus
637 2711 832 2782 obtinuerat
859 2709 1035 2780 adscribi:
1065 2714 1262 2778 Maurosum

19 2791 151 2869 diabolus
175 2823 293 2872 secum
324 2800 444 2871 inserit
467 2799 698 2890 chirographo
719 2799 933 2890 perditionis
954 2799 1048 2869 Scias
1072 2818 1162 2879 vero,
1181 2797 1263 2884 qnia

21 2903 70 2953 non
85 2887 195 2958 leviter
211 2888 306 2978 apnd
332 2890 525 2960 districtum
541 2889 694 2977 jndicem
714 2903 827 2958 actum
845 2901 907 2969 est,
926 2886 1018 2976 quod
1037 2885 1078 2954 ad
1098 2885 1261 2976 injuriam

20 2993 94 3040 suam
118 2977 318 3048 insolentias
342 2990 419 3048 tnas
443 2992 512 3047 tam
529 2978 781 3064 aequanimiter
799 2977 980 3065 hucusque
997 2975 1153 3066 portavit,
1170 2973 1262 3062 quod

21 3057 158 3150 fugitivus
173 3068 249 3152 e'us
269 3079 330 3136 ant
353 3088 478 3136 manus
506 3067 686 3136 hominnm
714 3066 856 3156 impune
879 3063 1047 3154 effugerit,
1067 3076 1126 3133 aut
1143 3063 1263 3134 mortis

21 3145 154 3242 laqueum
183 3089 358 3225 declinare
378 3155 537 3245 potuerit.
572 3155 635 3225 Diu
660 3155 753 3224 enirn
784 3167 859 3236 est,
890 3152 981 3245 quod
1009 3153 1092 3222 tanti
1118 3173 1263 3241 poenam

22 3241 144 3310 incendii
168 3243 381 3315 cruciandus
405 3243 585 3314 subiturus
601 3265 688 3324 eras,
709 3243 776 3312 nisi
792 3242 991 3312 intercessio
1007 3240 1097 3310 beati
1112 3239 1264 3310 lotberti

21 3324 147 3400 adrorati
169 3333 234 3414 tui,
255 3333 339 3402 iram
359 3331 516 3403 ultricem
545 3332 669 3403 'udicis
694 3331 894 3422 mitigasset.
914 3330 987 3398 Tibi
1009 3342 1149 3420 paratus
1173 3329 1264 3420 ignis

22 3419 222 3510 c‘rnciatnrius
247 3421 457 3500 accenditur,
484 3355 551 3491 sed
567 3419 719 3492 lotberti
746 3419 909 3510 lacrymis
932 3420 1093 3488 flammae
1112 3418 1189 3506 ejus
1207 3437 1265 3486 ex-

24 3514 212 3593 tinguuntur.
240 3509 297 3580 Vel
322 3531 416 3580 nunc
435 3521 596 3599 expertus
614 3507 777 3600 intellige,
794 3508 877 3596 quid
905 3507 1017 3598 potius
1032 3507 1156 3598 eligas:
1183 3527 1264 3575 oum

24 3598 163 3667 tormento
187 3597 269 3670 dnci
295 3600 328 3667 in
353 3597 555 3670 barathrum
585 3599 783 3688 gehennae,
812 3598 860 3667 vel
889 3619 970 3666 cum
991 3598 1166 3696 ,lutberto
1196 3593 1265 3664 frni

24 3680 133 3754 coelesti
157 3687 348 3758 mansione.
365 3686 427 3757 Sed
448 3708 524 3757 sera
548 3686 614 3756 ista
627 3685 829 3756 deliberatio
848 3685 981 3766 fuisset,
1002 3685 1068 3756 nisi
1083 3683 1266 3754 lutbertus

25 3775 239 3868 praevenisset.
267 3775 432 3862 Relinque
464 3775 571 3867 igitur
593 3774 783 3846 execranda
813 3775 986 3846 consortia
1022 3772 1207 3858 latronum,
1234 3785 1266 3872 et

25 3853 122 3929 fbnsti
144 3863 303 3935 militiam
322 3886 514 3946 assumere,
532 3863 653 3935 ducem
677 3877 776 3935 tuum
797 3864 932 3934 imitare
946 3862 1159 3933 dalbertum.
1179 3860 1264 3931 tudr

27 3937 235 4023 beatissimum
262 3953 467 4042 praesulem,
486 3965 519 4023 et
536 3975 741 4043 recognosce
766 3967 862 4022 tuum
883 3951 1098 4042 spiritualem
1119 3963 1262 4041 patrem,

29 4039 101 4130 lttttn
125 4054 364 4126 protectorem,
390 4055 488 4112 tuum
513 4043 557 4113 ab
581 4056 718 4113 aeterno
743 4040 884 4111 interitu
911 4039 1175 4132 redemptorem.
1203 4043 1266 4109 Su-

30 4138 98 4208 sape
120 4150 193 4200 vero
217 4130 262 4200 ab
284 4150 324 4200 eo
349 4132 476 4200 monita
498 4130 654 4200 coelestis
678 4130 874 4199 doctrinae:
902 4130 1030 4219 quibus
1054 4127 1267 4199 emendatior

30 4201 122 4294 lactus,
140 4219 302 4288 merearis
320 4217 452 4300 stolam,
471 4241 574 4306 qnam
601 4217 812 4310 perdideras
831 4217 983 4307 recipere
1008 4218 1082 4308 ipso
1106 4218 1266 4287 interces-

32 4311 130 4368 sore.»
153 4307 215 4376 llic
239 4306 353 4386 dictis,
383 4308 530 4400 Angelus
555 4308 720 4378 continuo
751 4306 935 4395 disparuit.
967 4311 1033 4378 llos
1058 4329 1136 4377 vern
1165 4305 1267 4393 quale

31 4401 237 4482 lunatumque
274 4396 452 4467 aestimare
491 4419 701 4488 possumus,
742 4395 833 4485 quod
872 4397 1077 4479 turbertus,
1123 4395 1267 4468 testibus
