2994 4832
65 267 131 330 net.
152 267 171 330 5
423 285 460 330 nx
484 283 512 330 s.
539 283 620 331 sana
642 284 715 330 ιιι.
743 285 780 331 nr
804 282 896 332 conr.
1190 269 1245 332 llil

62 369 118 454 ipse
138 367 237 436 nihilo
270 367 379 457 magis
401 367 523 436 annuit
555 367 722 448 orationi,
748 388 860 455 neque
889 365 997 437 edidit
1028 389 1145 457 preces
1178 391 1296 438 conve-

59 458 167 525 nientes
195 456 269 545 ejus
297 454 486 538 desiderio,
515 457 652 525 tandem
680 456 765 526 abiit
789 457 992 546 Imperatrix
1029 479 1154 546 magna
1178 458 1298 530 allecta

58 545 180 624 tristitia,
208 543 297 630 quod
324 543 356 612 id
382 543 470 630 quod
493 544 636 625 volebat,
664 566 731 614 non
756 557 845 613 esset
874 557 1042 615 assecuta.
1069 545 1197 616 Deinde
1216 569 1296 617 cum

54 636 99 718 qni
112 633 143 700 in
160 654 271 720 preces
290 632 504 714 incidissent,
525 647 557 703 et
575 633 723 702 maxime
740 634 951 720 quicumque
970 630 1080 703 solent
1099 634 1297 735 principum

51 721 212 809 gratificari
232 721 424 810 cupiditati,
451 721 584 790 etiarnsi
606 722 676 790 sint
701 721 840 791 inutiles
863 734 896 792 et
921 721 1007 790 nihil
1024 723 1111 811 justi
1135 722 1295 804 habeant,

49 831 113 877 eum
130 810 402 890 criminarentur,
424 810 515 898 quod
543 831 660 898 preces
689 822 891 892 recusasset,
911 822 944 880 et
962 810 1116 880 dicerent
1133 809 1179 892 id,
1207 812 1298 898 quod

49 898 282 986 imperatricem
306 899 429 986 majori
458 898 613 968 molestia
631 897 790 978 alliceret,
813 897 871 967 ille
890 921 991 989 aegre
1009 897 1134 980 lenens,
1157 922 1297 970 causam

46 999 145 1074 aperte
169 986 331 1074 protulit:
359 987 527 1069 «Sinite,
560 987 704 1069 dicens,
737 1008 758 1056 o
786 986 886 1056 beati.
912 993 983 1058 Non
1008 987 1101 1056 enim
1127 989 1215 1059 sinet
1235 990 1298 1058 ali-

43 1097 132 1160 quem
156 1074 304 1146 fructum
330 1097 369 1146 ex
392 1098 433 1146 ea
451 1075 518 1157 edi,
537 1098 579 1144 ne
600 1076 673 1165 ipse
696 1097 833 1163 qnoque
857 1089 972 1164 gustet
994 1076 1106 1146 Severi
1123 1076 1295 1168 dogmata,

43 1177 71 1230 et
88 1163 275 1319 dleteriores
298 1186 404 1252 quam
434 1165 531 1255 prius
550 1165 594 1234 ab
613 1165 801 1246 Anastasio,
826 1164 997 1236 tumultus
1017 1165 1075 1235 nei
1093 1168 1299 1239 conturbent

46 1255 99 1320 lice
111 1253 225 1322 esiam.
244 1275 263 1319 n

81 1341 186 1426 §⁸2
202 1347 393 1430 Imperator
409 1351 523 1411 autern
536 1341 757 1412 lastinianus
773 1341 808 1409 in
828 1352 984 1412 sanctum
1004 1353 1134 1412 tantam
1151 1342 1300 1417 ostendit

45 1428 186 1526 pietatem
209 1442 242 1501 et
258 1431 494 1512 reverentiam,
512 1443 550 1500 ut
574 1451 654 1500 cum
673 1452 752 1499 eum
773 1431 999 1511 convenisset,
1021 1452 1088 1500 non
1108 1430 1220 1501 solum
1246 1455 1295 1503 re·

44 1519 270 1600 miseritiram‚
289 1539 394 1605 quam
408 1519 482 1608 jam
500 1518 581 1587 olirn
600 1530 802 1608 conceperat
818 1518 984 1589 adversus
1001 1519 1210 1592 Christianos
1239 1523 1298 1612 qui
1417 1585 1419 1590 ,

43 1619 127 1676 erant
143 1608 177 1675 in
194 1607 396 1688 Palaestina,
419 1607 595 1677 sedetiam
615 1608 847 1676 Samaritanus
872 1607 971 1696 plene
985 1608 1154 1698 expulerit
1177 1631 1196 1678 e
1218 1611 1301 1679 civi-

45 1705 112 1774 tate,
133 1707 164 1764 et
186 1717 302 1766 eorum
333 1717 529 1786 synagogas
552 1695 715 1784 deinceps
732 1696 968 1785 prohibuerit:
996 1709 1028 1766 et
1051 1697 1093 1766 de
1118 1696 1188 1767 illis
1211 1699 1300 1769 lianc

47 1779 139 1871 legem
157 1783 281 1865 tulerit,
303 1807 346 1854 ne
363 1798 476 1854 essent
494 1784 581 1856 alter
597 1784 737 1854 alterius
758 1784 941 1866 haeredes,
964 1807 1006 1853 ne
1026 1807 1087 1876 per
1110 1789 1300 1857 successio·

49 1891 112 1938 nem
128 1894 205 1964 opes
227 1895 347 1943 eorum
375 1885 565 1944 crescerent
588 1885 621 1944 et
637 1873 944 1963 amplificarentur.
966 1875 1056 1956 Quin
1076 1874 1177 1944 etiam
1196 1889 1234 1946 ut
1250 1875 1303 1945 in·

51 1959 274 2044 edicerentur,
287 1963 502 2050 quicumque
512 1983 632 2032 eorum
644 1961 790 2032 luissent
800 1975 956 2032 auctores
970 1963 1160 2033 seditionis.
1175 1969 1302 2046 Quam-

56 2045 151 2114 obrem
165 2051 282 2122 timore
299 2052 443 2120 allectus
459 2050 634 2132 arsenius,
653 2051 801 2138 quierat
821 2051 895 2151 ipse
908 2072 1046 2139 quoque
1069 2074 1162 2121 unus
1181 2075 1221 2122 ex
1242 2058 1302 2122 Sa·

59 2137 216 2221 marianis,
231 2161 315 2210 curn
334 2140 499 2220 humano,
518 2151 612 2208 metu
624 2160 761 2226 quoque
773 2139 890 2208 divino
901 2151 1138 2220 concurrente,
1156 2141 1301 2230 supplex

58 2243 73 2288 a
98 2225 169 2294 Saba
184 2228 371 2309 contendit,
403 2239 441 2298 ut
464 2228 509 2297 ab
530 2228 604 2316 ipso
632 2229 842 2317 baptismum
864 2227 1034 2317 accipiat:
1059 2240 1094 2296 et
1117 2241 1184 2298 tam
1208 2230 1300 2319 piam

56 2309 188 2400 impetrat
208 2318 425 2408 petitionem.
453 2316 516 2386 Sed
537 2317 620 2386 haec
645 2317 784 2402 quidem
812 2328 938 2405 postea.
972 2321 1163 2405 Imperator
1186 2329 1300 2386 autent

55 2405 217 2476 cumulem
238 2407 412 2475 sanxisset
427 2404 533 2494 legem
550 2404 715 2474 adversus
733 2405 977 2485 Samaritanus,
995 2419 1028 2474 et
1045 2405 1094 2475 sic
1111 2419 1302 2497 eapropter

53 2509 123 2575 qnae
138 2507 284 2575 venerat,
306 2505 423 2564 sancto
439 2505 528 2563 esset
544 2493 767 2584 gratificatus,
788 2513 853 2562 non
877 2493 1057 2580 bucusque
1073 2494 1163 2564 sistit
1187 2512 1302 2583 prom

50 2591 126 2665 ptum
151 2594 180 2652 et
200 2585 356 2653 alacrem
381 2582 562 2652 animum:
589 2582 648 2655 sed
678 2603 714 2652 se
733 2594 922 2651 extremum
952 2581 1120 2652 damnum
1146 2584 1303 2673 accipere

44 2669 255 2751 existimabat,
277 2673 307 2742 si
324 2693 389 2741 non
405 2692 483 2740 euin
503 2669 677 2761 regalibus
690 2682 722 2740 et
738 2669 929 2760 splendidis
946 2669 1094 2742 afficeret
1109 2671 1298 2752 beneficiis,

42 2767 67 2822 et
80 2757 152 2827 lidei
167 2781 247 2830 esse
261 2757 514 2830 abundantiam
532 2759 721 2829 ostenderet
742 2781 838 2830 suam
856 2759 891 2827 in
909 2781 988 2830 eum
1014 2759 1299 2830 munificentiam.

42 2847 112 2912 Cum
131 2869 169 2917 eo
187 2861 282 2919 certe
304 2847 444 2918 assidue
462 2846 673 2934 colloquens,
701 2859 734 2916 et
760 2869 839 2917 eum
866 2847 1063 2930 honoranS,
1093 2851 1184 2920 sicut
1208 2850 1304 2940 prius

40 2937 249 3018 anastasius,
280 2936 500 3006 vehementer
524 2937 697 3016 instabat,
725 2948 763 3004 ut
794 2935 932 3022 aliquod
964 2937 1130 3026 pecuniae
1162 2937 1304 3029 vectigal

40 3023 190 3112 subjectis
204 3027 238 3096 ei
257 3024 439 3096 monachis
457 3025 689 3095 constitueret.
712 3022 773 3093 Ille
789 3037 925 3094 antem:
952 3027 1208 3117 «vectigalium
1226 3029 1305 3114 qui-

40 3109 118 3194 dem,
139 3113 267 3202 inquit,
300 3127 334 3182 et
357 3113 534 3202 pecuniae,
554 3125 723 3200 quantum
745 3113 827 3182 satis
851 3124 901 3182 est
920 3112 962 3182 ad
980 3135 1062 3184 usos
1078 3117 1301 3196 necessarios,

39 3197 88 3268 ille
110 3203 209 3272 nobis
231 3201 450 3292 providebit,
476 3203 536 3289 qui
565 3201 731 3292 populum
754 3223 820 3270 non
846 3201 1059 3272 obedientem
1081 3203 1219 3293 copiose
1243 3202 1305 3272 ali-

38 3291 165 3372 quando
184 3291 274 3360 aluit
300 3292 333 3360 in
365 3290 521 3371 deserto,
554 3303 586 3360 et
617 3311 742 3376 aquam
767 3290 884 3359 eduxit
907 3311 925 3358 e
949 3301 1068 3379 petra:
1095 3303 1126 3360 et
1151 3292 1212 3378 qui
1237 3312 1304 3360 non

39 3376 138 3446 solum
166 3379 378 3460 necessaria,
399 3379 459 3449 sed
480 3378 581 3450 etiam
609 3399 710 3468 saepe
735 3400 823 3466 quae
846 3377 1042 3479 redundant
1056 3425 1066 3459 ,
1096 3378 1303 3480 suppeditat.

38 3465 103 3534 nihi
118 3481 249 3550 autem,
269 3473 509 3558 olmperator,
529 3469 559 3538 si
579 3478 692 3538 tantae
708 3480 759 3538 est
775 3487 890 3549 curae,
910 3478 948 3538 ut
964 3467 1064 3538 nobis
1087 3468 1302 3558 gratificeris,

37 3553 152 3626 adsunt
165 3557 257 3627 aliae
273 3578 410 3644 quoque
427 3579 494 3626 non
512 3579 647 3646 parrae,
669 3569 702 3626 et
723 3578 789 3626 non
807 3555 1077 3626 contemnendae
1093 3557 1302 3638 occasiones,

39 3663 92 3795 fer
108 3667 197 3732 quas
221 3646 354 3736 poteris
377 3646 415 3715 iu
435 3667 502 3730 ‚nos
520 3659 612 3716 tuam
634 3666 788 3715 exercere
808 3644 1060 3715 liberalitatem.
1087 3649 1170 3716 Nam
1190 3658 1222 3714 et
1245 3651 1309 3716 Pa-

50 3735 176 3815 aestini,
198 3735 263 3822 qui
285 3734 375 3804 male
391 3745 474 3804 sunt
500 3733 612 3804 allecti
637 3756 656 3803 a
678 3733 913 3814 samaritanis,
942 3746 974 3802 et
993 3755 1140 3821 quorum
1163 3756 1308 3825 magnae

40 3821 169 3904 quidem
184 3822 337 3924 praedae
352 3835 434 3894 sunt
449 3823 599 3904 abactae,
612 3823 719 3893 multa
733 3844 811 3891 vero
823 3821 980 3892 aedilicia
993 3834 1025 3892 et
1037 3822 1152 3892 divina
1166 3824 1305 3913 templa,

39 3921 67 3974 et
84 3913 258 4002 mancipia
286 3923 458 4000 praeterea
481 3923 513 3980 et
536 3933 680 4002 greges,
706 3911 988 3998 frumentumque
1014 3925 1046 3980 et
1066 3911 1152 3982 alios
1175 3911 1308 3985 fructus

40 3995 189 4069 viderunt
208 4001 313 4069 exuri
335 4013 414 4069 ante
437 3999 577 4082 oculos,
603 4011 636 4070 et
660 4021 753 4070 nunc
779 4021 847 4070 non
873 3998 1011 4082 habent,
1038 4000 1213 4071 undenam
1240 4001 1307 4074 sibi

43 4083 157 4156 victum
187 4087 434 4174 quotidianum
467 4100 689 4179 comparent:
725 4089 900 4178 supplices
932 4101 1053 4179 petunt
1087 4088 1237 4175 aliquam
1263 4089 1308 4160 ad

43 4182 168 4263 tempus
185 4175 458 4256 immunitatem,
476 4189 515 4247 ut
530 4199 568 4250 se
584 4199 705 4267 parurn
727 4188 878 4246 recreent
897 4198 936 4248 ac
954 4178 1120 4260 reficiant,
1139 4189 1172 4247 et
1186 4201 1308 4252 rursus

46 4263 165 4345 possint
177 4263 344 4335 sufficere
356 4265 479 4338 annuis
493 4265 666 4337 solvendis
681 4265 897 4338 muneribus:
913 4278 946 4337 et
959 4268 1019 4356 qui
1033 4267 1074 4339 ad
1090 4266 1306 4340 adoraudum

111 4384 235 4443 surius
247 4410 263 4428 ·
285 4380 371 4443 Vrtoc
385 4379 435 4444 SS.
450 4383 538 4446 -Vol
553 4381 615 4446 llll.
1192 4382 1228 4443 ll

1495 175 1496 234 q

1494 321 1496 396 l
