2994 4832
54 280 154 344 blut
384 299 423 344 ns
448 300 475 344 s.
501 299 625 346 esnone
648 299 795 348 incatur.
824 299 936 346 coton.
1190 285 1253 350 ll3

52 403 108 450 rcce
135 381 277 451 necdum
309 397 388 450 orto
425 382 494 452 sole
531 383 647 453 Clerus
680 384 784 452 totius
821 382 979 453 Coloniae
1015 405 1094 454 cum
1132 387 1298 457 Crucibus

51 470 209 541 adventans
233 472 267 538 in
293 471 431 540 curium
460 472 614 562 regiam,
639 493 717 541 cum
744 469 1025 559 frequentissima
1051 485 1118 540 tam
1151 474 1296 557 urbana,

49 581 127 644 qoam
153 559 358 629 suburbana
380 559 489 648 plebe,
515 559 617 630 aedes
641 561 803 650 Episcopi
833 562 1138 640 circumstiterunt,
1169 584 1234 631 non
1262 577 1300 634 ut

47 661 196 716 nortuum
222 649 415 738 excepturi,
432 649 491 718 sed
511 662 685 737 tamquam
712 651 879 720 viventem
898 649 939 718 ad
959 649 1130 740 insignem
1147 650 1299 738 aliquam

45 736 252 806 celebritatem
278 759 360 806 cum
389 739 564 827 triumpho
589 739 818 826 prosecuturi.
836 743 911 808 llox
930 739 965 806 in
983 738 1147 808 humeros
1168 762 1298 830 recepe·

44 839 111 894 runt
129 847 214 895 onus
238 826 515 898 sacratissimum
540 827 682 914 quidam
702 827 766 896 viri
784 828 1006 908 venerabiles,
1029 826 1148 898 Clerici
1173 844 1205 898 et
1231 853 1300 902 nro·

43 914 140 992 inachi,
164 913 413 1004 plangentibus
433 916 602 987 ministris
625 917 685 1002 qni
709 939 766 988 eos
788 917 1034 1003 sequebantur,
1060 930 1299 1004 exportarent»

41 1025 96 1088 qm
107 1001 187 1073 illud
201 1003 245 1072 ad
260 1004 470 1093 Episcopum
485 1005 741 1076 llindonensem
760 1018 793 1074 et
807 1005 893 1076 Cleri
909 1005 1149 1092 frequentiam,
1163 1007 1300 1080 duobus

39 1115 107 1160 cnm
131 1092 214 1181 pedo
241 1094 422 1250 Episcopis
438 1105 470 1162 et
486 1094 604 1163 Crucis
631 1094 750 1174 vexillo
772 1095 1029 1183 praeeuntibus
1051 1094 1114 1164 Ubi
1131 1111 1245 1166 autem
1264 1099 1298 1165 in

40 1192 245 1270 conspectum
294 1183 452 1251 ominum
473 1183 576 1264 venit,
596 1183 692 1254 dictu
717 1182 919 1254 incredibile
935 1198 996 1262 est,
1016 1205 1105 1270 quae
1130 1195 1200 1256 tum
1229 1185 1298 1256 illic

40 1269 196 1358 lacrymae
212 1282 245 1338 et
262 1272 415 1360 gemitus
431 1272 613 1342 extiterint.
624 1270 716 1342 wInde
732 1295 811 1342 cum
837 1272 979 1360 psalmis
995 1287 1028 1342 et
1047 1273 1202 1354 canticis,
1219 1297 1297 1344 cunr

41 1381 153 1448 magno
171 1381 423 1450 campanarum
442 1359 573 1450 fragore
598 1374 630 1430 et
644 1361 807 1451 clangore
833 1361 866 1428 in
884 1381 1042 1430 summae
1059 1361 1154 1430 aedis
1171 1364 1297 1432 atrium

39 1445 160 1517 illatum
179 1462 241 1528 est,
259 1449 528 1538 depositumque
548 1450 612 1518 sub
629 1470 754 1520 corona
779 1449 930 1538 quadam
957 1450 1073 1539 magni
1098 1453 1212 1539 operis
1230 1451 1300 1521 illic

40 1536 206 1622 pendente,
226 1538 347 1608 multis
373 1538 407 1605 in
432 1559 470 1606 ea
494 1540 604 1608 cereis
620 1538 833 1608 ardentibus.
850 1537 996 1610 Adluere
1012 1559 1087 1610 mon
1106 1539 1300 1626 frequentes

40 1625 201 1705 monachi,
220 1641 252 1696 et
277 1631 345 1696 Deo
371 1639 522 1696 sacratae
539 1626 729 1696 scerninae:
751 1627 962 1696 celebratum
987 1641 1038 1696 cst
1058 1626 1298 1698 dol'unctornnr

41 1711 194 1792 officium,
208 1715 299 1801 quod
318 1715 455 1804 vigilias
472 1729 603 1794 vocant,
625 1717 791 1805 templum
808 1737 910 1786 omne
925 1715 1140 1788 cantantium
1160 1718 1301 1788 vocibus

41 1802 273 1890 cornplebatur.
293 1809 384 1873 Hora
407 1805 568 1874 sacrificii
592 1806 727 1874 cunctis
745 1805 975 1895 congregatis,
1005 1805 1177 1892 imprimis
1208 1829 1300 1876 reve·

46 1901 146 1958 center
160 1903 189 1960 et
202 1891 320 1962 devote
338 1893 529 1965 llindensis
544 1893 734 1984 Episcopus
749 1917 828 1964 curn
848 1894 955 1964 sacris
974 1893 1142 1964 ministris
1159 1895 1302 1968 accessit

48 1977 86 2042 ad
107 2000 372 2068 nemeamque
390 2001 509 2072 omues
534 1983 641 2052 secuti
667 1995 759 2062 sunt,
782 1983 974 2070 permixtim
1002 1981 1302 2072 psallentesetque

54 2065 266 2154 lacrymantes.
290 2075 428 2140 Peracto
452 2072 634 2150 sacrificio,
655 2071 847 2141 sacerdotes
872 2093 992 2140 omnes
1009 2093 1088 2142 curn
1108 2071 1204 2141 stolis
1229 2075 1302 2142 suis

57 2167 125 2238 post
139 2156 284 2230 feretrum
316 2171 495 2229 steterunt.
523 2161 573 2229 lbi
601 2172 671 2230 tem
696 2160 810 2232 luctus
837 2173 869 2230 et
893 2161 1054 2248 gemitus,
1077 2158 1176 2230 dolor
1199 2175 1231 2229 et
1256 2161 1302 2230 le-

57 2263 177 2330 crymae
188 2248 412 2328 increverunt,
423 2249 601 2338 magisque
614 2249 749 2328 ellectu,
762 2271 865 2335 quam
886 2271 976 2328 voce,
992 2249 1152 2318 dicebant
1168 2271 1300 2324 eructes:

56 2334 92 2396 ln
114 2335 249 2418 paradiso
274 2337 452 2406 deducant
483 2351 512 2407 te
537 2337 678 2426 drigeli,
713 2339 746 2406 in
775 2351 833 2406 tuo
857 2337 1007 2406 adventu
1043 2337 1236 2426 suscipiant
1273 2351 1303 2406 te

54 2423 207 2510 Martyres,
230 2441 260 2494 et
287 2426 482 2513 perducant
506 2441 536 2494 te
566 2427 599 2494 in
625 2427 794 2496 civitatem
826 2439 980 2496 sanctam
1008 2426 1213 2498 Jerusalem.
1243 2428 1302 2498 Cui

53 2509 99 2575 rel
122 2516 218 2584 tenuis
238 2515 377 2604 pietatis
405 2514 554 2584 scintilla
580 2515 728 2594 inesset,
757 2536 824 2584 non
853 2527 981 2604 poterat
1008 2537 1072 2584 iton
1099 2517 1300 2606 compungi,

45 2599 74 2664 si
99 2600 222 2673 ridisset
240 2603 368 2683 efficia,
388 2625 475 2690 quae
502 2602 559 2673 illo
584 2604 639 2672 die
668 2606 765 2672 beato
795 2603 866 2672 viro
891 2602 1184 2692 persolvebantur.
1206 2610 1304 2694 Ipsae

41 2693 225 2762 canentium
244 2715 358 2772 voces,
380 2693 475 2781 ipsae
498 2693 691 2762 carminum
719 2691 915 2772 suavitates,
932 2692 999 2781 ipsi
1025 2695 1207 2766 verborum
1229 2717 1304 2766 sen-

40 2798 106 2858 sus,
131 2793 227 2868 atque
251 2781 340 2850 adeo
365 2781 430 2870 ipsi
452 2781 667 2850 offerentium
688 2780 829 2850 ordines
853 2795 885 2850 et
912 2781 1094 2853 multitudo
1115 2795 1236 2852 testare
1256 2785 1304 2850 ni-

37 2865 210 2952 debantur‚
227 2871 301 2956 jam
323 2871 356 2938 in
376 2869 480 2938 coelis
504 2870 676 2959 ejusfesta
693 2869 871 2938 celebrari.
889 2871 1011 2939 Omnia
1025 2871 1304 2960 compunctionis

37 2954 253 3042 plenaerant,
271 2959 377 3049 digna
405 2958 463 3028 teli
479 2958 610 3027 funere.
635 2959 774 3027 interim
797 2971 887 3029 totus
908 2959 1077 3032 Ecclesiae
1094 2961 1305 3031 Coloniensis

37 3047 253 3134 magistratus
278 3070 348 3116 una
375 3048 484 3116 animi
510 3048 677 3116 sententia
707 3048 741 3116 in
767 3047 801 3116 id
829 3069 1047 3138 summopere
1075 3050 1244 3126 incubuit,
1268 3065 1323 3140 ut

33 3155 167 3206 sacrum
184 3159 313 3226 corpus
331 3135 489 3205 Coloniae
506 3159 603 3206 suam
624 3137 764 3205 liaberet
778 3137 1004 3225 sepulturam.
1019 3143 1057 3206 Et
1073 3136 1152 3206 aliis
1164 3139 1303 3224 quidem

33 3221 121 3292 bona
144 3227 253 3296 animi
282 3225 480 3300 voluntate,
507 3225 585 3294 eliis
609 3247 649 3292 er
675 3225 802 3294 invidia
832 3226 865 3294 id
891 3227 1159 3306 connitentibus,
1187 3227 1305 3295 Clerici

33 3311 109 3392 illi,
135 3316 191 3402 qui
218 3315 301 3384 olim
326 3337 345 3382 a
370 3313 470 3383 beato
503 3315 573 3383 viro
611 3315 643 3382 iu
669 3313 813 3384 ecclesia
835 3315 878 3384 ed
906 3315 1035 3403 gradus
1073 3317 1105 3382 in
1142 3315 1303 3384 bonorem

32 3404 149 3473 llatris
179 3406 234 3474 [lei
267 3403 445 3473 constituti
474 3402 634 3483 fuerant,
669 3403 827 3492 publicae
857 3405 1011 3493 justitiae
1042 3403 1232 3472 detractum
1267 3404 1307 3470 iri

33 3491 193 3576 aiebant,
229 3494 256 3562 si
285 3505 419 3582 practer
448 3491 533 3561 illud
559 3492 781 3592 sepulcrum,
815 3492 904 3579 quod
938 3493 1011 3582 ipse
1036 3491 1129 3580 apud
1154 3515 1211 3560 eos
1240 3493 1307 3564 sibi
1344 3567 1348 3575 ⁴

34 3601 176 3650 mensus
198 3595 299 3662 esset,
331 3581 629 3668 aliud,quamv1s
658 3584 701 3652 ab
730 3581 846 3650 eodem
879 3583 964 3670 ipso,
996 3595 1108 3650 tamen
1137 3581 1307 3669 posterius

34 3667 266 3758 designatum,
281 3672 356 3760 jam
388 3682 546 3740 mortuus
570 3671 749 3740 obtineret.
772 3671 858 3739 Huic
887 3671 1073 3739 sententiae
1100 3693 1178 3740 curn
1205 3669 1307 3737 etiam
1426 3733 1429 3739 .

35 3779 195 3842 proceres
220 3759 377 3848 plerique
400 3781 521 3828 omnes
551 3759 819 3834 subscriberent,
844 3759 906 3828 soli
933 3771 1010 3837 tres,
1032 3759 1223 3847 sigewinus
1249 3763 1309 3827 lle·
1406 3767 1408 3770 ’

33 3867 147 3914 canus
169 3870 326 3917 summae
342 3847 450 3928 aedis,
474 3851 694 3918 Hermannus
715 3847 969 3926 vicedominus,
985 3847 1046 3933 qui
1067 3849 1169 3916 ambo
1194 3861 1310 3934 postea

34 3937 62 4000 ei
94 3955 300 4016 successere,
327 3951 360 4006 et
385 3937 549 4006 Gerlacus
574 3941 715 4015 Cernes,
747 3936 912 4006 acerrime
940 3957 1013 4005 sese
1042 3957 1245 4023 opposuere,
1279 3948 1312 4006 et
1366 3952 1371 3961 ·

38 4045 136 4090 stunc
153 4026 321 4112 precibus,
341 4047 433 4094 nurrc
452 4025 617 4094 conviciis
634 4047 713 4095 cum
731 4023 809 4094 eliis
827 4026 984 4114 agebant,
998 4038 1130 4114 praeter
1148 4025 1311 4114 perfidiae

38 4114 274 4200 crimenque
299 4135 335 4183 se
362 4115 628 4204 obstringerent,
655 4113 714 4198 qui
740 4135 813 4182 earn
841 4115 1043 4183 seutentiam
1071 4127 1308 4200 sequerentur,

39 4201 146 4268 etiarn
168 4203 382 4272 anathemate
408 4202 523 4291 plexos
547 4225 605 4271 eos
629 4215 831 4271 asserentes.
855 4207 892 4272 Et
920 4203 1033 4272 triduo
1052 4203 1191 4290 quidem
1224 4203 1309 4272 nibil

41 4289 256 4378 impetratum
273 4305 336 4362 est.
354 4297 482 4373 Quarto
500 4304 613 4360 eutem
640 4289 697 4358 die
719 4290 1001 4360 obstinatioribus
1022 4293 1149 4362 animis
1168 4307 1313 4376 utraque

43 4391 252 4463 partescum
271 4381 486 4473 propositum
505 4393 660 4469 urgente,
678 4379 814 4448 tandem
834 4379 995 4448 ‹tertacus
1011 4386 1128 4450 Comes
1146 4381 1180 4447 in
1200 4380 1312 4450 medio

121 4501 261 4560 surius·
282 4501 368 4562 Vitae
384 4497 435 4560 SS.
454 4530 468 4544 ·
484 4497 548 4558 l'ol.
566 4497 628 4557 Xll.
1216 4495 1236 4552 8
