<?xml version="1.0" encoding="UTF-8"?>
<!DOCTYPE html PUBLIC "-//W3C//DTD XHTML 1.0 Transitional//EN"
    "http://www.w3.org/TR/xhtml1/DTD/xhtml1-transitional.dtd">
<html xmlns="http://www.w3.org/1999/xhtml" xml:lang="en" lang="en">
 <head>
  <title>
</title>
<meta http-equiv="Content-Type" content="text/html;charset=utf-8" />
  <meta name='ocr-system' content='tesseract 3.04.00' />
  <meta name='ocr-capabilities' content='ocr_page ocr_carea ocr_par ocr_line ocrx_word'/>
</head>
<body>
  <div class='ocr_page' id='page_1' title='image "./historiaeseuvit00lippgoog_0742.png"; bbox 0 0 2920 4810; ppageno 0'>
   <div class='ocr_carea' id='block_1_1' title="bbox 60 343 1302 412">
    <p class='ocr_par' dir='ltr' id='par_1_1' title="bbox 60 343 1302 412">
     <span class='ocr_line' id='line_1_1' title="bbox 60 343 1302 412; baseline 0.004 -6"><span class='ocrx_word' id='word_1_1' title='bbox 60 343 142 408; x_wconf 77' lang='lat' dir='ltr'>loti.</span> <span class='ocrx_word' id='word_1_2' title='bbox 171 343 191 405; x_wconf 84' lang='lat' dir='ltr'>D</span> <span class='ocrx_word' id='word_1_3' title='bbox 446 360 710 408; x_wconf 78' lang='grc'><strong>3333333333333</strong></span> <span class='ocrx_word' id='word_1_4' title='bbox 734 361 948 410; x_wconf 77' lang='grc'><strong>3333333333</strong></span> <span class='ocrx_word' id='word_1_5' title='bbox 1221 343 1302 412; x_wconf 64' lang='grc'><strong>999*</strong></span> 
     </span>
    </p>
   </div>
   <div class='ocr_carea' id='block_1_2' title="bbox 53 439 1355 4506">
    <p class='ocr_par' dir='ltr' id='par_1_2' title="bbox 53 439 1355 4506">
     <span class='ocr_line' id='line_1_2' title="bbox 56 439 1346 522; baseline 0.004 -20"><span class='ocrx_word' id='word_1_6' title='bbox 56 449 83 502; x_wconf 90' lang='grc'><strong>31</strong></span> <span class='ocrx_word' id='word_1_7' title='bbox 94 439 213 502; x_wconf 84' lang='lat' dir='ltr'>Sidonis</span> <span class='ocrx_word' id='word_1_8' title='bbox 225 439 292 516; x_wconf 88' lang='lat' dir='ltr'>sita,</span> <span class='ocrx_word' id='word_1_9' title='bbox 315 439 473 518; x_wconf 86' lang='lat' dir='ltr'>vectigalis</span> <span class='ocrx_word' id='word_1_10' title='bbox 493 449 597 504; x_wconf 89' lang='lat' dir='ltr'>antem</span> <span class='ocrx_word' id='word_1_11' title='bbox 618 440 682 502; x_wconf 86' lang='grc'><strong>113-</strong></span> <span class='ocrx_word' id='word_1_12' title='bbox 712 443 818 504; x_wconf 89' lang='grc'><strong>1333331</strong></span> <span class='ocrx_word' id='word_1_13' title='bbox 839 459 991 520; x_wconf 78' lang='grc'><strong>33333333,</strong></span> <span class='ocrx_word' id='word_1_14' title='bbox 1016 442 1051 503; x_wconf 90' lang='grc'><strong>33</strong></span> <span class='ocrx_word' id='word_1_15' title='bbox 1077 443 1230 522; x_wconf 77' lang='lat' dir='ltr'><strong>principes</strong></span> <span class='ocrx_word' id='word_1_16' title='bbox 1250 461 1346 507; x_wconf 89' lang='lat' dir='ltr'>sacer·</span> 
     </span>
     <span class='ocr_line' id='line_1_3' title="bbox 56 518 1346 602; baseline 0.005 -21"><span class='ocrx_word' id='word_1_17' title='bbox 56 519 276 582; x_wconf 86' lang='lat' dir='ltr'>tiochiensibns.</span> <span class='ocrx_word' id='word_1_18' title='bbox 306 518 346 580; x_wconf 46' lang='lat' dir='ltr'><strong>,lu</strong></span> <span class='ocrx_word' id='word_1_19' title='bbox 377 520 432 583; x_wconf 88' lang='lat' dir='ltr'>hac</span> <span class='ocrx_word' id='word_1_20' title='bbox 463 521 586 583; x_wconf 83' lang='lat' dir='ltr'>civitate</span> <span class='ocrx_word' id='word_1_21' title='bbox 613 537 683 585; x_wconf 93' lang='lat' dir='ltr'><strong>cnm</strong></span> <span class='ocrx_word' id='word_1_22' title='bbox 711 521 819 584; x_wconf 88' lang='grc'><strong>331333</strong></span> <span class='ocrx_word' id='word_1_23' title='bbox 840 521 999 584; x_wconf 90' lang='lat' dir='ltr'>hominem</span> <span class='ocrx_word' id='word_1_24' title='bbox 1017 522 1142 594; x_wconf 83' lang='lat' dir='ltr'>detulit,</span> <span class='ocrx_word' id='word_1_25' title='bbox 1167 524 1248 602; x_wconf 89' lang='grc'><strong>3333</strong></span> <span class='ocrx_word' id='word_1_26' title='bbox 1275 526 1346 587; x_wconf 91' lang='lat' dir='ltr'>ima·</span> 
     </span>
     <span class='ocr_line' id='line_1_4' title="bbox 56 599 1347 679; baseline 0.003 -18"><span class='ocrx_word' id='word_1_27' title='bbox 56 601 233 663; x_wconf 87' lang='lat' dir='ltr'>ludaeorum</span> <span class='ocrx_word' id='word_1_28' title='bbox 249 601 330 662; x_wconf 91' lang='lat' dir='ltr'>natio</span> <span class='ocrx_word' id='word_1_29' title='bbox 345 599 489 678; x_wconf 89' lang='grc'><strong>13333333</strong></span> <span class='ocrx_word' id='word_1_30' title='bbox 502 608 591 675; x_wconf 87' lang='lat' dir='ltr'>esset,</span> <span class='ocrx_word' id='word_1_31' title='bbox 613 617 684 664; x_wconf 89' lang='lat' dir='ltr'>con·</span> <span class='ocrx_word' id='word_1_32' title='bbox 716 603 823 679; x_wconf 91' lang='lat' dir='ltr'>ginem</span> <span class='ocrx_word' id='word_1_33' title='bbox 842 601 1004 664; x_wconf 77' lang='lat' dir='ltr'>salvatoris</span> <span class='ocrx_word' id='word_1_34' title='bbox 1023 603 1055 662; x_wconf 92' lang='lat' dir='ltr'>in</span> <span class='ocrx_word' id='word_1_35' title='bbox 1077 600 1202 664; x_wconf 88' lang='lat' dir='ltr'>aedibus</span> <span class='ocrx_word' id='word_1_36' title='bbox 1222 619 1347 666; x_wconf 89' lang='lat' dir='ltr'>conser-</span> 
     </span>
     <span class='ocr_line' id='line_1_5' title="bbox 56 681 1345 764; baseline 0.005 -24"><span class='ocrx_word' id='word_1_37' title='bbox 56 681 168 760; x_wconf 82' lang='lat' dir='ltr'>tigitut</span> <span class='ocrx_word' id='word_1_38' title='bbox 182 694 271 758; x_wconf 81' lang='lat' dir='ltr'>prope</span> <span class='ocrx_word' id='word_1_39' title='bbox 285 695 485 759; x_wconf 79' lang='lat' dir='ltr'>synagogam,</span> <span class='ocrx_word' id='word_1_40' title='bbox 508 697 600 760; x_wconf 87' lang='lat' dir='ltr'>qoam</span> <span class='ocrx_word' id='word_1_41' title='bbox 623 681 684 744; x_wconf 89' lang='lat' dir='ltr'>illic</span> <span class='ocrx_word' id='word_1_42' title='bbox 713 688 808 756; x_wconf 82' lang='lat' dir='ltr'>voret,</span> <span class='ocrx_word' id='word_1_43' title='bbox 837 681 1087 761; x_wconf 86' lang='lat' dir='ltr'>Nazaraenmque</span> <span class='ocrx_word' id='word_1_44' title='bbox 1109 697 1169 743; x_wconf 93' lang='lat' dir='ltr'><strong>non</strong></span> <span class='ocrx_word' id='word_1_45' title='bbox 1197 683 1345 764; x_wconf 75' lang='lat' dir='ltr'>eiecisset.</span> 
     </span>
     <span class='ocr_line' id='line_1_6' title="bbox 54 758 1348 839; baseline 0.002 -17"><span class='ocrx_word' id='word_1_46' title='bbox 54 758 181 838; x_wconf 79' lang='lat' dir='ltr'>amplam</span> <span class='ocrx_word' id='word_1_47' title='bbox 206 759 330 832; x_wconf 87' lang='lat' dir='ltr'>hahent,</span> <span class='ocrx_word' id='word_1_48' title='bbox 356 760 511 839; x_wconf 80' lang='lat' dir='ltr'>quideme</span> <span class='ocrx_word' id='word_1_49' title='bbox 539 759 682 824; x_wconf 91' lang='lat' dir='ltr'>Christia·</span> <span class='ocrx_word' id='word_1_50' title='bbox 713 760 860 836; x_wconf 89' lang='grc'><strong>11113333,</strong></span> <span class='ocrx_word' id='word_1_51' title='bbox 880 760 981 824; x_wconf 87' lang='grc'><strong>333113</strong></span> <span class='ocrx_word' id='word_1_52' title='bbox 1004 777 1049 834; x_wconf 88' lang='grc'><strong>33,</strong></span> <span class='ocrx_word' id='word_1_53' title='bbox 1076 762 1193 824; x_wconf 88' lang='grc'><strong>3313333</strong></span> <span class='ocrx_word' id='word_1_54' title='bbox 1216 771 1348 826; x_wconf 78' lang='lat' dir='ltr'><strong>averunt</strong></span> 
     </span>
     <span class='ocr_line' id='line_1_7' title="bbox 55 779 1347 921; baseline 0.004 -20"><span class='ocrx_word' id='word_1_55' title='bbox 55 838 682 921; x_wconf 83' lang='lat' dir='ltr'>norumnumerodomicilinmaquodam</span> <span class='ocrx_word' id='word_1_56' title='bbox 713 857 786 904; x_wconf 89' lang='lat' dir='ltr'><strong>num</strong></span> <span class='ocrx_word' id='word_1_57' title='bbox 816 843 845 904; x_wconf 93' lang='lat' dir='ltr'>id</span> <span class='ocrx_word' id='word_1_58' title='bbox 875 841 1162 920; x_wconf 88' lang='lat' dir='ltr'>possetapprohare.</span> <span class='ocrx_word' id='word_1_59' title='bbox 1194 779 1347 906; x_wconf 58' lang='lat' dir='ltr'>Clemente</span> 
     </span>
     <span class='ocr_line' id='line_1_8' title="bbox 53 919 1346 1000; baseline 0.001 -18"><span class='ocrx_word' id='word_1_60' title='bbox 53 919 233 982; x_wconf 88' lang='lat' dir='ltr'>conductum</span> <span class='ocrx_word' id='word_1_61' title='bbox 250 919 410 983; x_wconf 80' lang='lat' dir='ltr'><strong>habitaret.</strong></span> <span class='ocrx_word' id='word_1_62' title='bbox 432 919 488 981; x_wconf 85' lang='lat' dir='ltr'>ilic</span> <span class='ocrx_word' id='word_1_63' title='bbox 501 936 540 982; x_wconf 80' lang='lat' dir='ltr'><strong>en</strong></span> <span class='ocrx_word' id='word_1_64' title='bbox 555 921 684 984; x_wconf 84' lang='lat' dir='ltr'>adverso</span> <span class='ocrx_word' id='word_1_65' title='bbox 713 921 775 994; x_wconf 92' lang='lat' dir='ltr'>illo,</span> <span class='ocrx_word' id='word_1_66' title='bbox 791 939 823 984; x_wconf 88' lang='lat' dir='ltr'><strong>se</strong></span> <span class='ocrx_word' id='word_1_67' title='bbox 835 937 919 1000; x_wconf 90' lang='lat' dir='ltr'>posse</span> <span class='ocrx_word' id='word_1_68' title='bbox 933 921 1116 984; x_wconf 80' lang='lat' dir='ltr'>condomare</span> <span class='ocrx_word' id='word_1_69' title='bbox 1131 937 1209 1000; x_wconf 88' lang='grc'><strong>3333</strong></span> <span class='ocrx_word' id='word_1_70' title='bbox 1220 924 1346 999; x_wconf 87' lang='grc'><strong>3133331,</strong></span> 
     </span>
     <span class='ocr_line' id='line_1_9' title="bbox 56 997 1346 1081; baseline 0.004 -21"><span class='ocrx_word' id='word_1_71' title='bbox 56 997 153 1061; x_wconf 89' lang='grc'><strong>1331313</strong></span> <span class='ocrx_word' id='word_1_72' title='bbox 169 998 334 1076; x_wconf 81' lang='lat' dir='ltr'>imaginem</span> <span class='ocrx_word' id='word_1_73' title='bbox 348 999 419 1062; x_wconf 87' lang='lat' dir='ltr'>lesu</span> <span class='ocrx_word' id='word_1_74' title='bbox 434 998 547 1066; x_wconf 86' lang='lat' dir='ltr'>Christi</span> <span class='ocrx_word' id='word_1_75' title='bbox 559 1000 683 1062; x_wconf 90' lang='lat' dir='ltr'>Domini</span> <span class='ocrx_word' id='word_1_76' title='bbox 712 1016 818 1062; x_wconf 91' lang='lat' dir='ltr'>omnes</span> <span class='ocrx_word' id='word_1_77' title='bbox 838 1003 1016 1079; x_wconf 88' lang='lat' dir='ltr'>congregati</span> <span class='ocrx_word' id='word_1_78' title='bbox 1036 1009 1068 1062; x_wconf 91' lang='lat' dir='ltr'><strong>et</strong></span> <span class='ocrx_word' id='word_1_79' title='bbox 1088 1000 1193 1063; x_wconf 90' lang='lat' dir='ltr'>lurore</span> <span class='ocrx_word' id='word_1_80' title='bbox 1217 1003 1346 1081; x_wconf 77' lang='lat' dir='ltr'>perciti,</span> 
     </span>
     <span class='ocr_line' id='line_1_10' title="bbox 57 1079 1346 1158; baseline 0.003 -18"><span class='ocrx_word' id='word_1_81' title='bbox 57 1080 143 1140; x_wconf 78' lang='lat' dir='ltr'><strong>nostri</strong></span> <span class='ocrx_word' id='word_1_82' title='bbox 159 1079 282 1140; x_wconf 80' lang='lat' dir='ltr'>linerat:</span> <span class='ocrx_word' id='word_1_83' title='bbox 305 1085 371 1140; x_wconf 88' lang='grc'><strong>3331</strong></span> <span class='ocrx_word' id='word_1_84' title='bbox 394 1079 468 1142; x_wconf 88' lang='lat' dir='ltr'>haec</span> <span class='ocrx_word' id='word_1_85' title='bbox 494 1095 568 1146; x_wconf 87' lang='lat' dir='ltr'>sane</span> <span class='ocrx_word' id='word_1_86' title='bbox 591 1096 684 1142; x_wconf 90' lang='lat' dir='ltr'>vene·</span> <span class='ocrx_word' id='word_1_87' title='bbox 714 1080 764 1142; x_wconf 93' lang='lat' dir='ltr'>illo</span> <span class='ocrx_word' id='word_1_88' title='bbox 788 1079 911 1158; x_wconf 86' lang='lat' dir='ltr'>quidem</span> <span class='ocrx_word' id='word_1_89' title='bbox 939 1081 988 1141; x_wconf 89' lang='lat' dir='ltr'><strong>dle</strong></span> <span class='ocrx_word' id='word_1_90' title='bbox 1010 1080 1089 1142; x_wconf 94' lang='lat' dir='ltr'>nihil</span> <span class='ocrx_word' id='word_1_91' title='bbox 1110 1089 1260 1158; x_wconf 81' lang='lat' dir='ltr'>egerunt:</span> <span class='ocrx_word' id='word_1_92' title='bbox 1282 1082 1346 1156; x_wconf 79' lang='lat' dir='ltr'>sed,</span> 
     </span>
     <span class='ocr_line' id='line_1_11' title="bbox 56 1157 1348 1238; baseline 0.005 -20"><span class='ocrx_word' id='word_1_93' title='bbox 56 1159 154 1232; x_wconf 85' lang='grc'><strong>33333,</strong></span> <span class='ocrx_word' id='word_1_94' title='bbox 170 1158 247 1237; x_wconf 83' lang='lat' dir='ltr'>quod</span> <span class='ocrx_word' id='word_1_95' title='bbox 264 1159 415 1237; x_wconf 89' lang='lat' dir='ltr'>integram</span> <span class='ocrx_word' id='word_1_96' title='bbox 438 1157 549 1222; x_wconf 81' lang='lat' dir='ltr'>Christi</span> <span class='ocrx_word' id='word_1_97' title='bbox 563 1160 683 1222; x_wconf 84' lang='lat' dir='ltr'>Domini</span> <span class='ocrx_word' id='word_1_98' title='bbox 713 1175 802 1222; x_wconf 90' lang='lat' dir='ltr'>mane</span> <span class='ocrx_word' id='word_1_99' title='bbox 823 1158 910 1232; x_wconf 89' lang='lat' dir='ltr'>lacto,</span> <span class='ocrx_word' id='word_1_100' title='bbox 931 1161 1109 1238; x_wconf 86' lang='lat' dir='ltr'>congregati</span> <span class='ocrx_word' id='word_1_101' title='bbox 1123 1165 1236 1223; x_wconf 88' lang='lat' dir='ltr'>summi</span> <span class='ocrx_word' id='word_1_102' title='bbox 1252 1177 1348 1226; x_wconf 90' lang='lat' dir='ltr'>sacer·</span> 
     </span>
     <span class='ocr_line' id='line_1_12' title="bbox 56 1238 1347 1319; baseline 0.004 -20"><span class='ocrx_word' id='word_1_103' title='bbox 56 1241 279 1318; x_wconf 81' lang='lat' dir='ltr'>proportionem</span> <span class='ocrx_word' id='word_1_104' title='bbox 313 1239 509 1316; x_wconf 79' lang='lat' dir='ltr'>exprimeret.</span> <span class='ocrx_word' id='word_1_105' title='bbox 546 1238 685 1315; x_wconf 84' lang='lat' dir='ltr'>Contigit</span> <span class='ocrx_word' id='word_1_106' title='bbox 713 1241 796 1319; x_wconf 82' lang='lat' dir='ltr'>dotus</span> <span class='ocrx_word' id='word_1_107' title='bbox 815 1247 846 1301; x_wconf 90' lang='grc'><strong>31</strong></span> <span class='ocrx_word' id='word_1_108' title='bbox 864 1239 999 1301; x_wconf 85' lang='grc'><strong>33313333</strong></span> <span class='ocrx_word' id='word_1_109' title='bbox 1023 1256 1094 1302; x_wconf 90' lang='lat' dir='ltr'><strong>cum</strong></span> <span class='ocrx_word' id='word_1_110' title='bbox 1113 1241 1233 1319; x_wconf 88' lang='lat' dir='ltr'>ingenti</span> <span class='ocrx_word' id='word_1_111' title='bbox 1249 1240 1347 1304; x_wconf 91' lang='lat' dir='ltr'>homi-</span> 
     </span>
     <span class='ocr_line' id='line_1_13' title="bbox 55 1317 1349 1398; baseline 0.004 -20"><span class='ocrx_word' id='word_1_112' title='bbox 55 1325 231 1380; x_wconf 86' lang='lat' dir='ltr'>autemnon</span> <span class='ocrx_word' id='word_1_113' title='bbox 253 1319 293 1378; x_wconf 90' lang='lat' dir='ltr'><strong>ita</strong></span> <span class='ocrx_word' id='word_1_114' title='bbox 308 1317 363 1379; x_wconf 88' lang='lat' dir='ltr'>dio</span> <span class='ocrx_word' id='word_1_115' title='bbox 385 1326 449 1394; x_wconf 93' lang='lat' dir='ltr'>post</span> <span class='ocrx_word' id='word_1_116' title='bbox 471 1319 501 1380; x_wconf 96' lang='lat' dir='ltr'>id</span> <span class='ocrx_word' id='word_1_117' title='bbox 517 1321 684 1398; x_wconf 86' lang='lat' dir='ltr'>temporis,</span> <span class='ocrx_word' id='word_1_118' title='bbox 715 1335 789 1382; x_wconf 90' lang='lat' dir='ltr'><strong>num</strong></span> <span class='ocrx_word' id='word_1_119' title='bbox 809 1319 944 1396; x_wconf 83' lang='lat' dir='ltr'>ejusdem</span> <span class='ocrx_word' id='word_1_120' title='bbox 968 1320 1101 1382; x_wconf 89' lang='lat' dir='ltr'>nationis</span> <span class='ocrx_word' id='word_1_121' title='bbox 1120 1320 1220 1392; x_wconf 88' lang='lat' dir='ltr'>turha,</span> <span class='ocrx_word' id='word_1_122' title='bbox 1235 1337 1349 1383; x_wconf 90' lang='lat' dir='ltr'>assum·</span> 
     </span>
     <span class='ocr_line' id='line_1_14' title="bbox 55 1397 1349 1478; baseline 0.003 -20"><span class='ocrx_word' id='word_1_123' title='bbox 55 1397 220 1461; x_wconf 89' lang='lat' dir='ltr'>Christiano</span> <span class='ocrx_word' id='word_1_124' title='bbox 242 1399 431 1460; x_wconf 85' lang='lat' dir='ltr'>mansionem</span> <span class='ocrx_word' id='word_1_125' title='bbox 452 1399 608 1476; x_wconf 86' lang='lat' dir='ltr'>aliquanto</span> <span class='ocrx_word' id='word_1_126' title='bbox 622 1414 686 1460; x_wconf 91' lang='lat' dir='ltr'>arn·</span> <span class='ocrx_word' id='word_1_127' title='bbox 714 1406 763 1478; x_wconf 94' lang='lat' dir='ltr'>pto</span> <span class='ocrx_word' id='word_1_128' title='bbox 783 1397 875 1461; x_wconf 90' lang='lat' dir='ltr'>simul</span> <span class='ocrx_word' id='word_1_129' title='bbox 899 1398 1034 1462; x_wconf 89' lang='lat' dir='ltr'>delatore</span> <span class='ocrx_word' id='word_1_130' title='bbox 1058 1397 1181 1472; x_wconf 73' lang='lat' dir='ltr'>Iudaeo,</span> <span class='ocrx_word' id='word_1_131' title='bbox 1204 1401 1240 1462; x_wconf 93' lang='grc'><strong>33</strong></span> <span class='ocrx_word' id='word_1_132' title='bbox 1261 1403 1349 1464; x_wconf 91' lang='grc'><strong>33333</strong></span> 
     </span>
     <span class='ocr_line' id='line_1_15' title="bbox 56 1477 1347 1558; baseline 0.005 -22"><span class='ocrx_word' id='word_1_133' title='bbox 56 1479 176 1551; x_wconf 90' lang='lat' dir='ltr'>pliorem</span> <span class='ocrx_word' id='word_1_134' title='bbox 206 1493 379 1557; x_wconf 78' lang='lat' dir='ltr'>quaerere3</span> <span class='ocrx_word' id='word_1_135' title='bbox 409 1493 466 1540; x_wconf 89' lang='lat' dir='ltr'><strong>nec</strong></span> <span class='ocrx_word' id='word_1_136' title='bbox 496 1477 526 1538; x_wconf 95' lang='lat' dir='ltr'>id</span> <span class='ocrx_word' id='word_1_137' title='bbox 554 1478 684 1540; x_wconf 92' lang='lat' dir='ltr'>omnino</span> <span class='ocrx_word' id='word_1_138' title='bbox 715 1478 790 1552; x_wconf 82' lang='lat' dir='ltr'>illas,</span> <span class='ocrx_word' id='word_1_139' title='bbox 807 1482 839 1541; x_wconf 95' lang='lat' dir='ltr'>in</span> <span class='ocrx_word' id='word_1_140' title='bbox 854 1479 968 1558; x_wconf 83' lang='grc'><strong>3331133</strong></span> <span class='ocrx_word' id='word_1_141' title='bbox 990 1480 1093 1554; x_wconf 82' lang='lat' dir='ltr'>imago</span> <span class='ocrx_word' id='word_1_142' title='bbox 1114 1479 1237 1542; x_wconf 87' lang='lat' dir='ltr'>Domini</span> <span class='ocrx_word' id='word_1_143' title='bbox 1253 1485 1347 1543; x_wconf 83' lang='lat' dir='ltr'>nostri</span> 
     </span>
     <span class='ocr_line' id='line_1_16' title="bbox 55 1557 1347 1636; baseline 0.004 -18"><span class='ocrx_word' id='word_1_144' title='bbox 55 1557 174 1620; x_wconf 90' lang='lat' dir='ltr'>iortnito</span> <span class='ocrx_word' id='word_1_145' title='bbox 191 1559 375 1630; x_wconf 81' lang='lat' dir='ltr'>factumest,</span> <span class='ocrx_word' id='word_1_146' title='bbox 398 1557 449 1620; x_wconf 90' lang='lat' dir='ltr'><strong>sed</strong></span> <span class='ocrx_word' id='word_1_147' title='bbox 464 1574 502 1620; x_wconf 83' lang='lat' dir='ltr'><strong>ex</strong></span> <span class='ocrx_word' id='word_1_148' title='bbox 525 1557 686 1620; x_wconf 92' lang='lat' dir='ltr'>divinadi·</span> <span class='ocrx_word' id='word_1_149' title='bbox 715 1559 893 1630; x_wconf 84' lang='lat' dir='ltr'>habebatur,</span> <span class='ocrx_word' id='word_1_150' title='bbox 919 1561 964 1621; x_wconf 90' lang='lat' dir='ltr'><strong>ire</strong></span> <span class='ocrx_word' id='word_1_151' title='bbox 979 1565 1123 1636; x_wconf 87' lang='lat' dir='ltr'>pergunt.</span> <span class='ocrx_word' id='word_1_152' title='bbox 1148 1558 1225 1621; x_wconf 91' lang='lat' dir='ltr'><strong>Cum</strong></span> <span class='ocrx_word' id='word_1_153' title='bbox 1247 1570 1347 1622; x_wconf 89' lang='lat' dir='ltr'>autem</span> 
     </span>
     <span class='ocr_line' id='line_1_17' title="bbox 54 1638 1349 1717; baseline 0.003 -21"><span class='ocrx_word' id='word_1_154' title='bbox 54 1638 252 1714; x_wconf 81' lang='grc'><strong>3333333333,</strong></span> <span class='ocrx_word' id='word_1_155' title='bbox 277 1651 354 1715; x_wconf 88' lang='grc'><strong>3333</strong></span> <span class='ocrx_word' id='word_1_156' title='bbox 374 1652 481 1699; x_wconf 93' lang='lat' dir='ltr'>omnes</span> <span class='ocrx_word' id='word_1_157' title='bbox 498 1639 581 1717; x_wconf 90' lang='lat' dir='ltr'>cupit</span> <span class='ocrx_word' id='word_1_158' title='bbox 603 1639 636 1698; x_wconf 94' lang='grc'><strong>33</strong></span> <span class='ocrx_word' id='word_1_159' title='bbox 656 1655 685 1698; x_wconf 91' lang='lat' dir='ltr'>a·</span> <span class='ocrx_word' id='word_1_160' title='bbox 713 1639 748 1701; x_wconf 90' lang='lat' dir='ltr'>ad</span> <span class='ocrx_word' id='word_1_161' title='bbox 768 1653 839 1700; x_wconf 89' lang='lat' dir='ltr'><strong>snm</strong></span> <span class='ocrx_word' id='word_1_162' title='bbox 867 1638 965 1700; x_wconf 89' lang='lat' dir='ltr'>locum</span> <span class='ocrx_word' id='word_1_163' title='bbox 983 1639 1137 1700; x_wconf 87' lang='lat' dir='ltr'>venissent</span> <span class='ocrx_word' id='word_1_164' title='bbox 1160 1641 1298 1702; x_wconf 83' lang='lat' dir='ltr'>seniores</span> <span class='ocrx_word' id='word_1_165' title='bbox 1318 1649 1349 1702; x_wconf 92' lang='lat' dir='ltr'><strong>et</strong></span> 
     </span>
     <span class='ocr_line' id='line_1_18' title="bbox 56 1716 1347 1798; baseline 0.002 -20"><span class='ocrx_word' id='word_1_166' title='bbox 56 1719 223 1791; x_wconf 87' lang='lat' dir='ltr'>gnitionem</span> <span class='ocrx_word' id='word_1_167' title='bbox 245 1716 384 1777; x_wconf 88' lang='lat' dir='ltr'>veritatis</span> <span class='ocrx_word' id='word_1_168' title='bbox 398 1719 518 1792; x_wconf 87' lang='lat' dir='ltr'>venire,</span> <span class='ocrx_word' id='word_1_169' title='bbox 542 1725 573 1778; x_wconf 92' lang='grc'><strong>31</strong></span> <span class='ocrx_word' id='word_1_170' title='bbox 587 1716 685 1777; x_wconf 85' lang='grc'><strong>331333</strong></span> <span class='ocrx_word' id='word_1_171' title='bbox 714 1719 864 1796; x_wconf 82' lang='lat' dir='ltr'>principes</span> <span class='ocrx_word' id='word_1_172' title='bbox 878 1719 1067 1780; x_wconf 84' lang='lat' dir='ltr'>sacerdotnm</span> <span class='ocrx_word' id='word_1_173' title='bbox 1093 1734 1163 1780; x_wconf 94' lang='lat' dir='ltr'><strong>cum</strong></span> <span class='ocrx_word' id='word_1_174' title='bbox 1179 1721 1347 1798; x_wconf 87' lang='grc'><strong>1333313331</strong></span> 
     </span>
     <span class='ocr_line' id='line_1_19' title="bbox 56 1795 1349 1875; baseline 0.005 -20"><span class='ocrx_word' id='word_1_175' title='bbox 56 1796 126 1872; x_wconf 90' lang='grc'><strong>3331,</strong></span> <span class='ocrx_word' id='word_1_176' title='bbox 141 1796 293 1860; x_wconf 80' lang='lat' dir='ltr'>exhibens</span> <span class='ocrx_word' id='word_1_177' title='bbox 308 1797 454 1860; x_wconf 87' lang='lat' dir='ltr'>miracula</span> <span class='ocrx_word' id='word_1_178' title='bbox 471 1798 581 1875; x_wconf 86' lang='grc'><strong>1313333</strong></span> <span class='ocrx_word' id='word_1_179' title='bbox 597 1795 685 1858; x_wconf 88' lang='lat' dir='ltr'>illurn</span> <span class='ocrx_word' id='word_1_180' title='bbox 713 1797 861 1872; x_wconf 82' lang='lat' dir='ltr'>delatore,</span> <span class='ocrx_word' id='word_1_181' title='bbox 877 1800 1001 1860; x_wconf 89' lang='lat' dir='ltr'>irruunt</span> <span class='ocrx_word' id='word_1_182' title='bbox 1023 1797 1209 1871; x_wconf 84' lang='grc'><strong>1333333333,</strong></span> <span class='ocrx_word' id='word_1_183' title='bbox 1230 1806 1262 1860; x_wconf 91' lang='lat' dir='ltr'><strong>et</strong></span> <span class='ocrx_word' id='word_1_184' title='bbox 1278 1815 1349 1862; x_wconf 91' lang='grc'><strong>333-</strong></span> 
     </span>
     <span class='ocr_line' id='line_1_20' title="bbox 58 1874 1348 1956; baseline 0.004 -22"><span class='ocrx_word' id='word_1_185' title='bbox 58 1875 323 1954; x_wconf 89' lang='grc'><strong>331331,3133313</strong></span> <span class='ocrx_word' id='word_1_186' title='bbox 350 1874 436 1938; x_wconf 93' lang='lat' dir='ltr'>illum</span> <span class='ocrx_word' id='word_1_187' title='bbox 461 1878 612 1939; x_wconf 88' lang='lat' dir='ltr'>credunt:</span> <span class='ocrx_word' id='word_1_188' title='bbox 635 1891 686 1938; x_wconf 84' lang='lat' dir='ltr'><strong>re·</strong></span> <span class='ocrx_word' id='word_1_189' title='bbox 715 1877 815 1940; x_wconf 84' lang='lat' dir='ltr'>testim</span> <span class='ocrx_word' id='word_1_190' title='bbox 847 1879 1016 1956; x_wconf 82' lang='lat' dir='ltr'>imaginem</span> <span class='ocrx_word' id='word_1_191' title='bbox 1038 1876 1205 1941; x_wconf 79' lang='grc'><strong>9313313333</strong></span> <span class='ocrx_word' id='word_1_192' title='bbox 1226 1879 1348 1943; x_wconf 86' lang='lat' dir='ltr'>Domini</span> 
     </span>
     <span class='ocr_line' id='line_1_21' title="bbox 58 1955 1350 2036; baseline 0.005 -21"><span class='ocrx_word' id='word_1_193' title='bbox 58 1970 119 2017; x_wconf 91' lang='lat' dir='ltr'><strong>rum</strong></span> <span class='ocrx_word' id='word_1_194' title='bbox 141 1958 172 2018; x_wconf 93' lang='grc'><strong>33</strong></span> <span class='ocrx_word' id='word_1_195' title='bbox 189 1955 441 2033; x_wconf 87' lang='lat' dir='ltr'>redargutionem</span> <span class='ocrx_word' id='word_1_196' title='bbox 466 1955 684 2030; x_wconf 86' lang='lat' dir='ltr'>diffidentium,</span> <span class='ocrx_word' id='word_1_197' title='bbox 715 1959 809 2019; x_wconf 91' lang='lat' dir='ltr'>nostri</span> <span class='ocrx_word' id='word_1_198' title='bbox 839 1958 1047 2035; x_wconf 86' lang='lat' dir='ltr'>contemplati,</span> <span class='ocrx_word' id='word_1_199' title='bbox 1073 1955 1177 2019; x_wconf 90' lang='lat' dir='ltr'>lurore</span> <span class='ocrx_word' id='word_1_200' title='bbox 1192 1957 1284 2036; x_wconf 90' lang='grc'><strong>31331,</strong></span> <span class='ocrx_word' id='word_1_201' title='bbox 1298 1959 1350 2021; x_wconf 87' lang='lat' dir='ltr'><strong>lo·</strong></span> 
     </span>
     <span class='ocr_line' id='line_1_22' title="bbox 56 2035 1347 2115; baseline 0.005 -21"><span class='ocrx_word' id='word_1_202' title='bbox 56 2035 311 2098; x_wconf 86' lang='lat' dir='ltr'>confirmationem</span> <span class='ocrx_word' id='word_1_203' title='bbox 339 2043 484 2098; x_wconf 81' lang='lat' dir='ltr'>autemst</span> <span class='ocrx_word' id='word_1_204' title='bbox 499 2035 685 2098; x_wconf 88' lang='lat' dir='ltr'>stabilimen·</span> <span class='ocrx_word' id='word_1_205' title='bbox 714 2037 824 2099; x_wconf 91' lang='lat' dir='ltr'>daeum</span> <span class='ocrx_word' id='word_1_206' title='bbox 840 2037 964 2115; x_wconf 83' lang='lat' dir='ltr'>quidem</span> <span class='ocrx_word' id='word_1_207' title='bbox 986 2045 1073 2100; x_wconf 81' lang='lat' dir='ltr'>extra</span> <span class='ocrx_word' id='word_1_208' title='bbox 1088 2053 1274 2114; x_wconf 87' lang='lat' dir='ltr'>synagogam</span> <span class='ocrx_word' id='word_1_209' title='bbox 1298 2041 1347 2115; x_wconf 86' lang='lat' dir='ltr'>eji-</span> 
     </span>
     <span class='ocr_line' id='line_1_23' title="bbox 58 2113 1350 2194; baseline 0.006 -22"><span class='ocrx_word' id='word_1_210' title='bbox 58 2121 115 2176; x_wconf 90' lang='lat' dir='ltr'>tum</span> <span class='ocrx_word' id='word_1_211' title='bbox 144 2115 351 2178; x_wconf 82' lang='lat' dir='ltr'>credentibus.</span> <span class='ocrx_word' id='word_1_212' title='bbox 380 2113 550 2188; x_wconf 87' lang='lat' dir='ltr'>Quaerebat</span> <span class='ocrx_word' id='word_1_213' title='bbox 570 2118 685 2193; x_wconf 88' lang='grc'><strong>113333,</strong></span> <span class='ocrx_word' id='word_1_214' title='bbox 713 2118 814 2190; x_wconf 87' lang='grc'><strong>33331,</strong></span> <span class='ocrx_word' id='word_1_215' title='bbox 831 2118 999 2194; x_wconf 84' lang='lat' dir='ltr'>imaginem</span> <span class='ocrx_word' id='word_1_216' title='bbox 1014 2132 1088 2177; x_wconf 89' lang='lat' dir='ltr'>vero</span> <span class='ocrx_word' id='word_1_217' title='bbox 1112 2118 1289 2192; x_wconf 88' lang='lat' dir='ltr'>detrahunt,</span> <span class='ocrx_word' id='word_1_218' title='bbox 1306 2119 1350 2180; x_wconf 92' lang='lat' dir='ltr'>di·</span> 
     </span>
     <span class='ocr_line' id='line_1_24' title="bbox 58 2194 1349 2274; baseline 0.005 -22"><span class='ocrx_word' id='word_1_219' title='bbox 58 2203 87 2252; x_wconf 95' lang='lat' dir='ltr'>nt</span> <span class='ocrx_word' id='word_1_220' title='bbox 99 2195 379 2274; x_wconf 81' lang='grc'><strong>313333333333313,</strong></span> <span class='ocrx_word' id='word_1_221' title='bbox 396 2194 586 2258; x_wconf 89' lang='lat' dir='ltr'>Christianus</span> <span class='ocrx_word' id='word_1_222' title='bbox 598 2196 686 2257; x_wconf 87' lang='lat' dir='ltr'>aedes</span> <span class='ocrx_word' id='word_1_223' title='bbox 714 2203 827 2259; x_wconf 89' lang='lat' dir='ltr'>centes:</span> <span class='ocrx_word' id='word_1_224' title='bbox 838 2217 850 2252; x_wconf 80' lang='lat' dir='ltr'>a</span> <span class='ocrx_word' id='word_1_225' title='bbox 863 2195 1124 2268; x_wconf 78' lang='lat' dir='ltr'>Quemadmodum</span> <span class='ocrx_word' id='word_1_226' title='bbox 1140 2206 1239 2274; x_wconf 86' lang='lat' dir='ltr'>patres</span> <span class='ocrx_word' id='word_1_227' title='bbox 1255 2205 1349 2259; x_wconf 80' lang='lat' dir='ltr'>nostra</span> 
     </span>
     <span class='ocr_line' id='line_1_25' title="bbox 60 2274 1350 2352; baseline 0.005 -20"><span class='ocrx_word' id='word_1_228' title='bbox 60 2274 192 2352; x_wconf 79' lang='lat' dir='ltr'>maiores:</span> <span class='ocrx_word' id='word_1_229' title='bbox 224 2291 298 2352; x_wconf 87' lang='lat' dir='ltr'>quas</span> <span class='ocrx_word' id='word_1_230' title='bbox 320 2291 391 2337; x_wconf 88' lang='lat' dir='ltr'>curn</span> <span class='ocrx_word' id='word_1_231' title='bbox 414 2277 446 2336; x_wconf 94' lang='grc'><strong>33</strong></span> <span class='ocrx_word' id='word_1_232' title='bbox 470 2276 529 2338; x_wconf 88' lang='grc'><strong>3133</strong></span> <span class='ocrx_word' id='word_1_233' title='bbox 553 2276 686 2337; x_wconf 89' lang='grc'><strong>333313113</strong></span> <span class='ocrx_word' id='word_1_234' title='bbox 715 2275 1350 2350; x_wconf 73' lang='grc'><strong>111333333133,1133133313333313331333</strong></span> 
     </span>
     <span class='ocr_line' id='line_1_26' title="bbox 61 2350 1349 2435; baseline 0.006 -25"><span class='ocrx_word' id='word_1_235' title='bbox 61 2350 311 2427; x_wconf 83' lang='grc'><strong>13331333333331,</strong></span> <span class='ocrx_word' id='word_1_236' title='bbox 328 2354 462 2429; x_wconf 83' lang='lat' dir='ltr'>adorno,</span> <span class='ocrx_word' id='word_1_237' title='bbox 486 2369 577 2432; x_wconf 86' lang='lat' dir='ltr'>quarn</span> <span class='ocrx_word' id='word_1_238' title='bbox 594 2369 686 2434; x_wconf 91' lang='lat' dir='ltr'>prope</span> <span class='ocrx_word' id='word_1_239' title='bbox 714 2371 822 2418; x_wconf 90' lang='lat' dir='ltr'>omnes</span> <span class='ocrx_word' id='word_1_240' title='bbox 845 2361 1011 2435; x_wconf 88' lang='lat' dir='ltr'>coeperunt</span> <span class='ocrx_word' id='word_1_241' title='bbox 1035 2371 1169 2434; x_wconf 85' lang='lat' dir='ltr'>expuere</span> <span class='ocrx_word' id='word_1_242' title='bbox 1191 2358 1221 2417; x_wconf 93' lang='lat' dir='ltr'>in</span> <span class='ocrx_word' id='word_1_243' title='bbox 1242 2357 1349 2420; x_wconf 85' lang='lat' dir='ltr'>taciem</span> 
     </span>
     <span class='ocr_line' id='line_1_27' title="bbox 61 2433 1351 2515; baseline 0.005 -23"><span class='ocrx_word' id='word_1_244' title='bbox 61 2445 239 2512; x_wconf 77' lang='lat' dir='ltr'>synagogam</span> <span class='ocrx_word' id='word_1_245' title='bbox 256 2435 373 2510; x_wconf 85' lang='lat' dir='ltr'>habuit,</span> <span class='ocrx_word' id='word_1_246' title='bbox 389 2435 558 2497; x_wconf 88' lang='grc'><strong>3331133333</strong></span> <span class='ocrx_word' id='word_1_247' title='bbox 573 2436 686 2511; x_wconf 82' lang='lat' dir='ltr'>migra·</span> <span class='ocrx_word' id='word_1_248' title='bbox 714 2443 834 2499; x_wconf 90' lang='lat' dir='ltr'>sanctae</span> <span class='ocrx_word' id='word_1_249' title='bbox 851 2437 994 2512; x_wconf 90' lang='lat' dir='ltr'>imaginis</span> <span class='ocrx_word' id='word_1_250' title='bbox 1009 2433 1133 2510; x_wconf 81' lang='lat' dir='ltr'>Christi,</span> <span class='ocrx_word' id='word_1_251' title='bbox 1159 2435 1351 2515; x_wconf 84' lang='lat' dir='ltr'>colaphisque</span> 
     </span>
     <span class='ocr_line' id='line_1_28' title="bbox 60 2512 1349 2592; baseline 0.005 -22"><span class='ocrx_word' id='word_1_252' title='bbox 60 2512 108 2574; x_wconf 86' lang='grc'><strong>331.</strong></span> <span class='ocrx_word' id='word_1_253' title='bbox 127 2513 267 2592; x_wconf 86' lang='lat' dir='ltr'>Cumque</span> <span class='ocrx_word' id='word_1_254' title='bbox 283 2530 329 2576; x_wconf 88' lang='lat' dir='ltr'><strong>res</strong></span> <span class='ocrx_word' id='word_1_255' title='bbox 343 2531 412 2576; x_wconf 88' lang='lat' dir='ltr'>suas</span> <span class='ocrx_word' id='word_1_256' title='bbox 434 2529 542 2577; x_wconf 88' lang='lat' dir='ltr'>omnes</span> <span class='ocrx_word' id='word_1_257' title='bbox 562 2516 594 2575; x_wconf 92' lang='grc'><strong>33</strong></span> <span class='ocrx_word' id='word_1_258' title='bbox 616 2529 685 2576; x_wconf 86' lang='lat' dir='ltr'><strong>eam</strong></span> <span class='ocrx_word' id='word_1_259' title='bbox 715 2515 786 2577; x_wconf 90' lang='lat' dir='ltr'>hinc</span> <span class='ocrx_word' id='word_1_260' title='bbox 802 2515 887 2578; x_wconf 90' lang='grc'><strong>311133</strong></span> <span class='ocrx_word' id='word_1_261' title='bbox 897 2516 1002 2577; x_wconf 83' lang='lat' dir='ltr'>taciem</span> <span class='ocrx_word' id='word_1_262' title='bbox 1014 2515 1349 2588; x_wconf 77' lang='lat' dir='ltr'>caedentcsdicehant:</span> 
     </span>
     <span class='ocr_line' id='line_1_29' title="bbox 59 2591 1349 2673; baseline 0.007 -24"><span class='ocrx_word' id='word_1_263' title='bbox 59 2594 264 2670; x_wconf 86' lang='lat' dir='ltr'>transtulisset,</span> <span class='ocrx_word' id='word_1_264' title='bbox 294 2595 461 2671; x_wconf 86' lang='lat' dir='ltr'>imaginem</span> <span class='ocrx_word' id='word_1_265' title='bbox 477 2599 579 2656; x_wconf 88' lang='lat' dir='ltr'>tamen</span> <span class='ocrx_word' id='word_1_266' title='bbox 604 2593 686 2656; x_wconf 88' lang='lat' dir='ltr'>illam</span> <span class='ocrx_word' id='word_1_267' title='bbox 721 2591 955 2673; x_wconf 73' lang='lat' dir='ltr'>honestumque</span> <span class='ocrx_word' id='word_1_268' title='bbox 969 2597 1170 2672; x_wconf 90' lang='lat' dir='ltr'>designarunt</span> <span class='ocrx_word' id='word_1_269' title='bbox 1185 2602 1349 2672; x_wconf 90' lang='lat' dir='ltr'>patresno·</span> 
     </span>
     <span class='ocr_line' id='line_1_30' title="bbox 61 2669 1353 2752; baseline 0.005 -24"><span class='ocrx_word' id='word_1_270' title='bbox 61 2669 173 2735; x_wconf 88' lang='lat' dir='ltr'>Domini</span> <span class='ocrx_word' id='word_1_271' title='bbox 199 2673 264 2735; x_wconf 92' lang='lat' dir='ltr'>illic</span> <span class='ocrx_word' id='word_1_272' title='bbox 278 2675 356 2736; x_wconf 88' lang='grc'><strong>13313</strong></span> <span class='ocrx_word' id='word_1_273' title='bbox 372 2671 506 2750; x_wconf 89' lang='grc'><strong>33113331,</strong></span> <span class='ocrx_word' id='word_1_274' title='bbox 529 2672 686 2735; x_wconf 84' lang='grc'><strong>3311131333</strong></span> <span class='ocrx_word' id='word_1_275' title='bbox 714 2675 1196 2752; x_wconf 81' lang='grc'><strong>313133311313,3331333333333</strong></span> <span class='ocrx_word' id='word_1_276' title='bbox 1210 2675 1353 2737; x_wconf 87' lang='lat' dir='ltr'>iaciamus</span> 
     </span>
     <span class='ocr_line' id='line_1_31' title="bbox 61 2751 1350 2834; baseline 0 -24"><span class='ocrx_word' id='word_1_277' title='bbox 61 2751 175 2827; x_wconf 82' lang='lat' dir='ltr'>quidem</span> <span class='ocrx_word' id='word_1_278' title='bbox 205 2752 294 2825; x_wconf 89' lang='grc'><strong>31133,</strong></span> <span class='ocrx_word' id='word_1_279' title='bbox 319 2753 369 2814; x_wconf 89' lang='lat' dir='ltr'><strong>sed</strong></span> <span class='ocrx_word' id='word_1_280' title='bbox 387 2760 491 2814; x_wconf 86' lang='lat' dir='ltr'>tamen</span> <span class='ocrx_word' id='word_1_281' title='bbox 514 2753 618 2815; x_wconf 87' lang='lat' dir='ltr'>divina</span> <span class='ocrx_word' id='word_1_282' title='bbox 643 2753 686 2813; x_wconf 91' lang='lat' dir='ltr'>di·</span> <span class='ocrx_word' id='word_1_283' title='bbox 716 2753 747 2816; x_wconf 92' lang='lat' dir='ltr'>in</span> <span class='ocrx_word' id='word_1_284' title='bbox 764 2753 1350 2834; x_wconf 79' lang='lat' dir='ltr'>illinsimaginem.oDeindeinquiunt:</span> 
     </span>
     <span class='ocr_line' id='line_1_32' title="bbox 59 2833 1353 2913; baseline 0.007 -26"><span class='ocrx_word' id='word_1_285' title='bbox 59 2834 257 2906; x_wconf 89' lang='lat' dir='ltr'>spensatione.</span> <span class='ocrx_word' id='word_1_286' title='bbox 280 2833 412 2895; x_wconf 76' lang='lat' dir='ltr'>Iudaeus</span> <span class='ocrx_word' id='word_1_287' title='bbox 426 2838 541 2902; x_wconf 72' lang='lat' dir='ltr'>antem,</span> <span class='ocrx_word' id='word_1_288' title='bbox 554 2847 686 2894; x_wconf 88' lang='lat' dir='ltr'>commo·</span> <span class='ocrx_word' id='word_1_289' title='bbox 721 2833 926 2895; x_wconf 80' lang='lat' dir='ltr'>«Audivimus</span> <span class='ocrx_word' id='word_1_290' title='bbox 939 2833 1018 2912; x_wconf 90' lang='grc'><strong>3333</strong></span> <span class='ocrx_word' id='word_1_291' title='bbox 1034 2833 1198 2896; x_wconf 88' lang='grc'><strong>3113333331</strong></span> <span class='ocrx_word' id='word_1_292' title='bbox 1211 2835 1240 2896; x_wconf 89' lang='grc'><strong>31</strong></span> <span class='ocrx_word' id='word_1_293' title='bbox 1254 2842 1353 2913; x_wconf 89' lang='grc'><strong>331333</strong></span> 
     </span>
     <span class='ocr_line' id='line_1_33' title="bbox 59 2909 1352 2994; baseline 0.008 -28"><span class='ocrx_word' id='word_1_294' title='bbox 59 2909 144 2973; x_wconf 88' lang='lat' dir='ltr'>ditate</span> <span class='ocrx_word' id='word_1_295' title='bbox 171 2912 228 2974; x_wconf 94' lang='lat' dir='ltr'>loci</span> <span class='ocrx_word' id='word_1_296' title='bbox 253 2919 382 2989; x_wconf 76' lang='lat' dir='ltr'>camno,</span> <span class='ocrx_word' id='word_1_297' title='bbox 407 2912 575 2974; x_wconf 89' lang='lat' dir='ltr'>aediculam</span> <span class='ocrx_word' id='word_1_298' title='bbox 604 2911 686 2974; x_wconf 89' lang='lat' dir='ltr'>illam</span> <span class='ocrx_word' id='word_1_299' title='bbox 717 2915 825 2975; x_wconf 88' lang='lat' dir='ltr'>nostri:</span> <span class='ocrx_word' id='word_1_300' title='bbox 843 2913 1352 2994; x_wconf 85' lang='grc'><strong>13313333333333133331333333-</strong></span> 
     </span>
     <span class='ocr_line' id='line_1_34' title="bbox 59 2989 1354 3072; baseline 0.005 -24"><span class='ocrx_word' id='word_1_301' title='bbox 59 2992 206 3072; x_wconf 85' lang='grc'><strong>33333311,</strong></span> <span class='ocrx_word' id='word_1_302' title='bbox 235 2989 372 3053; x_wconf 92' lang='lat' dir='ltr'>nondum</span> <span class='ocrx_word' id='word_1_303' title='bbox 399 2991 644 3054; x_wconf 84' lang='lat' dir='ltr'>animadvertens</span> <span class='ocrx_word' id='word_1_304' title='bbox 657 3007 689 3054; x_wconf 88' lang='lat' dir='ltr'><strong>e·</strong></span> <span class='ocrx_word' id='word_1_305' title='bbox 715 3009 809 3072; x_wconf 72' lang='grc'><strong>333.»</strong></span> <span class='ocrx_word' id='word_1_306' title='bbox 825 2993 895 3055; x_wconf 81' lang='lat' dir='ltr'><strong>uox</strong></span> <span class='ocrx_word' id='word_1_307' title='bbox 911 2992 979 3055; x_wconf 92' lang='lat' dir='ltr'>talia</span> <span class='ocrx_word' id='word_1_308' title='bbox 996 2994 1130 3056; x_wconf 87' lang='grc'><strong>33333333</strong></span> <span class='ocrx_word' id='word_1_309' title='bbox 1146 3006 1354 3058; x_wconf 86' lang='lat' dir='ltr'>evomuerunt</span> 
     </span>
     <span class='ocr_line' id='line_1_35' title="bbox 60 3067 1353 3152; baseline 0.006 -24"><span class='ocrx_word' id='word_1_310' title='bbox 60 3067 605 3148; x_wconf 70' lang='grc'><strong>33333333313333133331113311333333</strong></span> <span class='ocrx_word' id='word_1_311' title='bbox 622 3087 688 3135; x_wconf 90' lang='lat' dir='ltr'>sna·</span> <span class='ocrx_word' id='word_1_312' title='bbox 717 3076 749 3134; x_wconf 92' lang='lat' dir='ltr'>in</span> <span class='ocrx_word' id='word_1_313' title='bbox 764 3072 835 3134; x_wconf 88' lang='lat' dir='ltr'>lesu</span> <span class='ocrx_word' id='word_1_314' title='bbox 850 3071 962 3135; x_wconf 84' lang='lat' dir='ltr'>Christi</span> <span class='ocrx_word' id='word_1_315' title='bbox 976 3075 1154 3151; x_wconf 80' lang='lat' dir='ltr'>imaginem,</span> <span class='ocrx_word' id='word_1_316' title='bbox 1170 3091 1247 3152; x_wconf 89' lang='grc'><strong>3333</strong></span> <span class='ocrx_word' id='word_1_317' title='bbox 1262 3090 1353 3136; x_wconf 88' lang='lat' dir='ltr'>nemo</span> 
     </span>
     <span class='ocr_line' id='line_1_36' title="bbox 56 3149 1353 3232; baseline 0.004 -23"><span class='ocrx_word' id='word_1_318' title='bbox 56 3153 209 3224; x_wconf 87' lang='grc'><strong>33333133</strong></span> <span class='ocrx_word' id='word_1_319' title='bbox 229 3151 425 3225; x_wconf 88' lang='grc'><strong>13333133333,</strong></span> <span class='ocrx_word' id='word_1_320' title='bbox 441 3149 688 3230; x_wconf 87' lang='grc'><strong>311333333311113</strong></span> <span class='ocrx_word' id='word_1_321' title='bbox 715 3154 1218 3232; x_wconf 76' lang='grc'><strong>33333333333333331333333331.</strong></span> <span class='ocrx_word' id='word_1_322' title='bbox 1229 3155 1353 3216; x_wconf 83' lang='grc'><strong>333331</strong></span> 
     </span>
     <span class='ocr_line' id='line_1_37' title="bbox 62 3226 1351 3310; baseline 0.005 -23"><span class='ocrx_word' id='word_1_323' title='bbox 62 3226 211 3292; x_wconf 87' lang='lat' dir='ltr'>habitavit.</span> <span class='ocrx_word' id='word_1_324' title='bbox 229 3229 366 3304; x_wconf 87' lang='lat' dir='ltr'>Quodam</span> <span class='ocrx_word' id='word_1_325' title='bbox 381 3241 484 3293; x_wconf 86' lang='lat' dir='ltr'>autern</span> <span class='ocrx_word' id='word_1_326' title='bbox 497 3231 624 3292; x_wconf 86' lang='lat' dir='ltr'>discum</span> <span class='ocrx_word' id='word_1_327' title='bbox 640 3231 688 3293; x_wconf 91' lang='lat' dir='ltr'>hic</span> <span class='ocrx_word' id='word_1_328' title='bbox 716 3231 841 3294; x_wconf 88' lang='lat' dir='ltr'>deinde:</span> <span class='ocrx_word' id='word_1_329' title='bbox 865 3253 878 3286; x_wconf 80' lang='grc'><strong>3</strong></span> <span class='ocrx_word' id='word_1_330' title='bbox 900 3233 1083 3295; x_wconf 84' lang='lat' dir='ltr'>Audivimus</span> <span class='ocrx_word' id='word_1_331' title='bbox 1104 3243 1200 3310; x_wconf 91' lang='grc'><strong>331333</strong></span> <span class='ocrx_word' id='word_1_332' title='bbox 1221 3242 1351 3308; x_wconf 88' lang='grc'><strong>3331333,</strong></span> 
     </span>
     <span class='ocr_line' id='line_1_38' title="bbox 63 3309 1351 3390; baseline 0.004 -23"><span class='ocrx_word' id='word_1_333' title='bbox 63 3309 220 3381; x_wconf 79' lang='lat' dir='ltr'>gentilium</span> <span class='ocrx_word' id='word_1_334' title='bbox 236 3324 362 3374; x_wconf 90' lang='lat' dir='ltr'>suorum</span> <span class='ocrx_word' id='word_1_335' title='bbox 387 3311 531 3390; x_wconf 87' lang='lat' dir='ltr'>quosdam</span> <span class='ocrx_word' id='word_1_336' title='bbox 548 3311 579 3373; x_wconf 91' lang='grc'><strong>13</strong></span> <span class='ocrx_word' id='word_1_337' title='bbox 595 3326 686 3388; x_wconf 87' lang='lat' dir='ltr'>pren·</span> <span class='ocrx_word' id='word_1_338' title='bbox 717 3313 806 3390; x_wconf 88' lang='lat' dir='ltr'>pedes</span> <span class='ocrx_word' id='word_1_339' title='bbox 826 3327 996 3390; x_wconf 85' lang='lat' dir='ltr'>manusque</span> <span class='ocrx_word' id='word_1_340' title='bbox 1016 3312 1098 3375; x_wconf 90' lang='lat' dir='ltr'>illius</span> <span class='ocrx_word' id='word_1_341' title='bbox 1118 3315 1211 3376; x_wconf 83' lang='lat' dir='ltr'>claris</span> <span class='ocrx_word' id='word_1_342' title='bbox 1231 3314 1351 3376; x_wconf 83' lang='lat' dir='ltr'>fixisse:</span> 
     </span>
     <span class='ocr_line' id='line_1_39' title="bbox 62 3385 1353 3472; baseline 0.007 -27"><span class='ocrx_word' id='word_1_343' title='bbox 62 3385 141 3448; x_wconf 90' lang='lat' dir='ltr'>dium</span> <span class='ocrx_word' id='word_1_344' title='bbox 157 3389 330 3463; x_wconf 87' lang='lat' dir='ltr'>invitasset,</span> <span class='ocrx_word' id='word_1_345' title='bbox 353 3390 495 3466; x_wconf 82' lang='lat' dir='ltr'>contigit,</span> <span class='ocrx_word' id='word_1_346' title='bbox 514 3397 548 3452; x_wconf 90' lang='lat' dir='ltr'>ut</span> <span class='ocrx_word' id='word_1_347' title='bbox 562 3391 688 3468; x_wconf 82' lang='lat' dir='ltr'>quidam</span> <span class='ocrx_word' id='word_1_348' title='bbox 717 3393 788 3472; x_wconf 89' lang='grc'><strong>3313</strong></span> <span class='ocrx_word' id='word_1_349' title='bbox 804 3391 1079 3470; x_wconf 85' lang='lat' dir='ltr'>ohest‚qnominus</span> <span class='ocrx_word' id='word_1_350' title='bbox 1090 3400 1121 3454; x_wconf 91' lang='grc'><strong>31</strong></span> <span class='ocrx_word' id='word_1_351' title='bbox 1132 3394 1275 3456; x_wconf 88' lang='grc'><strong>33333333</strong></span> <span class='ocrx_word' id='word_1_352' title='bbox 1288 3400 1353 3454; x_wconf 91' lang='lat' dir='ltr'>ten·</span> 
     </span>
     <span class='ocr_line' id='line_1_40' title="bbox 63 3467 1355 3552; baseline 0.006 -28"><span class='ocrx_word' id='word_1_353' title='bbox 63 3467 268 3542; x_wconf 82' lang='lat' dir='ltr'>conuiuarum,</span> <span class='ocrx_word' id='word_1_354' title='bbox 296 3469 423 3532; x_wconf 91' lang='lat' dir='ltr'>sublatis</span> <span class='ocrx_word' id='word_1_355' title='bbox 451 3468 556 3544; x_wconf 86' lang='lat' dir='ltr'>oculis,</span> <span class='ocrx_word' id='word_1_356' title='bbox 585 3471 690 3548; x_wconf 89' lang='lat' dir='ltr'>imagi·</span> <span class='ocrx_word' id='word_1_357' title='bbox 719 3469 1355 3552; x_wconf 81' lang='lat' dir='ltr'>tcmustoConlsstimantemirnaginisDo-</span> 
     </span>
     <span class='ocr_line' id='line_1_41' title="bbox 64 3545 1354 3630; baseline 0.007 -27"><span class='ocrx_word' id='word_1_358' title='bbox 64 3559 128 3607; x_wconf 88' lang='lat' dir='ltr'><strong>nem</strong></span> <span class='ocrx_word' id='word_1_359' title='bbox 144 3545 256 3610; x_wconf 82' lang='lat' dir='ltr'>Christi</span> <span class='ocrx_word' id='word_1_360' title='bbox 270 3549 390 3611; x_wconf 90' lang='lat' dir='ltr'>Dornini</span> <span class='ocrx_word' id='word_1_361' title='bbox 405 3550 498 3611; x_wconf 92' lang='lat' dir='ltr'>nostri</span> <span class='ocrx_word' id='word_1_362' title='bbox 513 3549 686 3627; x_wconf 86' lang='lat' dir='ltr'>inspiceret:</span> <span class='ocrx_word' id='word_1_363' title='bbox 717 3553 795 3613; x_wconf 88' lang='lat' dir='ltr'>mini</span> <span class='ocrx_word' id='word_1_364' title='bbox 828 3551 918 3630; x_wconf 88' lang='lat' dir='ltr'>pedes</span> <span class='ocrx_word' id='word_1_365' title='bbox 949 3567 1118 3629; x_wconf 84' lang='lat' dir='ltr'>manusque</span> <span class='ocrx_word' id='word_1_366' title='bbox 1141 3552 1234 3615; x_wconf 88' lang='lat' dir='ltr'>clavis</span> <span class='ocrx_word' id='word_1_367' title='bbox 1247 3553 1354 3615; x_wconf 84' lang='lat' dir='ltr'>terreis</span> 
     </span>
     <span class='ocr_line' id='line_1_42' title="bbox 63 3629 1354 3706; baseline 0.009 -24"><span class='ocrx_word' id='word_1_368' title='bbox 63 3636 186 3706; x_wconf 85' lang='lat' dir='ltr'>moxque</span> <span class='ocrx_word' id='word_1_369' title='bbox 204 3643 371 3691; x_wconf 81' lang='lat' dir='ltr'>conuersus</span> <span class='ocrx_word' id='word_1_370' title='bbox 390 3630 426 3691; x_wconf 91' lang='lat' dir='ltr'><strong>od</strong></span> <span class='ocrx_word' id='word_1_371' title='bbox 440 3629 687 3692; x_wconf 81' lang='lat' dir='ltr'>convivatorem:</span> <span class='ocrx_word' id='word_1_372' title='bbox 718 3632 907 3695; x_wconf 88' lang='grc'><strong>1333333331.</strong></span> <span class='ocrx_word' id='word_1_373' title='bbox 936 3631 1052 3694; x_wconf 84' lang='lat' dir='ltr'>Deinde</span> <span class='ocrx_word' id='word_1_374' title='bbox 1080 3633 1186 3695; x_wconf 91' lang='lat' dir='ltr'>insano</span> <span class='ocrx_word' id='word_1_375' title='bbox 1209 3649 1263 3694; x_wconf 91' lang='lat' dir='ltr'><strong>ore</strong></span> <span class='ocrx_word' id='word_1_376' title='bbox 1292 3632 1354 3694; x_wconf 91' lang='lat' dir='ltr'>cla-</span> 
     </span>
     <span class='ocr_line' id='line_1_43' title="bbox 71 3703 1355 3788; baseline 0.005 -21"><span class='ocrx_word' id='word_1_377' title='bbox 71 3703 147 3779; x_wconf 72' lang='grc'><strong>113,</strong></span> <span class='ocrx_word' id='word_1_378' title='bbox 169 3707 285 3786; x_wconf 90' lang='grc'><strong>333311,</strong></span> <span class='ocrx_word' id='word_1_379' title='bbox 307 3707 439 3771; x_wconf 85' lang='grc'><strong>1333333</strong></span> <span class='ocrx_word' id='word_1_380' title='bbox 460 3723 532 3771; x_wconf 90' lang='lat' dir='ltr'><strong>cum</strong></span> <span class='ocrx_word' id='word_1_381' title='bbox 553 3708 608 3782; x_wconf 86' lang='lat' dir='ltr'>sis,</span> <span class='ocrx_word' id='word_1_382' title='bbox 629 3725 689 3788; x_wconf 88' lang='grc'><strong>333</strong></span> <span class='ocrx_word' id='word_1_383' title='bbox 718 3715 842 3772; x_wconf 76' lang='lat' dir='ltr'>manttr</span> <span class='ocrx_word' id='word_1_384' title='bbox 861 3711 1044 3774; x_wconf 76' lang='lat' dir='ltr'>Audivimus</span> <span class='ocrx_word' id='word_1_385' title='bbox 1087 3711 1145 3774; x_wconf 92' lang='lat' dir='ltr'><strong>uod</strong></span> <span class='ocrx_word' id='word_1_386' title='bbox 1166 3720 1196 3774; x_wconf 90' lang='lat' dir='ltr'><strong>et</strong></span> <span class='ocrx_word' id='word_1_387' title='bbox 1218 3725 1303 3774; x_wconf 89' lang='grc'><strong>33313</strong></span> <span class='ocrx_word' id='word_1_388' title='bbox 1323 3719 1355 3774; x_wconf 87' lang='grc'><strong>31</strong></span> 
     </span>
     <span class='ocr_line' id='line_1_44' title="bbox 65 3729 1352 3872; baseline 0.009 -32"><span class='ocrx_word' id='word_1_389' title='bbox 65 3780 690 3872; x_wconf 77' lang='grc'><strong>133313133333333333333333333333333-</strong></span> <span class='ocrx_word' id='word_1_390' title='bbox 718 3729 1352 3871; x_wconf 69' lang='lat' dir='ltr'>tettstmhouspongiaiitompouvaront:</span> 
     </span>
     <span class='ocr_line' id='line_1_45' title="bbox 66 3866 1355 3952; baseline 0.011 -32"><span class='ocrx_word' id='word_1_391' title='bbox 66 3866 689 3945; x_wconf 74' lang='grc' dir='ltr'><strong>3333333311133333333313Ν33313331,</strong></span> <span class='ocrx_word' id='word_1_392' title='bbox 719 3870 861 3934; x_wconf 87' lang='lat' dir='ltr'>iaciamus</span> <span class='ocrx_word' id='word_1_393' title='bbox 875 3877 906 3931; x_wconf 90' lang='grc'><strong>31</strong></span> <span class='ocrx_word' id='word_1_394' title='bbox 920 3886 974 3932; x_wconf 89' lang='grc'><strong>333</strong></span> <span class='ocrx_word' id='word_1_395' title='bbox 989 3871 1143 3944; x_wconf 87' lang='lat' dir='ltr'>similiter;</span> <span class='ocrx_word' id='word_1_396' title='bbox 1153 3879 1355 3952; x_wconf 85' lang='lat' dir='ltr'>aacccptaque</span> 
     </span>
     <span class='ocr_line' id='line_1_46' title="bbox 67 3939 1355 4030; baseline 0.009 -29"><span class='ocrx_word' id='word_1_397' title='bbox 67 3939 109 4001; x_wconf 88' lang='lat' dir='ltr'>hic</span> <span class='ocrx_word' id='word_1_398' title='bbox 122 3951 192 4020; x_wconf 89' lang='grc'><strong>3331</strong></span> <span class='ocrx_word' id='word_1_399' title='bbox 205 3946 336 4024; x_wconf 84' lang='grc'><strong>31333133</strong></span> <span class='ocrx_word' id='word_1_400' title='bbox 351 3947 561 4010; x_wconf 86' lang='lat' dir='ltr'>conviciorum</span> <span class='ocrx_word' id='word_1_401' title='bbox 584 3957 691 4012; x_wconf 86' lang='grc'><strong>31333-</strong></span> <span class='ocrx_word' id='word_1_402' title='bbox 718 3951 843 4028; x_wconf 72' lang='grc'><strong>3333333</strong></span> <span class='ocrx_word' id='word_1_403' title='bbox 864 3957 949 4012; x_wconf 85' lang='grc'><strong>33313</strong></span> <span class='ocrx_word' id='word_1_404' title='bbox 972 3949 1073 4030; x_wconf 90' lang='grc'><strong>31333,</strong></span> <span class='ocrx_word' id='word_1_405' title='bbox 1101 3950 1139 4013; x_wconf 89' lang='grc'><strong>33</strong></span> <span class='ocrx_word' id='word_1_406' title='bbox 1157 3967 1189 4012; x_wconf 92' lang='grc'><strong>33</strong></span> <span class='ocrx_word' id='word_1_407' title='bbox 1209 3951 1355 4027; x_wconf 87' lang='lat' dir='ltr'>imaginis</span> 
     </span>
     <span class='ocr_line' id='line_1_47' title="bbox 66 4016 1354 4108; baseline 0.012 -30"><span class='ocrx_word' id='word_1_408' title='bbox 66 4016 218 4088; x_wconf 88' lang='grc'><strong>133131333</strong></span> <span class='ocrx_word' id='word_1_409' title='bbox 243 4026 407 4090; x_wconf 89' lang='lat' dir='ltr'>Dominum</span> <span class='ocrx_word' id='word_1_410' title='bbox 437 4025 625 4090; x_wconf 82' lang='lat' dir='ltr'>salvatorem</span> <span class='ocrx_word' id='word_1_411' title='bbox 648 4030 692 4091; x_wconf 87' lang='lat' dir='ltr'><strong>el·</strong></span> <span class='ocrx_word' id='word_1_412' title='bbox 718 4029 942 4108; x_wconf 87' lang='lat' dir='ltr'>applicuerunt.</span> <span class='ocrx_word' id='word_1_413' title='bbox 959 4028 1074 4092; x_wconf 88' lang='grc'><strong>1133333</strong></span> <span class='ocrx_word' id='word_1_414' title='bbox 1087 4033 1188 4103; x_wconf 80' lang='lat' dir='ltr'>ajunt:</span> <span class='ocrx_word' id='word_1_415' title='bbox 1204 4051 1217 4084; x_wconf 84' lang='grc'><strong>3</strong></span> <span class='ocrx_word' id='word_1_416' title='bbox 1236 4029 1354 4092; x_wconf 85' lang='lat' dir='ltr'>Notum</span> 
     </span>
     <span class='ocr_line' id='line_1_48' title="bbox 68 4097 1355 4189; baseline 0.01 -32"><span class='ocrx_word' id='word_1_417' title='bbox 68 4097 181 4164; x_wconf 91' lang='grc'><strong>1333331.</strong></span> <span class='ocrx_word' id='word_1_418' title='bbox 212 4103 394 4168; x_wconf 86' lang='lat' dir='ltr'>Convirator</span> <span class='ocrx_word' id='word_1_419' title='bbox 425 4113 527 4170; x_wconf 91' lang='lat' dir='ltr'>autem</span> <span class='ocrx_word' id='word_1_420' title='bbox 556 4110 690 4188; x_wconf 89' lang='lat' dir='ltr'>seipsum</span> <span class='ocrx_word' id='word_1_421' title='bbox 720 4109 805 4170; x_wconf 92' lang='lat' dir='ltr'>nobis</span> <span class='ocrx_word' id='word_1_422' title='bbox 819 4116 874 4184; x_wconf 88' lang='lat' dir='ltr'>est,</span> <span class='ocrx_word' id='word_1_423' title='bbox 889 4109 969 4188; x_wconf 83' lang='lat' dir='ltr'>quod</span> <span class='ocrx_word' id='word_1_424' title='bbox 984 4117 1013 4170; x_wconf 91' lang='grc'><strong>31</strong></span> <span class='ocrx_word' id='word_1_425' title='bbox 1027 4108 1142 4170; x_wconf 86' lang='lat' dir='ltr'>calamo</span> <span class='ocrx_word' id='word_1_426' title='bbox 1162 4117 1252 4189; x_wconf 90' lang='lat' dir='ltr'>caput</span> <span class='ocrx_word' id='word_1_427' title='bbox 1273 4109 1355 4172; x_wconf 94' lang='lat' dir='ltr'>illius</span> 
     </span>
     <span class='ocr_line' id='line_1_49' title="bbox 69 4185 1355 4265; baseline 0.01 -26"><span class='ocrx_word' id='word_1_428' title='bbox 69 4192 189 4257; x_wconf 86' lang='lat' dir='ltr'>purgare</span> <span class='ocrx_word' id='word_1_429' title='bbox 215 4185 364 4262; x_wconf 83' lang='lat' dir='ltr'>studens,</span> <span class='ocrx_word' id='word_1_430' title='bbox 393 4187 562 4250; x_wconf 81' lang='lat' dir='ltr'>affirmabat</span> <span class='ocrx_word' id='word_1_431' title='bbox 596 4191 690 4252; x_wconf 89' lang='lat' dir='ltr'>etiam</span> <span class='ocrx_word' id='word_1_432' title='bbox 719 4194 817 4265; x_wconf 90' lang='lat' dir='ltr'>potres</span> <span class='ocrx_word' id='word_1_433' title='bbox 846 4190 942 4251; x_wconf 91' lang='lat' dir='ltr'>nostri</span> <span class='ocrx_word' id='word_1_434' title='bbox 967 4194 1192 4264; x_wconf 86' lang='lat' dir='ltr'>percusserunt.</span> <span class='ocrx_word' id='word_1_435' title='bbox 1217 4189 1355 4253; x_wconf 78' lang='grc'><strong>11131331·</strong></span> 
     </span>
     <span class='ocr_line' id='line_1_50' title="bbox 67 4266 1354 4347; baseline 0.009 -29"><span class='ocrx_word' id='word_1_436' title='bbox 67 4269 170 4338; x_wconf 84' lang='lat' dir='ltr'>sancto,</span> <span class='ocrx_word' id='word_1_437' title='bbox 181 4279 211 4326; x_wconf 89' lang='lat' dir='ltr'><strong>se</strong></span> <span class='ocrx_word' id='word_1_438' title='bbox 223 4266 430 4344; x_wconf 86' lang='lat' dir='ltr'>hujuscemodi</span> <span class='ocrx_word' id='word_1_439' title='bbox 443 4267 612 4344; x_wconf 87' lang='lat' dir='ltr'>imaginem</span> <span class='ocrx_word' id='word_1_440' title='bbox 623 4267 691 4331; x_wconf 90' lang='lat' dir='ltr'>hac·</span> <span class='ocrx_word' id='word_1_441' title='bbox 719 4283 806 4345; x_wconf 92' lang='lat' dir='ltr'>psum</span> <span class='ocrx_word' id='word_1_442' title='bbox 821 4270 944 4331; x_wconf 83' lang='lat' dir='ltr'>etiams</span> <span class='ocrx_word' id='word_1_443' title='bbox 962 4267 1050 4328; x_wconf 91' lang='lat' dir='ltr'>nohis</span> <span class='ocrx_word' id='word_1_444' title='bbox 1065 4267 1190 4344; x_wconf 87' lang='lat' dir='ltr'>pariter.</span> <span class='ocrx_word' id='word_1_445' title='bbox 1206 4267 1354 4347; x_wconf 68' lang='lat' dir='ltr'>assumpto</span> 
     </span>
     <span class='ocr_line' id='line_1_51' title="bbox 70 4341 1354 4426; baseline 0.008 -28"><span class='ocrx_word' id='word_1_446' title='bbox 70 4341 153 4426; x_wconf 72' lang='lat' dir='ltr'>lenus</span> <span class='ocrx_word' id='word_1_447' title='bbox 167 4359 225 4406; x_wconf 92' lang='lat' dir='ltr'><strong>non</strong></span> <span class='ocrx_word' id='word_1_448' title='bbox 242 4346 369 4409; x_wconf 86' lang='lat' dir='ltr'>uidisse:</span> <span class='ocrx_word' id='word_1_449' title='bbox 394 4353 485 4426; x_wconf 88' lang='lat' dir='ltr'>atque</span> <span class='ocrx_word' id='word_1_450' title='bbox 508 4349 547 4409; x_wconf 90' lang='lat' dir='ltr'><strong>ita</strong></span> <span class='ocrx_word' id='word_1_451' title='bbox 570 4347 623 4426; x_wconf 91' lang='grc'><strong>333</strong></span> <span class='ocrx_word' id='word_1_452' title='bbox 645 4351 692 4410; x_wconf 85' lang='grc'><strong>33·</strong></span> <span class='ocrx_word' id='word_1_453' title='bbox 720 4347 957 4424; x_wconf 84' lang='lat' dir='ltr'>igitnroalamo,</span> <span class='ocrx_word' id='word_1_454' title='bbox 979 4351 1070 4425; x_wconf 91' lang='lat' dir='ltr'>capnt</span> <span class='ocrx_word' id='word_1_455' title='bbox 1084 4345 1207 4410; x_wconf 90' lang='lat' dir='ltr'>Domini</span> <span class='ocrx_word' id='word_1_456' title='bbox 1230 4349 1354 4410; x_wconf 88' lang='grc'><strong>3333333</strong></span> 
     </span>
     <span class='ocr_line' id='line_1_52' title="bbox 71 4423 1269 4506; baseline 0.013 -33"><span class='ocrx_word' id='word_1_457' title='bbox 71 4423 260 4502; x_wconf 84' lang='grc'><strong>3331333331,</strong></span> <span class='ocrx_word' id='word_1_458' title='bbox 276 4429 380 4490; x_wconf 88' lang='grc'><strong>133311.</strong></span> <span class='ocrx_word' id='word_1_459' title='bbox 403 4425 565 4506; x_wconf 87' lang='lat' dir='ltr'>Postquam</span> <span class='ocrx_word' id='word_1_460' title='bbox 586 4432 690 4490; x_wconf 89' lang='lat' dir='ltr'>antem</span> <span class='ocrx_word' id='word_1_461' title='bbox 719 4435 893 4504; x_wconf 88' lang='lat' dir='ltr'>coeperunt.</span> <span class='ocrx_word' id='word_1_462' title='bbox 916 4427 1053 4490; x_wconf 76' lang='grc'><strong>3333333</strong></span> <span class='ocrx_word' id='word_1_463' title='bbox 1075 4425 1181 4504; x_wconf 89' lang='lat' dir='ltr'>ajunt:</span> <span class='ocrx_word' id='word_1_464' title='bbox 1198 4449 1212 4483; x_wconf 80' lang='lat' dir='ltr'>a</span> <span class='ocrx_word' id='word_1_465' title='bbox 1232 4426 1269 4488; x_wconf 81' lang='lat' dir='ltr'><strong>Cl</strong></span> 
     </span>
    </p>
   </div>
   <div class='ocr_carea' id='block_1_3' title="bbox 0 0 1475 4810">
    <p class='ocr_par' dir='ltr' id='par_1_3' title="bbox 0 0 1475 4810">
     <span class='ocr_line' id='line_1_53' title="bbox 0 0 1475 4810; baseline 0 0"><span class='ocrx_word' id='word_1_466' title='bbox 0 0 1475 4810; x_wconf 95' lang='lat' dir='ltr'><strong> </strong></span> 
     </span>
    </p>
   </div>
  </div>
 </body>
</html>
