2946 4798
537 299 575 344 nu
600 297 644 344 ss.
673 298 757 358 mou,
785 297 891 344 nonni
915 295 982 344 ure.
1010 297 1067 344 ini.
1279 277 1358 343 DEC.
1381 279 1411 340 28

168 383 330 474 oportuit,
350 382 408 452 sed
436 382 593 472 protinus
609 382 750 472 ejiciens
767 381 813 464 id,
831 380 923 470 quod
942 380 1089 452 babebat
1107 383 1140 451 in
1162 383 1243 453 sinu
1255 380 1304 472 (id
1319 393 1412 450 autem

168 485 240 542 erat
256 485 513 543 sacrosanctum
533 470 784 561 Evangelium),
799 470 946 561 aperuit,
962 484 994 540 et
1010 470 1113 542 dabat
1128 491 1267 562 opernm
1285 469 1412 539 lectioni.

170 565 265 634 Unus
291 582 368 630 vero
392 582 431 631 ex
465 559 786 650 intemperantibus,
810 573 922 630 oestro
947 559 1069 630 insano
1094 561 1268 660 percitus,
1294 558 1335 628 ad
1356 577 1411 626 eam

168 649 381 740 ingreditur:
408 648 467 736 qui
489 647 740 739 aliquantisper
760 649 901 736 quidem
922 670 997 717 eam
1019 648 1130 720 audiit
1147 649 1327 739 legentem.
1350 651 1412 716 tum

169 753 282 808 autem
302 739 376 828 jam
404 758 508 827 prope
531 753 639 818 esset,
668 760 687 806 a
718 737 866 807 maximo
892 749 985 806 metu
1009 737 1194 818 invaditur,
1226 750 1259 807 et
1295 749 1412 806 tremore

171 827 268 896 valde
284 827 444 928 agitatur,
457 839 489 896 et
505 825 605 895 humi
621 824 817 916 procumbit
835 837 1002 907 mortuus,
1016 837 1048 895 et
1064 827 1114 896 sio
1125 827 1263 916 jacebat
1277 825 1320 895 ad
1336 823 1410 916 pedes

170 915 387 1005 Theoplnlae,
408 936 474 984 nou
500 915 650 1004 spirans.
670 913 795 984 Multae
820 914 923 985 borae
939 915 1195 1004 praeterierant,
1213 927 1246 985 et
1262 935 1339 984 cum
1355 911 1407 981 aliis

170 1005 280 1074 visum
302 1015 401 1085 esset,
416 1003 581 1091 quoniam
609 1025 675 1073 non
700 1003 825 1084 exibat,
844 1025 924 1073 eum
946 1025 1014 1073 non
1040 1025 1139 1093 posse
1159 1003 1279 1074 satiari
1295 1003 1344 1072 vir
1362 1001 1405 1076 ‘ns

172 1093 229 1162 ubi
255 1091 344 1160 alius
363 1114 500 1181 quoque
524 1091 729 1183 ingreditur,
753 1093 825 1182 ipse
844 1113 981 1180 quoque
1000 1092 1073 1182 jam
1126 1114 1207 1182 rope
1230 1023 1409 1171 stansdnis

169 1180 336 1338 guidem,
364 1201 452 1268 quae
480 1182 594 1251 verbis
617 1181 765 1272 exprimi
797 1202 863 1250 non
902 1194 1032 1271 potest,
1059 1115 1193 1273 lufgore
1221 1180 1412 1251 illustratur.

194 1269 294 1339 einde
317 1291 396 1339 eum
422 1293 441 1338 a
466 1268 542 1339 luce
569 1269 727 1340 tenebrae
751 1271 938 1360 excipiunt,
957 1281 990 1339 et
1013 1269 1136 1340 obtutu
1161 1269 1315 1352 orbatus,
1333 1288 1415 1355 quae

169 1359 265 1428 rebat
293 1357 424 1441 obiens,
445 1379 511 1428 non
542 1359 692 1448 amplius
722 1359 915 1448 virginem:
949 1357 1008 1428 sed
1032 1357 1328 1446 quemadmodum
1351 1357 1415 1426 citra

169 1447 390 1517 offensionem
416 1447 521 1516 exiret
544 1460 637 1516 extra
660 1446 760 1516 sores.
933 1507 937 1513 .

213 1539 231 1622 §
257 1539 328 1608 Μ.
356 1539 439 1604 Cum
467 1536 565 1605 multi
586 1535 726 1624 quidem
752 1535 833 1606 talia
859 1535 950 1625 passi
970 1548 1095 1612 essent,
1111 1549 1143 1603 et
1161 1535 1319 1605 nonnulli
1335 1535 1415 1602 etiarn

170 1625 280 1714 magis
305 1623 496 1706 horribilia,
519 1624 606 1694 nulli
622 1624 685 1694 luit
709 1623 861 1716 antplius
885 1624 980 1693 cordi
1000 1625 1149 1716 ingredi:
1170 1625 1227 1693 sed
1255 1637 1287 1692 et
1306 1625 1333 1692 si
1379 1621 1417 1688 nis

169 1712 438 1813 ingrediebatur,
458 1735 524 1783 non
552 1711 810 1804 ingrediebatur
824 1725 947 1801 captus
963 1733 1090 1782 amore:
1110 1713 1170 1782 sed
1190 1711 1302 1783 solum
1324 1645 1417 1780 vdens

168 1823 257 1870 scire
281 1823 320 1871 ea
345 1823 433 1889 quae
456 1802 544 1871 lacta
568 1800 713 1872 fuerant.
732 1806 915 1888 Postquam
934 1813 1049 1871 autem
1074 1801 1222 1893 ingressi
1246 1815 1417 1871 suotcorn·

167 1889 298 1980 plures,
325 1890 441 1960 vident
464 1913 515 1973 ea,
538 1911 627 1978 quae
657 1903 690 1960 et
719 1888 762 1959 ad
788 1889 975 1960 videndum
1006 1903 1104 1960 erant
1128 1889 1307 1972 terribilia,
1336 1901 1366 1958 et
1387 1884 1416 1954 ad

168 1978 355 2049 dicendum
380 1979 458 2051 aliis
489 1979 636 2049 maxime
666 1978 907 2049 admirabilia:
944 1978 1096 2069 puellam
1126 1978 1266 2069 quidem
1300 1979 1418 2048 honeste

168 2068 355 2151 sedentem,
377 2080 410 2138 et
433 2067 522 2148 libro
545 2068 822 2149 incumbentem;
848 2066 1101 2137 adolescentem
1120 2080 1235 2138 autem
1252 2066 1416 2156 quemdem

170 2179 277 2314 prope
301 2179 375 2226 eum
402 2168 560 2238 stantem,
578 2155 655 2226 luce
673 2156 814 2245 quidem
835 2156 1014 2239 ineffabili,
1031 2156 1266 2246 pulcritudine
1289 2177 1365 2225 vero
1381 2154 1417 2220 in-

169 2267 225 2315 cre
254 2245 340 2328 ibili,
361 2244 466 2315 veluti
489 2246 659 2334 quaedam
682 2245 747 2316 tela
759 2245 916 2336 lulguris
931 2247 1140 2316 emittentem
1157 2267 1197 2315 ex
1212 2245 1333 2316 oculis.
1347 2248 1418 2312 llaec

169 2348 350 2425 postquam
376 2333 545 2416 viderunt,
576 2348 608 2404 et
639 2347 733 2404 metu
757 2334 987 2424 diriguerunt,
1009 2346 1042 2404 et
1064 2334 1119 2404 vix
1143 2333 1300 2404 tandem:
1319 2329 1417 2414 «Quis

167 2435 218 2492 est
243 2424 332 2494 sicut
355 2423 626 2492 Christianorum
653 2427 769 2492 Deus?
794 2446 811 2490 v
839 2423 1141 2503 exclamaverunt;
1170 2436 1202 2492 et
1234 2422 1338 2492 simul
1365 2439 1414 2488 uon

167 2511 313 2582 ferentes
338 2511 585 2602 spectaculum,
611 2524 697 2581 recte
723 2533 839 2582 secum
872 2509 928 2602 agi
954 2511 1131 2601 putabant,
1158 2512 1188 2580 si
1213 2510 1413 2605 lugerent-et

167 2601 338 2670 celeritate
367 2601 515 2669 maxima
539 2600 642 2669 domo
667 2601 816 2682 exibant,
838 2621 958 2670 omnes
980 2600 1121 2687 quidem
1145 2599 1244 2670 obliti
1268 2599 1411 2670 libidinis.

166 2688 327 2758 nonnulli
352 2702 466 2758 autem
496 2689 597 2758 etiam
624 2689 699 2778 ipsa
724 2690 899 2779 impietate
922 2689 1092 2778 abjurata.
1124 2689 1186 2758 Sed
1222 2711 1329 2776 neque
1352 2687 1414 2755 haer

167 2779 338 2868 ignoravit
362 2778 605 2848 Maximianus:
626 2777 684 2848 sed
710 2800 790 2849 cum
809 2778 1000 2849 rescivisset
1016 2777 1186 2867 virginem
1211 2777 1347 2865 quidem
1364 2792 1415 2841 non

169 2888 268 2955 posse
291 2866 368 2956 oapi
393 2867 437 2936 ab
460 2866 503 2939 iis
530 2866 590 2954 qui
625 2866 735 2955 ipsam
765 2867 965 2947 servabant,
996 2866 1191 2948 militibus,
1218 2866 1301 2954 quin
1334 2864 1415 2934 etism

169 2955 297 3024 multos
320 2977 359 3023 ex
385 2955 458 3026 suis
482 2976 556 3025 esse
573 2953 690 3037 victos,
709 2968 741 3025 et
764 2955 928 3027 didicisse
945 2959 1050 3024 Deum
1069 2956 1123 3045 pie
1143 2955 1266 3038 colere,
1286 2954 1339 3024 bei
1355 2971 1417 3041 gra·

169 3043 248 3110 tiam
267 3042 484 3113 adscribebat
508 3043 754 3114 incantationi:
776 3044 895 3114 dicens
916 3043 1127 3114 Christianos
1147 3046 1195 3114 uti
1222 3043 1369 3114 artificiis
1383 3035 1415 3106 ad

167 3131 292 3220 vulgus
322 3132 579 3222 decipiendum.
608 3132 672 3202 Sed
696 3131 754 3203 ille
773 3132 911 3235 quidem
938 3132 1022 3204 haec
1047 3133 1178 3214 dicens,
1200 3134 1349 3223 seipsum
1371 3147 1417 3216 po·

170 3221 236 3290 tius
253 3220 456 3311 decipiebat,
475 3232 507 3291 et
528 3221 738 3310 quicumque
758 3221 813 3292 lns
837 3221 940 3312 nugis
965 3222 1122 3291 animum
1148 3220 1363 3292 adhibebant.
1397 3301 1402 3312 Ι

211 3312 228 3397 5
254 3313 334 3382 Η.
364 3309 426 3379 Ille
453 3321 568 3380 autem
598 3309 722 3402 plenus
748 3309 892 3392 lumine,
915 3311 974 3400 qui
999 3309 1179 3381 videbatur
1201 3309 1327 3401 virgini
1347 3324 1415 3374 asst-

167 3409 266 3481 stere,
284 3421 363 3468 cum
389 3421 463 3468 eam
489 3398 592 3468 domo
615 3399 800 3482 eduxisset,
820 3421 883 3468 suo
908 3398 1041 3469 lumine
1067 3398 1276 3490 praecedens
1290 3395 1415 3467 deduce-

166 3486 235 3556 bat.
262 3487 389 3556 Deinde
416 3509 496 3557 cum
527 3487 629 3556 etiam
655 3487 854 3560 adduxisset
878 3509 987 3575 usque
1011 3486 1053 3556 ad
1080 3509 1213 3558 sacram
1242 3485 1412 3558 ecclesiam.

167 3595 241 3644 eam
264 3577 382 3647 statuit
406 3576 440 3646 in
462 3575 643 3647 vestibulo:
660 3591 693 3647 et
717 3599 810 3659 cum,
828 3582 895 3646 Pax
920 3576 995 3658 tibi,
1014 3575 1168 3659 dixisset,
1186 3576 1334 3647 recessit.
1350 3576 1412 3640 Earn

167 3677 281 3734 autem
314 3665 439 3734 invasit
469 3676 501 3735 et
533 3679 656 3748 metus,
676 3678 708 3735 et
731 3665 913 3756 gaudium.
936 3670 1044 3736 Metus
1067 3665 1233 3753 quidem,
1262 3661 1348 3753 quod
1372 3654 1414 3754 ille

166 3773 242 3824 eam
269 3753 474 3841 reliquisset.
506 3753 678 3824 Gaudium
708 3775 798 3837 vero,
820 3753 913 3845 quod
938 3752 1203 3825 libidinosorum
1237 3772 1355 3824 manus
1379 3762 1414 3815 stt

167 3841 356 3932 effugisset,
378 3842 464 3912 nihil
494 3863 595 3933 passa
620 3840 834 3914 indecorum.
859 3841 1029 3912 decedens
1053 3864 1146 3934 ergo,
1173 3841 1290 3932 pulsat
1311 3836 1412 3910 ostium

167 3931 1411 4033 populijamcongregati,etnocturnademoreDeocanentis.Cumauten

161 4042 291 4111 Jonuae
316 4021 496 4112 strepitum
522 4021 684 4091 sensisset
706 4021 848 4110 quidam
875 4021 1065 4101 Diaconus,
1096 4031 1129 4090 et
1151 4041 1320 4109 quaenam
1345 4019 1412 4113 esset

167 4110 371 4192 rescivisset,
392 4109 606 4180 renunciavit
630 4110 673 4179 iis
703 4110 880 4198 quierant
904 4109 994 4178 intra
1018 4108 1213 4179 ecclesiam.
1234 4111 1352 4178 Omnes
1365 4113 1412 4170 tta·

166 4217 233 4296 que
256 4197 298 4267 ad
324 4221 399 4268 eam
424 4197 616 4268 confluunt.
648 4203 732 4269 Nam
764 4198 894 4286 alioqui
918 4197 1116 4268 erat'etiam
1142 4196 1271 4267 illustri
1299 4206 1409 4284 genere.

167 4298 257 4383 ⁸¹.⁰¹.¹²
281 4287 499 4357 audivimus:
524 4288 647 4356 virtute
667 4300 780 4357 autem
809 4285 917 4357 multo
943 4285 1121 4356 illustrior.
1149 4289 1233 4355 Cum
1257 4305 1326 4354 eam
1349 4292 1411 4364 ergo

167 4370 345 4454 vidissent,
368 4389 399 4444 et
424 4396 511 4462 quos
535 4387 567 4446 et
593 4375 760 4463 quidnam
786 4375 936 4447 volentes
967 4375 1153 4465 effugisset,
1178 4370 1409 4445 intellexissent
