2994 4832
70 261 125 325 llll.
146 263 163 324 5
414 280 452 326 na
475 280 502 326 s.
529 281 606 328 sina
629 281 701 328 Iun.
728 281 766 326 nr
789 278 881 327 conr.
1174 265 1236 330 tte

67 363 194 452 dogmata.
214 367 293 433 Cum
313 385 395 454 ergo
417 363 516 454 legati
542 365 714 435 venissent
737 364 1079 455 Constantinopolim,
1098 385 1225 436 arcana
1248 380 1281 437 et

64 475 121 539 quae
140 452 375 542 comprehendi
401 475 466 523 non
491 465 598 543 potest
614 455 672 524 Dei
689 454 978 543 saplentia,'quae
1000 455 1138 524 eminus
1164 477 1278 526 rerum

61 561 223 628 magnarum
241 543 378 630 praebet
397 545 601 624 occasiones,
619 553 651 612 et
674 543 729 624 iis,
747 543 808 630 qui
822 564 901 612 eum
920 543 1124 632 glorificant,
1144 565 1280 632 semper

60 628 205 714 aliquando
224 630 342 700 tribuit
358 630 513 720 gloriam,
529 632 585 701 bie
599 653 736 719 quoque
753 643 844 701 certo
863 631 1008 702 consilio
1031 631 1163 719 aliquid
1179 634 1277 723 gerit,

57 719 186 804 perquod
210 720 345 790 beatum
369 719 505 800 Sabain,
526 721 586 808 qui
610 721 755 792 Indutus
778 733 850 790 erat
877 721 1002 800 cilicio,
1028 734 1061 789 et
1081 721 1139 790 vill
1159 721 1280 791 habitu

55 808 176 888 amictus,
193 809 285 876 omni
306 809 522 897 imperatoria
541 831 696 898 purpura
712 809 823 880 reddit
840 808 1120 897 splendidiorem:
1140 823 1173 878 et
1188 832 1276 891 eam,

53 897 159 979 quaein
183 918 221 964 eo
248 896 434 976 habitabat,
464 899 572 987 aperit
621 899 740 968 retiam
767 899 927 988 Spiritus,
948 920 1036 984 quae
1060 910 1180 988 ¹operta
1207 911 1280 969 erat

51 984 141 1079 pultis
161 985 239 1054 velis
263 984 509 1056 moderationis
536 999 568 1054 et
596 921 815 1058 {umilitatis
842 993 923 1056 Nam
950 1009 1028 1056 eum
1050 988 1087 1067 ii,
1108 987 1167 1074 qui
1198 1009 1278 1057 cum

50 1091 104 1156 ipso
122 1085 219 1154 erant,
238 1073 490 1144 deducerentur
509 1074 550 1144 ad
569 1081 827 1164 Imperatorem,
844 1089 876 1144 et
895 1075 1042 1144 luissent
1061 1076 1132 1164 jam
1158 1096 1279 1146 omnes

48 1159 117 1228 intra
135 1162 240 1232 aulam
258 1164 526 1252 imperatoriam,
546 1163 602 1232 ille
617 1163 712 1234 solus
736 1187 756 1232 a
778 1163 981 1234 custodibus
1005 1177 1140 1234 arcetur
1159 1165 1202 1234 ab
1227 1165 1279 1232 ln·

48 1269 151 1335 gressu,
174 1273 231 1320 seu
256 1265 395 1341 propter
423 1252 624 1322 vilissimam
654 1267 686 1320 et
709 1253 889 1322 contritam
919 1253 1097 1338 tunicam,
1125 1275 1187 1322 seu
1212 1258 1277 1322 Ileo

48 1337 135 1422 potius
151 1361 224 1408 eum
248 1342 299 1410 sic
325 1341 456 1410 volente
479 1341 589 1410 lacere
612 1341 784 1431 insignem
813 1353 845 1412 et
869 1341 1070 1430 gloriosum.
1093 1347 1174 1412 Cum
1200 1341 1278 1412 illos

46 1445 106 1512 erge
126 1429 261 1516 benigne
284 1442 375 1498 esset
398 1430 542 1500 intuitus
569 1435 769 1518 Imperator,
796 1443 828 1500 et
851 1453 890 1499 ea
914 1429 1065 1511 dixisset,
1091 1453 1181 1520 quae
1208 1430 1279 1502 dici

46 1513 172 1584 solentin
191 1517 349 1600 adventu,
369 1530 402 1588 et
424 1518 548 1587 deinde
571 1520 769 1606 requireret,
787 1520 948 1606 quisnam
964 1531 1051 1589 esset
1067 1521 1108 1599 is,
1130 1520 1279 1607 quierat

47 1605 198 1691 praecipue
212 1607 243 1674 ln
259 1605 383 1677 litteris
398 1609 540 1695 positus,
557 1608 673 1678 Sabas.
687 1613 769 1678 Cum
789 1608 949 1676 morracbi
965 1621 1078 1676 autem
1093 1608 1126 1676 in
1140 1629 1277 1677 omnem

46 1703 149 1776 partam
162 1694 471 1766 circumcursarent
488 1701 611 1783 (neque
635 1698 726 1766 enlm
747 1697 910 1776 sciebant,
930 1719 1080 1783 quonam
1103 1697 1204 1768 modo
1222 1696 1279 1766 ille

47 1795 113 1847 esset
135 1782 173 1851 ab
194 1789 239 1852 eis
262 1783 473 1874 disjunctus,
502 1797 534 1853 et
559 1785 700 1854 ubinam
729 1786 937 1868 mansisset),
957 1788 1140 1871 statimque
1164 1791 1278 1875 Impa-

48 1869 141 1937 ratoris
168 1871 326 1944 satellites
353 1872 493 1942 adeum
518 1875 752 1960 quaerendum
802 1896 1038 1962 uoquoversus
1061 1875 1206 1954 obirent,
1227 1875 1277 1941 in·

49 1958 151 2026 venitur
163 1973 250 2030 stans
272 1964 307 2030 in
328 1961 480 2049 quodam
505 1963 634 2052 angulo
662 1975 740 2032 ante
765 1897 896 2032 dditum
923 1965 1048 2052 regiae,
1070 1977 1102 2030 et
1127 1963 1279 2050 psalmos

53 2049 343 2121 canensltavidicos.
363 2055 445 2120 Cum
472 2049 567 2119 illinc
591 2072 672 2140 ergo
695 2071 773 2118 eum
798 2051 1026 2141 diripuissent
1049 2051 1224 2130 satellites
1247 2063 1279 2120 et

55 2151 101 2216 ptr
119 2137 217 2207 ravim
242 2161 325 2211 eum
346 2137 547 2210 festinanter
561 2139 827 2220 introducerent,
846 2163 926 2210 cum
948 2141 1020 2228 jam
1046 2151 1135 2209 asset
1158 2161 1280 2210 ascen-

56 2189 260 2318 suruslimen,
288 2228 355 2297 ubi
381 2227 595 2317 praesidebat
619 2234 830 2317 Imperator,
858 2229 948 2298 videt
982 2228 1040 2297 ille
1074 2229 1166 2298 clrca
1197 2249 1276 2326 eum

55 2327 188 2404 insignem
206 2316 384 2402 quandam
413 2329 445 2385 et
472 2315 573 2405 plane
597 2317 836 2386 admirabilem
862 2318 1040 2398 visionem,
1061 2337 1128 2385 non
1158 2328 1279 2402 utqui

54 2391 152 2483 dignus
168 2417 242 2474 esset
272 2405 359 2475 talia
383 2405 509 2474 videre:
535 2405 593 2474 sed
609 2397 657 2474 'ut
680 2406 711 2476 ei
737 2405 831 2475 fieret
852 2405 1085 2486 manifestum,
1108 2416 1276 2492 quantum

47 2481 191 2648 1laetioremd
207 2494 251 2564 sit
288 2494 399 2564 Sabas
433 2493 526 2583 apud
559 2499 664 2564 lteum
697 2507 913 2564 consecutus.
940 2494 1031 2563 I'isio
1061 2507 1173 2564 autem
1208 2503 1279 2561 erat

66 2595 172 2648 unsnro
196 2605 217 2650 r.

74 2597 92 2748 d
105 2670 168 2739 ts.
186 2672 336 2752 Quidam
364 2671 477 2760 specie
495 2671 686 2760 angelicus.
706 2684 796 2742 veste
821 2694 836 2741 s
864 2671 1036 2752 lendidus,
1058 2693 1136 2742 eum
1162 2672 1197 2739 in
1223 2691 1278 2738 or-

40 2749 96 2818 bem
112 2756 328 2840 circumiens,
346 2772 379 2828 et
397 2760 576 2848 ingressus
595 2760 694 2829 illum
714 2693 930 2849 praecedens.
942 2765 1030 2830 Haec
1044 2783 1123 2831 cum
1138 2759 1280 2859 vidisset

38 2839 204 2930 Imperator,
222 2861 256 2918 et
275 2849 392 2916 virum
419 2869 496 2918 vere
519 2869 591 2918 esse
616 2848 773 2918 divinum
793 2849 996 2931 censuisset,
1015 2860 1048 2920 et
1064 2849 1092 2918 ei
1112 2859 1274 2938 assurgit,

36 2949 117 3014 seque
137 2935 168 3002 in
190 2935 443 3006 sumostendit
466 2937 564 3006 valde
588 2936 793 3018 officiosum,
819 2950 852 3006 et
868 2959 995 3039 magno
1011 2960 1090 3008 enm
1115 2939 1218 3008 lrabet
1242 2938 1279 3006 in

36 3013 148 3112 bonore.
166 3026 294 3095 belnde
315 3025 422 3114 jussit
445 3046 566 3096 omnes
590 3025 727 3096 sedere:
754 3047 868 3096 revera
891 3049 983 3098 enim
1004 3041 1075 3098 erat
1099 3027 1128 3096 ei
1152 3047 1278 3115 magna

34 3125 58 3171 tn
80 3115 254 3184 monachos
280 3114 483 3196 reverentia,
509 3115 573 3184 etsi
595 3114 738 3201 quidam
763 3115 917 3186 scelerati
941 3115 1124 3194 efficerent,
1142 3128 1180 3184 ut
1195 3136 1278 3184 con-

34 3195 159 3290 turbaret
180 3215 311 3273 rectam
338 3201 419 3271 fidei
443 3203 622 3274 rationem.
648 3208 753 3274 dures
783 3225 864 3293 ergo
899 3203 1066 3293 praebens
1100 3203 1276 3300 omnibuS,

30 3286 112 3385 tussit
132 3301 169 3358 ut
196 3291 443 3378 unusquisque
466 3290 617 3372 diceret,
643 3291 686 3362 de
708 3314 777 3380 quo
808 3292 917 3362 vellet.
945 3291 1000 3362 Illi
1035 3305 1148 3362 autem
1175 3289 1279 3389 velutp

32 3370 108 3442 oblrtr
129 3380 329 3449 communis
357 3380 586 3450 Ecclesicrum
613 3381 815 3470 legationis,
845 3393 879 3450 et
910 3382 1012 3468 quus
1044 3401 1148 3450 causa
1181 3399 1279 3446 mrssr

30 3455 152 3548 lucrant,
176 3468 423 3554 unusquisque
447 3471 605 3558 proprias
636 3469 846 3571 proponebat
915 3471 1061 3538 titiones.
1089 3473 1280 3556 Imperator

30 3567 186 3642 ¹teroeum
211 3578 336 3626 eorum
364 3557 534 3647 postulata
570 3558 719 3648 benigne
752 3580 858 3628 conce
884 3580 969 3640 ens,
994 3579 1084 3646 quae
1122 3555 1280 3624 volebant

31 3639 240 3740 tnplerisset,
280 3646 446 3732 quoniam
485 3646 679 3734 petentibus
712 3648 877 3718 omnibus
908 3646 1029 3717 silebat
1064 3644 1181 3723 Sabas,
1216 3663 1279 3712 nee

29 3743 146 3800 omnmo
161 3735 353 3821 quiequam
372 3735 524 3824 rogabat,
545 3735 683 3804 adeum
704 3735 835 3806 vultum
858 3747 1058 3804 convertens
1074 3738 1275 3822 Imperator:

30 3835 40 3873 t
61 3817 136 3900 Tibi,
154 3834 287 3902 autern,
305 3843 325 3892 o
341 3835 446 3912 pater,
467 3823 589 3910 inquit,
604 3823 688 3911 quid
706 3824 773 3894 sibi
797 3823 870 3894 vult
886 3835 1001 3894 tantus
1018 3823 1115 3893 labor
1130 3821 1276 3901 ulceris,

30 3919 89 3973 tum
112 3909 195 3978 nIhil
220 3911 369 3980 omnino
393 3931 504 4001 roges,
534 3933 595 3981 nec
621 3911 800 4002 postules?
825 3936 843 3980 n
868 3912 912 3980 Id
945 3911 1029 3981 haee
1053 3910 1111 3980 ille
1137 3932 1279 4008 respon-

31 3987 110 4062 dens:
136 4021 152 4063 a
175 4003 250 4068 Hac
276 3998 321 4067 de
343 4021 462 4080 causa,
487 4001 611 4086 lnquit,
639 4001 767 4082 renio
792 4006 993 4088 Imperator,
1018 4000 1167 4088 primum
1200 4021 1278 4084 qur-

33 4077 99 4162 ten,
115 4100 153 4154 ct
167 4099 265 4158 tuam
285 4085 423 4157 adorem
451 4087 621 4177 pietatem,
641 4088 750 4158 donec
767 4111 843 4158 sum
860 4088 975 4158 adhuc
991 4090 1025 4157 in
1043 4089 1107 4156 boc
1122 4107 1276 4174 corpore.

35 4165 144 4252 lteinde,
162 4189 202 4246 ut
226 4197 346 4265 rogem
374 4197 435 4265 pro
461 4189 577 4246 sancta
597 4177 652 4247 Ilei
671 4178 816 4258 civitate,
831 4190 865 4246 et
880 4198 919 4246 eo
935 4178 996 4264 qui
1012 4175 1064 4245 illi
1081 4187 1131 4246 est
1152 4171 1280 4262 praese·

36 4267 97 4338 ctus,
111 4275 147 4332 ut
160 4263 299 4333 nullam
319 4276 397 4333 tuae
413 4266 582 4365 potentiae
598 4267 719 4336 subeat
735 4265 1022 4354 Indignationem‚
1039 4263 1099 4334 sed
1119 4285 1182 4352 pax
1198 4285 1281 4332 con-

36 4342 141 4420 cilietur
155 4353 275 4442 potius
290 4351 465 4422 Ecclesris.
479 4358 530 4424 Ita
541 4353 636 4424 enim
652 4367 685 4424 et
703 4357 777 4445 ipse
793 4349 899 4426 Iteum
917 4353 1060 4424 babebis
1076 4350 1280 4440 propitium,
