2932 4812
38 303 107 366 tint.
135 305 176 368 29
410 321 449 368 on
472 317 501 366 s.
527 317 691 368 annutruo
716 319 915 369 consessore
1193 307 1256 371 579

35 418 222 493 repererunt
247 403 360 476 lomes
383 405 550 496 egregios,
570 427 659 493 quae
682 405 732 474 eis
749 427 856 475 causa
870 404 935 476 luit
950 411 1016 476 Deo
1033 407 1157 478 uberes
1172 409 1300 498 gratias

33 495 145 582 agenti,
164 494 225 581 qui
252 515 435 582 nunquam
462 495 593 583 spernit
616 507 794 584 sperantes
819 495 854 562 in
880 515 928 564 se.

67 585 84 668 ξ
107 589 149 653 2.
172 589 369 684 Coeperunt
391 594 506 652 autem
531 605 572 652 ex
595 583 754 674 virgultis
777 595 977 653 construere
1006 605 1134 672 sepem,
1153 596 1186 654 et
1210 583 1299 653 intra

32 669 115 740 illam
132 672 363 776 tuguriolum,
384 672 418 741 in
439 693 508 759 quo
522 683 831 762 commorarentur.
851 676 930 742 Erat
954 693 1032 743 vero
1056 671 1152 742 locus
1177 673 1300 764 procul

31 759 67 826 ab
91 761 274 832 hommum
299 760 511 831 habitatione
536 773 727 852 separatus:
754 783 905 848 cumque
928 760 972 830 ad
998 781 1055 832 eos
1080 763 1228 834 venisset
1248 763 1302 831 vir

30 847 173 934 quidam,
193 851 343 920 miratus
360 860 412 921 est
434 861 596 920 conatum
620 871 753 931 eorum,
772 849 863 939 quod
885 851 988 920 sciret
1012 854 1138 920 Suevos
1161 851 1300 922 crebras

33 937 94 1006 illic
113 938 223 1010 lacere
245 939 471 1030 irruptiones
488 951 521 1008 et
537 938 682 1028 praedas
700 959 812 1096 agere:
832 949 905 1008 tum
930 959 1067 1028 quoque
1091 939 1204 1010 locum
1223 961 1299 1009 esse

34 1025 208 1109 incultum,
237 1027 299 1100 sed
326 1049 389 1097 nec
412 1040 648 1120 opportunum
673 1049 715 1097 ou
734 1039 841 1098 turae.
868 1027 965 1110 Quod
990 1049 1069 1098 cum
1095 1030 1144 1098 eis
1168 1027 1299 1116 objice-

36 1127 89 1192 ret,
105 1115 151 1185 illi
176 1116 455 1208 responderunt:
483 1138 501 1182 ι
522 1121 588 1187 Nos
612 1115 694 1198 huc,
723 1117 770 1186 mi
790 1116 904 1198 irater,
923 1118 1146 1198 accessimus,
1165 1129 1205 1187 ut
1225 1117 1299 1218 plo-

39 1223 137 1274 remus
155 1217 301 1297 peccata
320 1217 447 1288 nostre,
467 1205 612 1292 fretique
630 1205 760 1275 auxilio
780 1205 916 1274 Domini
934 1207 1042 1275 nostri
1058 1211 1142 1275 lesu
1160 1205 1296 1286 Christi,

40 1311 94 1358 non
112 1295 273 1364 timemus
294 1295 458 1365 incursus
477 1294 672 1364 hominurn.
689 1299 740 1364 Tu
755 1315 845 1376 vero,
860 1294 890 1362 si
907 1294 1012 1384 sapis,
1032 1295 1196 1383 resipisce
1208 1295 1295 1384 jam,

37 1381 120 1450 etad
145 1383 325 1454 meliorem
351 1383 485 1474 frugem
511 1394 543 1452 te
567 1382 691 1472 recipe.
712 1388 832 1452 »Tum
858 1381 916 1452 ille
934 1395 1164 1471 compunctus
1181 1383 1296 1464 corde,

37 1467 164 1540 domum
184 1472 285 1554 abiit,
305 1483 338 1541 et
359 1492 460 1541 mane
483 1484 667 1553 revertens
685 1483 753 1541 tres
776 1471 826 1541 eis
851 1492 957 1561 panes
977 1471 1233 1542 subcinericeos
1250 1487 1298 1542 at-

37 1557 112 1640 tulit,
137 1573 169 1630 et
196 1561 317 1630 savum
348 1559 472 1641 mellis,
496 1559 708 1648 Junctusque
732 1558 814 1639 illis,
847 1559 1039 1630 monachus
1069 1559 1210 1630 enectus
1233 1572 1295 1630 est.

36 1646 92 1715 Sed
113 1671 189 1719 cum
209 1649 318 1719 latere
339 1671 406 1718 non
433 1661 547 1739 posset
571 1649 681 1739 gratia
703 1649 771 1730 Dei,
791 1669 851 1739 per
868 1647 946 1718 illos
969 1669 1128 1737 operans,
1155 1649 1298 1739 quidam

36 1735 71 1830 ad
97 1757 150 1806 eos
172 1740 297 1810 crebro
322 1739 514 1816 veniebant,
542 1757 664 1824 resque
689 1737 901 1808 necessarias
923 1739 1165 1828 apportabant,
1196 1750 1298 1826 atque

38 1822 159 1895 illorum
186 1827 411 1898 sermonibus
436 1827 491 1916 pie
514 1826 674 1907 instituti,
694 1825 837 1896 domum
860 1825 1028 1914 redibant.
1050 1825 1214 1896 Permulti
1238 1849 1299 1896 au-

41 1923 95 1982 tem
118 1913 194 1985 lacti
219 1927 305 1986 sunt
327 1915 567 2006 perfectissimi
592 1915 766 1984 monachi.

73 2003 88 2086 ξ
109 2007 151 2074 8.
173 2003 306 2074 Accidit
331 2004 481 2085 interim,
501 2017 550 2086 ut,
572 2025 659 2094 pane
680 2003 872 2085 deficiente,
896 2024 1028 2093 pauper
1047 2001 1190 2092 quidam
1209 2003 1299 2073 elee-

43 2110 203 2180 mosynam
229 2104 369 2182 peteret.
395 2093 534 2163 lubenti
560 2093 657 2162 beato
681 2091 870 2182 Ebrulpho‚
889 2105 926 2161 ut
942 2093 972 2161 ei
988 2091 1128 2161 daretur
1151 2091 1299 2162 eleemo-

42 2198 128 2264 syna,
160 2183 321 2252 minister
355 2181 554 2272 respondit:
583 2205 600 2248 ιι
627 2185 696 2252 lion
736 2180 856 2262 babeo,
880 2191 986 2269 pater,
1014 2179 1082 2249 nisi
1112 2179 1297 2249 dimidium

47 2285 159 2351 panem.
189 2293 208 2339 a
239 2277 280 2340 nt
315 2270 391 2340 ille:
422 2293 440 2338 ιι
477 2268 566 2340 Nihil
605 2269 774 2350 haesites,
804 2269 876 2338 fili:
904 2268 962 2337 sed
996 2268 1195 2340 memineris
1219 2289 1299 2358 pro-

46 2353 178 2438 pheticae
213 2359 311 2429 illius
341 2358 552 2430 sententiae:
580 2364 704 2429 Beatus
734 2359 795 2447 qui
823 2359 986 2448 intelligit
1022 2379 1122 2447 super
1158 2379 1299 2447 operiunt

44 2453 68 2508 rt
78 2467 252 2538 pauperem
268 2475 279 2517 .·
307 2451 341 2516 in
365 2449 418 2517 die
442 2451 536 2518 mala
563 2448 718 2517 liberabit
741 2469 817 2516 eunt
843 2449 1038 2516 Dominus»
1066 2446 1208 2535 (Psalm.
1225 2445 1295 2535 to).

45 2533 130 2605 batus
152 2548 201 2607 est
225 2538 334 2628 igitur
359 2537 458 2626 panis
484 2536 639 2626 pauperi,
664 2557 725 2605 nec
749 2535 809 2604 diu
834 2548 910 2624 post
933 2535 1029 2604 adest
1047 2533 1189 2621 quidam
1217 2555 1298 2624 prae

42 2617 156 2693 loribus
182 2647 263 2696 cum
285 2627 456 2714 jumento,
481 2647 579 2714 pane,
602 2627 681 2694 vino
701 2637 734 2694 et
757 2645 856 2694 caseo
882 2635 1017 2694 onusto.
1042 2627 1148 2710 Atque
1172 2622 1215 2692 ab
1240 2622 1299 2691 illo

41 2705 87 2776 die
107 2712 188 2783 nihil
214 2713 325 2784 deluit
347 2715 409 2796 eis,
428 2713 520 2802 quod
545 2724 634 2784 esset
659 2713 904 2784 necessarium.
924 2717 1028 2780 Porro
1045 2711 1114 2781 duo
1134 2712 1224 2783 saevi
1249 2710 1299 2780 la-

41 2805 138 2869 trones
160 2802 305 2873 alterius
325 2803 520 2892 provinciae
543 2824 583 2872 eo
607 2801 840 2883 adventantes,
861 2822 983 2890 porcos
1007 2799 1115 2870 furari
1141 2801 1299 2871 niteban-

43 2895 111 2964 tur;
136 2890 190 2960 sed
222 2891 361 2962 interim
387 2892 469 2961 dum
496 2913 557 2979 per
579 2893 735 2960 eremum
764 2891 955 2971 cursitant,
987 2909 1044 2959 eos
1069 2890 1296 2976 inquirentes,

39 2972 100 3056 jam
123 2977 258 3062 delessi,
290 2979 449 3060 audiunt,
482 2982 582 3070 signo
606 2979 696 3060 dato,
724 2979 856 3049 evocari
893 2977 1081 3048 monachos
1109 2978 1153 3048 ad
1179 2977 1299 3049 laudes

45 3065 169 3137 bomino
197 3069 417 3160 promendas.
441 3074 558 3157 ltaque
585 3066 784 3149 tremefacti,
812 3066 940 3137 relictis
966 3068 1104 3158 porcis,
1130 3089 1238 3157 ocyus
1261 3087 1299 3136 se

44 3153 205 3228 conferunt
229 3157 272 3226 ad
298 3156 407 3227 virum
437 3160 504 3240 bei,
530 3157 804 3244 confitenturque
826 3155 956 3226 crimen
987 3177 1115 3226 suum:
1150 3155 1299 3245 factique

45 3247 250 3338 suntegregii
277 3247 449 3316 monachi.
476 3251 659 3334 Postquam
688 3258 803 3316 autem
829 3244 930 3334 longe
959 3244 1094 3332 lateque
1119 3243 1298 3333 pervagari

45 3332 139 3418 eoepit
156 3333 247 3405 lama
268 3336 458 3406 sanctitatis
480 3333 648 3424 librulphi
671 3347 703 3404 et
728 3333 976 3404 monachorum
1001 3335 1088 3424 ejus,
1115 3345 1147 3402 et
1170 3343 1299 3422 quanto

47 3418 143 3490 studio
157 3423 306 3495 colerent
325 3428 444 3506 Deum,
467 3423 624 3494 homines
642 3422 829 3512 locupletes
851 3435 884 3493 et
909 3421 1061 3512 religiosi
1081 3421 1226 3490 aliarum
1245 3441 1298 3490 re-

48 3507 182 3594 gionum,
201 3511 341 3584 illorum
361 3512 527 3603 exemplis
551 3513 750 3602 compuncti
771 3512 943 3602 petierunt
961 3533 981 3580 a
999 3509 1185 3580 venerabili
1203 3522 1299 3600 patre

50 3593 215 3689 ¹lbrulpho,
238 3613 275 3672 ut
300 3602 453 3692 ipsorum
471 3602 638 3692 impensis
655 3601 862 3671 monasteria
877 3597 1126 3669 exaedificaret.
1147 3597 1209 3668 nte
1230 3619 1297 3668 non

52 3687 187 3784 mpiger,
209 3689 268 3761 sed
293 3692 438 3779 cupiens
462 3711 588 3781 augere
606 3689 732 3760 talenta
755 3711 775 3760 a
795 3690 938 3759 Domino
956 3687 1022 3786 ipsi
1034 3687 1176 3788 tradita,
1195 3687 1300 3774 quin-

50 3767 141 3844 tlecrm
169 3781 374 3850 monasteria
405 3779 557 3849 virorum
590 3791 623 3848 et
646 3777 875 3849 foeminarum
902 3775 1068 3846 condtdtt.
1100 3775 1228 3876 Deinde
1255 3775 1298 3875 ad

53 3868 272 3939 nonasterium
311 3889 414 3939 suum
445 3890 623 3950 reversus,
653 3889 734 3938 cum
762 3864 942 3956 permultis
976 3865 1154 3934 monachis
1180 3885 1213 3932 tn
1242 3867 1298 3931 lter

53 3953 166 4024 servitio
184 3957 372 4046 permansit
396 3956 596 4028 immobilis.
627 3957 842 4026 homicilium
860 3966 974 4024 autem
999 3955 1074 4042 ejus
1093 3952 1178 4022 nihil
1198 3973 1216 4020 a
1239 3973 1299 4040 pa-

56 4046 161 4111 storum
185 4047 322 4136 tugurio
346 4045 483 4116 differre
508 4045 698 4116 videbatur.
728 4051 789 4115 Per
818 4043 891 4132 ejus
918 4043 1103 4112 circuitum
1129 4041 1301 4132 degebant

59 4131 230 4220 monachia
254 4135 382 4205 dextris
413 4148 445 4204 et
470 4133 643 4214 sinistris,
677 4135 721 4203 ita
755 4146 794 4203 ut
820 4133 983 4219 utrinque
1011 4144 1125 4201 essent
1155 4129 1301 4200 cellulae

62 4212 132 4368 mlle
145 4223 359 4314 quingentae:
378 4245 464 4312 quas
489 4223 547 4292 ille
564 4223 684 4292 crebro
701 4223 847 4291 inrisere
863 4221 1003 4302 solebat,
1024 4219 1117 4290 mulo
1137 4219 1299 4291 telesino
1373 4259 1375 4262 ·

62 4314 91 4364 δῦ
112 4323 221 4382 tectus.

96 4389 160 4472 lt.
181 4404 330 4492 Cumque
361 4424 469 4474 annos
501 4400 623 4491 viginti
648 4412 678 4470 et
703 4421 813 4470 unum
841 4399 912 4470 illio
939 4399 1173 4484 habitassent,
1201 4417 1298 4472 saeta
