2994 4832
247 293 309 356 Ι108
562 309 600 354 os
624 309 652 354 s.
679 307 806 356 annona
830 307 976 354 Ancurae.
1003 306 1114 354 coros.
1334 289 1446 354 utut

202 396 336 465 civitate
356 391 539 484 splendide
555 414 733 482 peragens.
759 391 844 462 Inde
871 413 950 461 curn
981 391 1153 462 Coloniam
1180 391 1228 460 ire
1254 391 1443 470 instituisset,

203 483 353 554 multum
380 483 518 571 spirans
536 481 665 550 irarum
691 493 723 550 et
747 481 1026 551 comminationis
1046 481 1081 548 in
1098 480 1389 570 drohiepiscopum
1400 485 1448 549 Go-

202 574 405 651 lobiensem,
426 569 483 640 ille
501 570 617 641 missis
632 571 665 638 in
685 591 868 640 occursum
885 570 960 660 ejus
984 569 1135 649 nunciis,
1157 569 1328 638 mandavit
1344 567 1446 638 falsam

202 663 356 740 omnino,
383 681 423 728 ac
446 659 594 728 scenicis
617 658 793 748 figmentis
810 658 922 728 simile
939 681 1013 730 esse
1030 657 1195 738 fabulam,
1218 679 1318 745 quam
1339 657 1370 724 in
1383 679 1447 726 eum

202 748 330 820 aemuli
355 749 412 822 sui
429 748 727 837 composuissent:
755 748 779 816 ii
798 747 977 827 nimirum,
996 747 1152 834 quicum
1172 747 1275 836 paulo
1294 759 1366 816 ante
1380 745 1448 814 urbe

202 837 425 926 expulissent,
451 848 484 906 et
504 857 597 906 nunc
617 835 660 906 ad
680 836 949 926 opprimendum
970 857 1063 917 eum,
1089 837 1255 924 quoniam
1272 835 1372 904 armis
1394 855 1447 902 non

203 939 353 1018 possent,
382 925 572 995 mendaciis
596 937 861 1016 grassarentur:
888 947 924 996 se
949 947 1015 994 non
1044 926 1088 994 ita
1113 925 1257 995 rationis
1275 935 1447 1015 expertem.

202 1015 252 1084 rel
270 1014 465 1085 communis
481 1013 654 1083 commodi
672 1014 901 1104 negligentem
923 1036 1009 1094 esse,
1028 1027 1065 1084 ut
1085 1014 1120 1082 in
1138 1013 1305 1084 ultionem
1323 1014 1450 1102 privatae

204 1105 375 1194 injuriae,
408 1103 552 1193 patriam
581 1122 678 1173 suam
710 1103 866 1172 barbaris
888 1103 1030 1192 prodere
1057 1102 1161 1172 velit:
1190 1125 1252 1172 nec
1280 1101 1451 1172 eeleritate

203 1195 304 1262 vitam
336 1215 354 1260 a
382 1213 487 1280 puero
515 1191 717 1273 instituisse,
744 1204 781 1260 ut
805 1193 989 1278 quisquam
1016 1213 1140 1261 sanum
1166 1192 1297 1280 aliquid
1323 1191 1449 1280 sapiens,

204 1296 270 1351 tam
301 1283 415 1370 inepta
439 1280 480 1349 de
510 1302 546 1349 se
579 1281 749 1369 suspicari
782 1281 899 1369 possit.
931 1286 1115 1369 Impetrata
1149 1281 1227 1348 dein
1257 1303 1315 1370 per
1346 1279 1451 1369 legatos

202 1391 315 1440 coram
336 1369 493 1438 veniendi
518 1370 627 1458 copia,
651 1371 683 1437 in
701 1368 900 1438 andernaco
925 1369 1004 1439 villa
1025 1369 1107 1458 Regi
1125 1371 1297 1439 occurrit:
1324 1390 1449 1454 cumque

203 1465 271 1530 lter
295 1457 337 1526 de
353 1459 406 1538 iis,
425 1479 513 1543 quae
530 1469 754 1548 compererat,
778 1459 991 1528 severissime
1015 1458 1252 1546 quaestionem
1279 1457 1450 1546 promulga-

204 1561 263 1627 ret,
288 1546 440 1635 proditae
468 1546 607 1634 quidem
637 1546 848 1636 reipublicae
868 1547 1011 1624 crimen,
1035 1546 1126 1634 quod
1152 1548 1386 1636 objiciebatur,
1409 1568 1451 1612 sa-

203 1648 377 1706 cramento
397 1635 575 1724 purgavit:
603 1649 735 1704 caetera
756 1657 844 1720 quae
865 1634 975 1705 delata
1001 1635 1147 1716 luerent,
1167 1639 1214 1705 ait
1235 1641 1303 1706 Rex
1321 1658 1355 1706 se
1371 1632 1450 1702 reteri

203 1725 374 1794 amicitiae
401 1746 441 1792 ac
470 1723 657 1814 pontilicnli
684 1724 815 1794 nomini
840 1725 1047 1804 condonare,
1076 1747 1136 1794 nec
1160 1726 1312 1814 projure
1335 1745 1391 1794 suo
1412 1745 1452 1791 el·

204 1814 376 1905 postulare
398 1811 492 1882 velle.
525 1818 574 1882 lta
601 1835 667 1882 non
695 1813 866 1894 extincto,
902 1813 959 1882 sed
993 1814 1127 1882 interim
1150 1814 1302 1884 cohibito
1334 1813 1449 1883 lurore.

204 1903 375 1972 Coloniam
395 1903 569 1990 processit.
592 1901 643 1970 lbi
664 1915 795 1990 postero
812 1901 868 1970 die
884 1902 926 1970 ad
941 1902 1171 1988 judicandum
1190 1903 1320 1992 populo
1334 1899 1450 1972 assedit.

203 2013 345 2081 sperans
371 2013 430 2079 per
454 1990 705 2060 accusationem
732 2013 875 2071 eorum,
903 2013 989 2078 quos
1022 1992 1311 2081 archiepiscopus
1342 2003 1453 2080 pmpter

204 2080 348 2170 injurias
373 2101 454 2150 suas
473 2083 579 2180 poena
605 2080 773 2157 affecerat,
801 2081 1015 2150 occasionem
1042 2080 1106 2150 sibi
1134 2079 1310 2162 suturam,
1336 2093 1373 2148 ut
1392 2098 1452 2146 eun

202 2169 369 2238 seditione
382 2181 551 2238 concitata
566 2190 687 2236 rursus
704 2168 839 2237 civitate
849 2169 1054 2248 exturbaret,
1072 2169 1122 2238 rel
1143 2184 1281 2258 propter
1296 2187 1453 2259 oppressos

204 2281 263 2346 per
288 2256 499 2326 calumniam
534 2257 743 2337 innocentes
770 2256 888 2326 saltem
920 2279 1015 2326 reum
1045 2259 1232 2346 majestatis
1253 2258 1385 2328 faceret.
1406 2251 1450 2322 Sed
1483 2331 1484 2334 Ἴ

202 2347 259 2415 ille
276 2367 396 2416 omnes
416 2346 675 2414 accusationum
703 2345 873 2436 strophas,
894 2347 1050 2434 responsi
1076 2348 1215 2416 veritate
1232 2370 1273 2416 ac
1295 2343 1454 2418 sententia·
1483 2355 1484 2392 t

202 2457 278 2504 rum
293 2434 468 2523 gravitate,
487 2447 661 2520 tamquam
677 2457 881 2504 aranearum
902 2433 984 2504 telas
1000 2435 1140 2524 dirupit.
1162 2441 1347 2523 Postquam
1364 2446 1454 2504 autem

203 2529 270 2593 Rex
296 2521 489 2592 innocentia
514 2523 589 2612 ejus
613 2545 653 2591 ac
679 2524 764 2592 vitae
790 2524 993 2614 integritate,
1021 2524 1176 2594 consiliis
1200 2547 1341 2612 quoqne
1362 2519 1456 2594 omma

203 2625 298 2702 septa
320 2611 414 2692 vidit,
440 2632 499 2680 nec
517 2610 629 2680 ullum
654 2624 766 2699 patere
785 2612 896 2682 locum
923 2613 1129 2694 calumniae,
1152 2613 1193 2682 ad
1213 2613 1310 2684 aliud
1330 2636 1364 2685 se
1382 2609 1456 2678 vertit
1482 2613 1483 2699 l

202 2721 311 2789 genus
338 2699 557 2786 injuriarum.
584 2701 698 2856 Exegit
719 2701 762 2770 ab
782 2723 833 2782 eo,
864 2723 929 2772 non
951 2702 1109 2790 precibus
1134 2701 1289 2789 quidem,
1319 2715 1356 2772 ut
1377 2720 1456 2789 opor·

203 2789 278 2888 tuit,
299 2787 355 2857 sed
376 2789 560 2889 imperiosa
577 2810 644 2875 qua
672 2811 726 2858 am
746 2791 958 2870 auctoritate,
976 2803 1015 2860 ut
1031 2791 1294 2861 coloniensibus
1308 2790 1456 2878 admissor
1481 2869 1482 2874 ,

203 2899 237 2945 m
264 2899 299 2944 se
317 2877 516 2946 temeritatis
537 2877 670 2946 vertiam
689 2877 802 2959 daret,
830 2881 1210 2966 excommunicatosque
1231 2880 1399 2950 Ecclesiae
1420 2897 1456 2944 rr·
1481 2881 1482 2918 f

201 2964 420 3066 conciliaret:
449 2977 620 3054 praeterea
641 2979 678 3036 ut
705 2967 747 3036 ad
774 2969 1030 3038 firmamentum
1056 2969 1313 3038 conservandae
1337 2991 1372 3038 er
1395 2989 1411 3034 a
1431 2985 1457 3028 st
1481 2923 1482 3005 l

202 3077 236 3122 rn
265 3065 467 3143 perpetuum
501 3054 607 3134 lidei,
645 3077 702 3125 sex
734 3056 799 3125 sibi
827 3079 867 3124 ex
896 3055 1065 3128 militibus
1095 3057 1168 3126 suis
1198 3057 1338 3128 obsides
1368 2991 1481 3124 darent

206 3148 394 3230 Utrumque
418 3142 475 3212 ille
500 3166 579 3213 cum
607 3165 734 3236 magna
756 3145 949 3214 constantia
975 3146 1132 3236 negarit:
1159 3145 1298 3216 obsides
1323 3145 1481 3234 quidem..

200 3232 292 3320 quod
319 3231 438 3302 nullus
462 3238 593 3322 Regum
614 3231 768 3334 priorum
794 3233 859 3303 tale
882 3232 964 3320 quid
984 3234 1027 3304 ab
1043 3234 1159 3322 aliquo
1182 3255 1395 3323 praecessore
1410 3249 1458 3300 suo

202 3320 432 3412 postulasset:
460 3335 836 3392 excommunicatorum
870 3335 983 3392 autem
1016 3323 1354 3404 reconciliationem,
1385 3315 1480 3408 quadr

201 3411 276 3480 sine
293 3411 398 3500 digna
414 3411 641 3500 poenitentiae
661 3411 894 3480 satisfactione
910 3412 1225 3482 excommunicatos
1239 3413 1272 3480 in
1291 3409 1458 3482 Ecclesiam

203 3501 328 3599 recipi,
352 3499 443 3590 leges
468 3499 725 3569 Ecclesiasticae
745 3496 1141 3570 vetarent'lmminebat
1167 3499 1222 3570 ille
1248 3501 1458 3571 vehementer,
1479 3521 1480 3552 i

202 3610 420 3658 comminans
444 3589 560 3658 omnia
583 3588 802 3658 incommoda
827 3611 862 3659 se
880 3588 1071 3670 illaturum,
1091 3603 1122 3659 et
1140 3602 1262 3660 cuncta
1280 3611 1369 3678 quae
1384 3586 1460 3655 iltius

202 3678 283 3758 sint,
303 3677 392 3747 l'erro
412 3689 444 3745 et
460 3677 539 3766 igne
556 3675 816 3746 demoliturum.
844 3678 1018 3747 Perstabat
1043 3677 1097 3748 hic
1115 3679 1204 3748 liius
1229 3678 1262 3747 in
1291 3675 1458 3769 proposito.

200 3765 321 3834 dicens
342 3789 377 3835 se
394 3767 480 3835 mori
503 3765 643 3853 quidem
694 3779 841 3847 aratum,
870 3767 898 3834 si
924 3765 996 3856 ipse
1021 3789 1100 3836 cum
1123 3766 1460 3838 Colortiensibuscon·

203 3854 392 3953 spirassent
409 3855 451 3924 ad
472 3875 550 3925 eum
575 3789 875 3924 interbbiendnm:
904 3855 960 3925 sed
981 3877 1159 3942 nunqnam
1176 3855 1372 3926 retinendae
1388 3853 1460 3920 vitae

202 3941 330 4022 studio,
357 3942 400 4011 ab
419 3945 499 4031 jure
523 3943 565 4012 ad
596 3943 756 4029 injuriam
779 3943 1051 4030 declinaturum.
1080 3945 1143 4013 ltiu
1167 3967 1295 4035 anceps
1318 3955 1388 4014 erat
1411 3959 1478 4028 ptr-³

200 4051 281 4130 gna²
308 4042 340 4099 et
360 4043 586 4119 utrorumque
605 4031 729 4102 milites
747 4054 872 4122 magna
890 4046 1111 4104 concusserat
1128 4032 1334 4114 sollicitudo,
1357 4049 1460 4117 esspe-

202 4131 348 4189 ctatrone
367 4133 434 4190 tam
453 4121 558 4190 tristis
575 4120 773 4209 spectaculi.
794 4121 944 4190 Tandem
962 4122 1092 4194 erictus
1108 4127 1176 4192 Rex
1193 4123 1236 4192 ab
1256 4123 1306 4204 iis,
1325 4135 1459 4208 quorum

201 4205 355 4274 consiliis
381 4207 571 4306 plurimum
594 4209 776 4290 tribuebat,
804 4209 897 4279 llerit
923 4211 1153 4292 sententiam,
1180 4225 1213 4280 et
1240 4212 1288 4281 ait
1311 4207 1409 4280 malle
1431 4221 1477 4270 se.

201 4315 280 4361 curn
299 4314 338 4362 eo
352 4293 530 4392 beneficiis
546 4309 686 4378 certare,
705 4319 810 4384 quam
836 4299 974 4368 damnis
991 4311 1050 4368 aut
1065 4299 1280 4370 inimicitiis:
1301 4298 1375 4368 etsi
1390 4313 1458 4364 eum
1476 4325 1477 4340 r

205 4380 312 4450 lidum
331 4381 399 4450 sibi
422 4381 651 4470 devotumque
670 4385 703 4453 in
722 4386 836 4457 causis
854 4387 1065 4476 reipublicae
1080 4389 1301 4479 experiretur,
1321 4387 1457 4478 primunt
