2960 4824
55 272 116 338 oet.
131 273 160 338 tt
457 291 496 340 or
519 287 547 338 s.
574 288 710 340 neuram
733 291 859 340 srrurs
1186 275 1250 342 283

61 376 225 458 cremarit
240 375 303 448 tibi
321 397 386 465 per
401 395 464 448 nos
480 394 547 464 quo
573 399 628 459 ue,
640 388 679 450 ut
692 374 883 457 credidisti,
894 376 1062 447 sanatio.»
1080 381 1162 450 eum
1179 392 1294 448 autem

60 463 97 534 ille
113 465 186 536 baec
207 465 452 547 confitebatur,
476 478 510 534 et
528 398 642 535 albae
667 465 778 556 magis
797 465 939 555 rogabat
958 476 996 535 ut
1015 476 1207 546 sanaretur,
1228 466 1295 536 mi-

56 555 206 626 sericordie
224 554 330 624 simul
355 565 389 625 et
417 552 599 624 admiratio
624 576 791 645 magnum
811 553 917 625 subiit
933 553 1129 624 Danielem:
1160 555 1295 624 miseri-

53 643 139 713 cordia
151 642 302 732 quidem,
329 654 470 734 psopter
495 643 676 724 morbum,
703 642 887 714 admiratio
911 653 1038 724 enum,
1067 655 1205 734 propter
1228 643 1295 714 ler-

26 809 32 817 λ
55 751 136 802 roem
156 731 259 814 fidei:
284 744 318 802 et
340 753 540 813 conversus,
564 731 737 822 significat
756 732 810 814 iis,
833 731 893 820 qui
921 731 1176 819 sequebantur,
1203 744 1241 802 ut
1264 742 1297 802 et

47 842 146 892 nanus
163 821 285 892 tollant
299 820 334 890 in
354 819 503 900 coelum,
529 831 563 890 et
588 825 693 892 Deum
712 820 849 910 placent
865 821 1039 911 lacrymis.
1063 821 1191 890 Deinde
1214 843 1297 890 curn

38 907 229 1000 illiusjnssu
239 911 269 980 is
284 910 370 978 mari
383 930 511 999 corpus
527 907 676 992 levisset,
690 922 724 980 et
740 909 862 980 fuisset
879 909 1067 980 mundatus
1077 910 1162 1000 (non
1175 907 1296 1010 procul

31 999 115 1068 enim
136 998 283 1086 eberat),
304 1009 463 1068 ostensos
477 1009 530 1068 est
553 1009 644 1068 totus
668 1019 775 1070 sanus
800 999 842 1068 iis
860 998 919 1084 qui
943 997 1097 1068 ederant.
1125 1003 1190 1081 Dur
1212 1019 1295 1070 cum

28 1086 256 1178 adspexissent
274 1085 320 1168 id,
345 1085 438 1174 qnod
463 1084 590 1156 lectum
616 1085 737 1169 luerat,
764 1099 797 1158 et
814 1086 948 1158 nudum
967 1087 1182 1177 accepissent
1199 1110 1292 1169 eum,

1 1233 2 1236 ,
25 1177 82 1262 qui
100 1175 209 1247 luerat
224 1187 379 1256 curatus,
397 1173 482 1262 quid
500 1197 568 1246 non
594 1174 789 1246 iaciebant?
812 1175 902 1259 Quid
921 1197 990 1246 non
1008 1176 1195 1247 dicebant?
1220 1181 1295 1259 Quo

23 1285 94 1332 ηοη
112 1266 216 1336 animi
238 1277 335 1334 motu
357 1261 624 1334 afficiebantur?
647 1264 926 1345 Admirahantur,
953 1264 1161 1356 clamabant,
1189 1265 1295 1355 glori-

22 1353 181 1436 licabaut,
201 1353 515 1443 obstupescebant;
542 1353 698 1424 movebat
722 1353 863 1442 quidem
884 1353 971 1424 fides
995 1353 1045 1424 eis
1070 1353 1224 1444 linguam
1250 1352 1295 1422 ad

23 1444 209 1530 gratiarum
235 1443 428 1523 actionem
456 1441 558 1514 verbe
582 1453 694 1512 eutem
721 1442 913 1514 sustinebat
936 1441 1142 1524 admiratio,
1168 1455 1201 1512 et
1223 1439 1295 1512 effi-

29 1529 140 1616 ciebat,
162 1545 202 1602 ut
226 1553 308 1620 pree
328 1544 382 1602 stu
431 1553 466 1600 re
490 1531 775 1602 obmutescerent.
800 1532 889 1615 Quin
915 1531 1019 1600 etiem
1044 1531 1207 1614 dicentes,
1235 1553 1296 1602 nc·

29 1621 175 1691 sciebant
188 1620 357 1710 quidcem
401 1619 500 1690 icturi
515 1631 640 1702 essent,
661 1620 812 1721 hujusne
826 1619 943 1702 tidem,
963 1641 1006 1688 an
1022 1618 1117 1690 illius
1133 1619 1293 1709 gratiam,

28 1727 69 1776 an
85 1711 140 1780 Dei
161 1711 361 1800 potentiam.
381 1707 479 1780 Oculi
494 1721 608 1780 autem
629 1730 785 1780 nmmum
807 1709 841 1777 in
860 1707 961 1778 illum
975 1706 1087 1778 solum
1101 1722 1198 1778 erant
1214 1730 1295 1779 con-

36 1793 120 1867 'ectiz
147 1819 282 1886 voxque
304 1821 373 1868 una
398 1811 471 1868 erat
492 1809 524 1867 et
548 1799 710 1882 narratio,
738 1797 894 1887 leprosus
918 1809 950 1866 et
974 1796 1070 1866 illius
1101 1797 1292 1867 mundatio.

19 1817 66 1974 lt
78 1909 159 1978 ergo
178 1898 294 1958 essent
310 1887 426 1977 plores
444 1897 543 1958 testes
567 1885 673 1974 hujus
691 1885 739 1956 rei
754 1884 982 1968 admirabilis,
1010 1885 1152 1956 veniunt
1167 1885 1209 1955 ad
1226 1907 1295 1956 ma·

27 1975 149 2046 simum
177 1976 235 2046 Dei
261 1989 327 2046 tem
356 1975 442 2057 lum,
468 1988 501 2044 et
528 1974 641 2044 virum
665 1974 766 2045 illum
792 1975 826 2044 in
853 1987 1014 2065 suggesto
1044 1987 1220 2056 statuunt,
1248 1973 1296 2042 l-

26 2062 145 2136 uentes
161 2065 253 2135 sieut
272 1998 455 2134 seclusus.
473 2069 556 2134 Nem
574 2061 625 2132 illi
644 2085 782 2154 quoque
806 2063 977 2152 persuasit
1000 2062 1097 2144 fides,
1117 2075 1155 2134 ut
1178 2085 1295 2133 ascen·

27 2149 113 2241 deret
132 2174 376 2243 sycomornm3
401 2164 435 2224 et
460 2153 513 2224 his
533 2173 667 2233 rursus,
695 2166 733 2222 ut
759 2152 795 2221 in
815 2152 883 2223 alto
906 2163 1092 2222 statuerent
1115 2174 1208 2234 eum,
1234 2151 1296 2239 qui

27 2247 162 2333 'paratus
178 2242 308 2324 luerat,
339 2241 510 2332 persuasit
528 2240 654 2310 similis
674 2239 785 2311 lervor
809 2241 964 2332 spiritus.
984 2241 1076 2323 uuis,
1101 2263 1190 2328 quae
1213 2254 1296 2310 ωηο

28 2342 160 2418 propter
184 2353 350 2421 magnum
368 2329 542 2400 Danielem
559 2329 698 2412 fiebant,
718 2331 933 2400 narraverit?

77 2421 93 2503 ἓ
113 2423 183 2492 ⁴15.
208 2419 357 2490 Confluit
381 2417 524 2490 adeum
546 2419 707 2492 universa
732 2419 801 2490 lere
824 2417 956 2500 civitas,
981 2417 1296 2510 aegrotentesqui·

37 2503 121 2586 dem,
145 2507 312 2578 desiderio
335 2506 548 2588 sanationis,
575 2529 682 2598 prope
705 2508 871 2578 hebentes
894 2507 1091 2609 exemplar,
1119 2506 1293 2666 leprosum

24 2595 87 2680 ,qut
106 2595 214 2668 luerat
232 2608 396 2668 curatus:
424 2597 500 2666 sani
520 2611 648 2678 autem,
667 2610 706 2666 ut
723 2596 876 2666 viderent
899 2618 968 2678 eos,
990 2619 1051 2686 qur
1068 2619 1151 2666 cura

30 2695 61 2753 et
72 2683 261 2773 spectaculo
279 2683 526 2756 miraculorum
544 2684 689 2756 minime
704 2685 935 2775 privarentur.
953 2690 1046 2768 Quae
1067 2707 1144 2756 vero
1159 2706 1293 2766 eorum,

15 2773 82 2856 ¹¹ttui
100 2773 320 2854 accedebant,
346 2771 450 2857 fidem
475 2775 709 2861 sequebantur
733 2773 901 2846 miracula
926 2788 1009 2846 sunt
1033 2773 1164 2864 majora
1187 2795 1294 2862 quam

29 2875 63 2960 pt
75 2863 185 2932 verbis
200 2862 349 2951 exprimi
366 2862 500 2952 possint
512 2875 545 2932 et
557 2862 702 2934 auribus
709 2864 861 3022 percipi.
878 2868 961 2934 Cum
980 2874 1093 2932 autem
1113 2863 1163 2932 sie
1180 2862 1295 2953 splen·

29 2944 100 3023 llrde
115 2952 302 3022 comitatus
320 2971 467 3042 magnus
483 2949 540 3020 ille
552 2951 669 3022 Daniel
688 2973 707 3022 a
745 2951 859 3023 locum
876 2951 910 3020 in
924 2973 992 3040 quo
1005 2955 1292 3041 eratImperator‚

15 3032 87 3125 'luit
114 3061 223 3130 prope
248 3037 375 3130 palatie
402 3039 556 3130 Septimi,
580 3039 631 3110 vir
659 3040 803 3127 quidem
828 3039 973 3112 Gotthns
990 3061 1126 3131 genere,
1147 3041 1295 3131 desuper

31 3129 240 3219 prespiciens
272 3150 334 3217 per
355 3129 551 3210 fenestram,
579 3151 658 3199 cum
685 3133 849 3200 Sanctum
875 3129 1017 3200 vidisset
1040 3127 1090 3200 sic
1115 3129 1241 3200 deduci
1264 3141 1297 3201 et

31 3219 162 3309 portari,
184 3217 261 3306 eius
279 3216 400 3290 irridet
423 3217 615 3298 mollitiem,
641 3229 674 3288 et
697 3217 827 3290 ironice
848 3217 1046 3306 eloquitur:
1073 3241 1092 3285 ο
1118 3223 1214 3300 Ecce,
1241 3217 1296 3286 in·

24 3305 106 3403 'quit
132 3327 246 3376 nevus
269 3306 404 3378 consul.
425 3311 547 3376 »Haec
570 3305 668 3388 dixit,
690 3319 723 3376 et
746 3307 860 3378 stetim
881 3307 1015 3411 accepit
1038 3305 1188 3378 fructum
1214 3327 1296 3402 sua·

58 3417 99 3491 ,η
121 3417 320 3486 nugarum3
348 3394 444 3465 illine
466 3395 558 3466 onim
584 3393 811 3478 deturbatus,
839 3397 938 3466 humi
958 3397 1097 3485 Jacebat
1121 3408 1292 3466 mortuus.

57 3481 142 3554 edent
165 3483 260 3572 quod
288 3485 416 3556 lactum
441 3483 552 3554 fueret
575 3484 758 3556 satellites:
784 3498 817 3556 et
840 3485 957 3557 dolore
983 3484 1088 3556 simul
1113 3497 1146 3556 et
1169 3485 1219 3554 ira
1244 3504 1296 3552 re-

37 3567 126 3653 pleti,
153 3586 186 3643 et
209 3573 339 3660 alioqui
364 3572 486 3642 timore
509 3573 678 3663 correpti,
706 3595 749 3642 ne
773 3573 825 3644 vel
849 3574 939 3646 alius
961 3595 1003 3646 ex
1028 3575 1118 3657 suis,
1145 3573 1196 3644 vel
1222 3573 1296 3662 ipsc

28 3648 212 3763 properator
235 3661 349 3733 simile
369 3660 456 3749 quid
482 3659 647 3732 adversus
672 3683 836 3752 magnum
863 3662 963 3732 illum
988 3663 1148 3745 loeutus,
1181 3663 1216 3732 in
1241 3683 1297 3731 ea-

23 3741 99 3847 ‚fflun
124 3749 298 3834 incideret,
329 3771 398 3820 ηοη
424 3749 583 3820 sinebant
603 3754 766 3822 Sanctum
786 3750 920 3842 ingredi
946 3752 1090 3842 regiam.
1108 3755 1192 3822 Cum
1218 3773 1297 3822 vero

24 3855 76 3906 vu
87 3839 139 3925 qui
155 3863 233 3910 eum
250 3861 292 3912 eo
308 3850 423 3919 crant,
438 3839 648 3912 'conantibus
667 3839 815 3930 ingredi,
843 3839 972 3928 alioqui
991 3861 1116 3929 magna
1131 3853 1204 3910 eret
1221 3861 1297 3929 per·

55 3929 177 4013 arbetio,
200 3943 283 4004 ωηο
308 3951 393 4000 cum
407 3925 608 4016 Evangelice
624 3927 751 4018 pedum
770 3951 912 4001 snorum
930 3940 1088 3999 excutere
1105 3927 1294 4020 pulverem,

28 4027 81 4072 *ο
95 4020 239 4106 quicum
267 4021 349 4112 ipso
366 4029 465 4087 erant
481 4015 637 4088 hortatus
652 4027 742 4088 esset
757 4021 915 4098 Sanctus,
934 4031 966 4088 et
979 4017 1053 4107 ipsc
1067 4017 1132 4088 hoc
1148 4016 1295 4098 lecisset,

30 4117 166 4192 ,mersus
188 4126 262 4188 est:
288 4105 356 4181 sed
381 4125 492 4190 neque
517 4116 599 4176 tune
619 4127 761 4178 vacuus.
777 4104 873 4178 Multi
888 4106 979 4176 enim
998 4106 1125 4177 milites
1139 4106 1201 4194 qui
1216 4127 1297 4176 cnm

103 4229 223 4302 parurn
249 4199 379 4276 solum
406 4193 584 4276 vidissent,
604 4215 717 4267 moros
732 4205 766 4264 et
782 4195 940 4266 habitum
959 4195 1175 4286 stupuissent
1191 4199 1299 4266 Evan-

5 4293 158 4390 „gelifflQ
179 4315 267 4375 eum
297 4284 427 4360 statim
454 4295 535 4354 sunt
558 4282 746 4356 consecuti.
766 4287 805 4354 Et
820 4283 871 4354 sic
894 4283 1034 4372 quidem
1061 4284 1153 4356 vadit
1169 4289 1299 4374 Dyzan-

31 4385 86 4468 ηοω
106 4398 212 4474 pomo
241 4379 323 4458 Dei.

1177 2607 1293 2676 untur,
