3046 4838
52 265 119 328 lli-jd.
144 265 155 328 l
449 284 484 330 ns
507 285 533 330 s.
554 284 657 331 numo
681 286 731 330 nr.
760 261 891 332 nolron.
1215 265 1256 330 35

49 367 238 452 quoseadem
264 367 355 437 hora
387 366 524 457 vigilare
547 370 747 460 contigerat,
770 369 898 455 quique
925 371 973 437 rei
998 390 1137 438 causam
1163 369 1300 458 ignora-

47 457 121 534 lsut,
154 477 318 546 magnum
346 457 524 544 quoddam
556 457 700 528 coelitus
734 457 853 526 datum
879 458 1017 546 signum
1043 457 1298 526 existimabant.

46 546 204 613 lratenim
231 559 414 615 transacta
432 545 539 614 media
563 569 640 628 nox,
667 558 700 616 et
725 567 792 616 nor
822 545 961 633 quidem
980 546 1127 615 obscura
1153 545 1250 614 valde
1268 558 1302 614 et

44 632 226 724 caliginosa;
253 633 314 702 sed
344 634 549 722 procedente
568 635 713 726 lulgore‚
732 636 832 724 qnasi
857 634 916 704 lux
935 635 1004 703 diei
1028 635 1069 702 ad
1094 647 1232 723 tempus
1248 657 1300 703 re-

5 756 10 767 .
44 723 207 811 splenduit,
227 736 260 792 et
279 723 315 790 in
336 737 491 812 tempore
513 723 651 794 claritas
676 725 826 793 recessit.
853 728 948 793 Tunc
979 745 1060 813 ergo
1084 745 1221 794 sacrum
1247 723 1301 792 in-

44 825 159 880 ventum
184 833 314 900 corpus
340 813 475 903 Eligius
502 835 582 882 cum
632 813 737 882 audio
772 812 969 900 lacrymans
992 813 1233 894 exosculatur,
1260 835 1300 881 ac

41 901 73 970 de
98 899 262 990 pmlunda
296 900 425 970 tellure
453 900 571 970 eodem
594 836 735 984 elevato,
763 901 926 988 reliquias
950 901 1028 983 sibi,
1057 902 1302 988 undecumque

40 990 228 1077 concupivit,
256 990 466 1080 segregavit.
487 995 606 1060 Dentes
630 993 732 1061 etiam
783 1013 821 1059 ro
846 990 1085 1080 languentium
1113 989 1242 1058 medela
1261 1011 1301 1059 ex

40 1078 160 1148 maxilla
183 1093 305 1148 sancta
337 1079 493 1158 abstulit,
517 1093 617 1167 atque
642 1101 681 1148 ex
712 1013 826 1148 radice
853 1079 966 1149 dentis
997 1091 1090 1168 gutta
1119 1079 1301 1170 sanguinis

38 1169 133 1235 exirit.
155 1168 274 1238 Claros
291 1189 435 1255 quoque
452 1169 560 1238 mirae
575 1169 838 1260 magnitudinis,
857 1189 943 1255 quos
961 1182 1113 1257 tempore
1130 1169 1301 1258 passionis

38 1259 100 1344 ejus
113 1269 350 1346 persecutores
367 1258 504 1346 corpori
520 1257 713 1337 infixerant,
728 1279 768 1326 er
783 1257 922 1326 cerebro
935 1257 1145 1343 eaeterisque
1156 1257 1301 1326 artubus

38 1345 221 1426 abstractos,
241 1346 313 1416 sibi
330 1367 395 1435 pro
420 1345 575 1432 reliquiis
595 1346 831 1432 sequestravit.
854 1345 1002 1435 Capillos
1021 1347 1122 1414 etiam
1140 1346 1301 1436 pulcher-

38 1436 178 1504 rimosin
199 1435 372 1521 reliquias
397 1449 572 1523 separatos
603 1434 784 1526 delegarit.
814 1435 939 1504 Deinde
964 1433 1152 1504 holoserico
1178 1437 1300 1525 pretio-

37 1525 161 1592 sissimo
178 1524 400 1605 obvolutum,
427 1535 726 1612 compositumque
750 1524 990 1593 honestissime
1015 1545 1141 1613 corpus
1163 1545 1300 1594 summa

37 1634 107 1680 cum
131 1611 309 1698 diligentia
327 1627 415 1681 retm
430 1612 537 1682 oltare
560 1613 783 1702 transposuit.
802 1614 969 1681 lumbam
993 1612 1141 1699 denique
1164 1633 1202 1681 ex
1216 1633 1301 1682 auro

39 1715 230 1790 argentoque
246 1716 282 1771 et
299 1702 452 1791 gemmis
481 1701 567 1770 miro
595 1723 697 1790 opere
720 1703 804 1771 desu
832 1724 868 1768 er
893 1700 1094 1770 fabricavit:
1117 1701 1299 1770 ecclesiam

39 1811 171 1876 quoque,
194 1811 286 1876 quae
313 1789 439 1880 exigua
464 1792 689 1860 conventibus
714 1725 833 1880 populi
858 1790 1048 1870 videbatur,
1076 1790 1302 1879 eximio'opi-

40 1879 108 1946 ficio
121 1879 322 1970 ampliatam
339 1879 524 1948 decoravit.
548 1884 561 1947 l
588 1901 624 1948 se
643 1879 782 1948 demum
804 1901 843 1949 ex
860 1879 1027 1966 reliquiis,
1046 1899 1133 1966 quas
1150 1899 1168 1946 a
1185 1893 1302 1947 sancto

43 1989 166 2054 corpore
186 1980 477 2055 sequestraverat,
504 1902 611 2037 mulla
637 1969 710 2037 loca
727 1967 888 2047 condivit,
909 1967 1217 2053 multimodamque
1234 1989 1302 2036 me-

46 2055 143 2212 delarlp
164 2056 310 2156 dirersis
347 2055 604 2146 aegritudinum
639 2056 868 2127 incommodis
903 2057 1039 2125 easdem
1075 2055 1303 2144 impertiendo

50 2159 250 2319 prge’mbost
277 2235 366 2303 haec
391 2233 499 2302 simili
524 2233 624 2302 modo
648 2233 771 2324 grandi
797 2233 912 2302 labore
936 2245 1038 2320 atque
1063 2231 1226 2303 instantia
1251 2231 1303 2299 in-

44 2323 123 2389 venit
144 2323 174 2391 in
199 2324 376 2392 territorio
406 2323 646 2402 llledenatensi‚
667 2324 741 2392 vico
769 2322 921 2401 Siclini0,
938 2333 1096 2391 sanctum
1116 2335 1301 2477 martprem

42 2411 195 2480 Platonem
224 2413 256 2479 ⁴⁸.
289 2412 351 2481 Cui
387 2411 545 2481 similiter
576 2411 691 2480 clavos
723 2411 890 2500 oblongos
920 2433 960 2479 ex
984 2431 1127 2500 corpore
1156 2411 1299 2489 rhetor,

40 2500 165 2587 populis
183 2502 217 2570 in
245 2515 495 2591 argumentum
520 2501 732 2569 monstravit.
752 2505 882 2590 Corpus
906 2500 1067 2586 denique,
1095 2501 1183 2570 sicut
1211 2519 1303 2566 mnr-

38 2603 132 2676 q‘rem
150 2590 282 2669 decuit,
306 2603 467 2658 accurate
481 2590 687 2677 composuit,
705 2603 805 2675 atque
830 2588 1043 2659 mausoleum
1071 2588 1219 2677 desuper
1234 2586 1303 2655 ele-

35 2693 143 2765 gamer
155 2677 354 2748 fabricarit.
374 2681 413 2746 ln
431 2677 651 2746 Suessionum
668 2700 805 2764 quoque
821 2679 967 2757 civitate,
983 2689 1118 2746 sanctos
1136 2686 1303 2765 martyres

35 2781 61 2834 et
82 2789 267 2856 germanos
306 2767 502 2856 Crispinum
533 2779 566 2834 et
593 2767 849 2856 crispinianum
869 2765 913 2848 **‚
944 2788 984 2836 er
1008 2765 1157 2852 quadam
1184 2777 1302 2854 crypta

34 2857 185 2940 prolatos,
216 2854 367 2924 mirifice
391 2855 595 2943 composuit,
622 2867 810 2941 eorumque
829 2856 1029 2924 memoriam
1050 2854 1179 2942 insigni
1200 2875 1303 2923 orna-

34 2959 139 3012 mento
162 2944 354 3012 decoravit.
378 2947 444 3013 Nec
468 2964 535 3011 non
559 2957 591 3011 et
625 2945 659 3012 in
692 2943 921 3013 Bellovaoensi
947 2943 1139 3031 municipio
1165 2943 1302 3012 beatum

32 3047 213 3123 martyrem
235 3033 426 3102 Lucianum
448 3031 510 3113 Ψ,
534 3031 700 3123 collegam
725 3032 900 3119 quondam
928 3037 961 3100 S.
989 3032 1157 3114 Quintini,
1186 3033 1304 3100 inven-

34 3135 96 3190 tum
123 3121 290 3190 similiter
305 3121 502 3210 composuit
524 3134 557 3189 et
576 3121 765 3191 fabricavit.
786 3121 848 3192 sed
866 3134 898 3190 et
921 3121 999 3190 aliis
1017 3120 1198 3210 permultis
1219 3124 1304 3188 San-

31 3224 160 3280 ctorum
195 3209 376 3278 memoriis
401 3208 570 3298 impendit
592 3209 821 3299 diligentiam,
848 3231 936 3296 quae
961 3231 1055 3280 nunc
1080 3230 1147 3279 non
1178 3206 1307 3276 sufficit

33 3299 205 3367 narrantis
225 3297 398 3387 explicare
422 3297 552 3386 lingua.

70 3390 154 3473 ἑὸ.
184 3387 329 3456 llultum
364 3401 536 3475 praeterea
567 3387 602 3454 in
635 3385 791 3456 Flandris
824 3386 1012 3470 laboravit,
1043 3385 1113 3476 jugi
1141 3384 1303 3454 instantio

33 3475 238 3563 andoverpis
257 3475 464 3556 decertavit,
491 3473 617 3544 multos
643 3476 819 3545 erroribus
842 3476 1039 3567 implicatos
1068 3480 1191 3544 Svevos
1223 3495 1304 3560 con-

35 3565 139 3642 vertit,
160 3583 245 3633 sana
268 3563 406 3650 aliquot
427 3563 580 3652 prolana,
602 3564 727 3634 Christi
752 3564 874 3655 clypeo
903 3579 1086 3654 protectus
1112 3563 1304 3653 Apostolica

4 3737 5 3742 Ἰ
36 3653 427 3733 auctoritatcdestruxit;
445 3652 672 3722 idololatriam
695 3675 832 3741 quoque
847 3653 973 3723 diversi
992 3654 1128 3744 generis
1145 3652 1305 3721 ubicum-

36 3761 96 3824 que
120 3741 314 3829 comperit,
343 3740 500 3812 lunditus
523 3743 651 3811 evertit.
680 3746 772 3811 lnter
795 3741 879 3812 haec
903 3757 1016 3812 autem
1044 3763 1122 3810 cum
1154 3741 1304 3810 sobriam

4 3899 5 3906 χ
38 3851 100 3896 sem
108 3851 170 3918 per
186 3829 355 3920 religiosis
368 3829 499 3898 viribus
514 3842 639 3900 teneret
651 3831 887 3919 disciplinam,
903 3832 1098 3918 frequenter
1112 3831 1155 3898 ab
1170 3830 1307 3916 ingrato

4 3937 5 3948 ²
40 3937 72 3983 ac
87 3917 219 4005 perfido
237 3917 366 4008 populo
384 3918 573 3998 lacessitus,
589 3933 621 3988 et
636 3941 721 4007 pene
734 3941 845 4005 usqne
860 3920 902 3988 ad
921 3917 1165 3988 contumeliam
1186 3937 1306 4005 provo-

4 4055 5 4068 .
40 4021 144 4087 catus,
164 4005 394 4076 nullatenusa
411 4023 529 4096 coepta
546 4006 700 4076 doctrina
719 4008 911 4077 retardatus
927 4021 989 4087 est,
1003 4007 1060 4076 sed
1077 4005 1187 4094 magis
1203 4006 1312 4071 etiam.

4 4071 6 4180 l
43 4091 136 4171 lenis,
156 4095 298 4182 patiens,
318 4095 464 4166 humilis
488 4109 520 4164 et
543 4097 646 4178 mitis,
671 4119 732 4187 pro
755 4096 805 4165 eis
831 4098 1013 4167 Dominum
1039 4092 1312 4182 deprecabatur..

69 4293 79 4313 ¹
93 4291 250 4339 Fertumelus
259 4291 297 4332 die
308 4295 386 4343 prtum
397 4292 500 4330 octobris
515 4293 602 4342 agitur.

70 4345 91 4357 '‘
106 4345 194 4382 clusam
204 4347 312 4388 memoris
322 4347 359 4386 dre
370 4349 396 4384 ¹23
408 4346 510 4384 octobris
521 4347 614 4387 cotttur.

71 4395 109 4416 ³⁹*
124 4409 145 4434 r..
158 4397 250 4437 'caeluni
259 4399 345 4438 natatu
358 4399 493 4438 celebretur
503 4397 539 4438 cie
549 4399 678 4449 ajanuarii.
