2954 4816
48 329 118 395 otc.
137 331 176 395 95
442 349 482 395 nn
512 349 539 396 s.
567 349 706 396 nuscum
729 347 873 396 rrsnrrnr
1186 335 1249 398 ild

48 433 138 520 ipsam
155 431 306 521 martyrii
330 437 474 502 cursum
501 455 578 502 mox
601 446 828 522 peracturum.
850 433 1012 503 Similiter
1029 445 1142 504 autem
1168 435 1293 506 Basilla

46 542 163 608 (tuoque
184 522 213 590 ei
238 522 428 611 respondit,
446 522 536 608 quod
563 523 664 591 etiam
683 522 726 591 de
749 523 901 613 Eugenia
926 522 1080 592 Christus
1104 523 1134 592 ei
1159 525 1292 612 signill-

45 610 213 692 cautiore
237 624 274 680 ut
296 610 432 700 duplici
455 632 581 680 corona
598 614 628 680 ei
644 624 748 693 corint
772 624 969 682 exornetur:
987 633 1058 682 una
1073 612 1212 700 quidem
1232 635 1293 703 pro

46 699 190 788 periculis
212 713 244 768 et
268 699 465 780 laboribus,
492 721 579 787 quos
610 701 716 770 subiit
749 699 993 780 Alexandrlae,
1023 713 1056 768 et
1091 700 1125 770 in
1159 701 1289 788 reliqua

44 795 193 877 Aegypto:
219 787 325 857 altera
347 810 439 868 vero,
461 811 522 878 pro
540 790 704 878 martyrio
728 803 761 858 et
786 790 889 858 caede
914 809 1002 875 quae
1029 803 1166 879 propter
1193 790 1291 860 illum

44 875 119 945 laeta
138 888 195 946 est.
216 881 305 947 llaec
328 897 409 947 cum
434 877 523 946 inter
547 899 584 946 se¹
606 876 844 958 contulissent,
863 892 894 946 et
914 899 976 968 pro
1000 877 1196 948 seinvicem
1217 901 1292 967 pre·

43 979 124 1034 ratae
144 980 271 1037 essent:
297 967 382 1053 quin
407 966 509 1035 etiam
536 967 740 1057 virginibus,
759 989 849 1054 quae
865 980 961 1036 erant
975 966 1067 1056 opud
1087 967 1289 1058 Eugenium,

45 1054 198 1124 masculos
214 1054 348 1124 animos
364 1054 593 1135 addidissent,
615 1068 647 1124 et
668 1057 918 1145 persuasissent
935 1067 973 1125 ut
989 1068 1131 1126 mortem
1156 1069 1293 1146 propter

43 1142 195 1212 Christum
220 1142 311 1233 negli
339 1159 444 1226 erent,
471 1166 613 1234 corpore
636 1144 776 1235 quidem
802 1145 836 1213 in
864 1147 1055 1233 praesentia
1083 1145 1293 1235 disjungun-

45 1244 104 1312 tur,
117 1231 212 1301 ultera
228 1165 400 1302 desiderio
423 1233 576 1312 alterius,
594 1237 732 1302 crebras
751 1255 791 1302 er
811 1233 922 1303 oculis
946 1233 1117 1322 lacrymas
1135 1234 1293 1304 emitten-

46 1335 99 1386 tes:
118 1331 223 1411 utpote
246 1320 339 1408 quod
364 1321 450 1391 lerre
472 1344 539 1391 non
557 1321 800 1411 possentoouli
825 1345 882 1392 ecs
906 1323 1057 1410 separari
1084 1345 1103 1392 a
1129 1323 1182 1394 sui
1205 1322 1292 1392 inri-

44 1429 106 1475 cnn
129 1409 329 1498 spectaculo.

79 1498 194 1582 §8st
215 1503 298 1568 Cum
325 1510 438 1568 autem
461 1499 563 1568 finem
589 1499 745 1589 accipere
769 1511 939 1588 oporteret
957 1521 1010 1579 ea,
1027 1521 1115 1588 quae
1139 1498 1181 1568 de
1206 1499 1290 1588 ipsis

43 1583 199 1672 praedicta
220 1587 356 1657 fuerant
388 1609 408 1656 a
432 1589 588 1669 Domino,
615 1586 657 1658 de
688 1588 811 1660 Basilia
837 1586 976 1678 quidem
1014 1589 1097 1657 dixit
1132 1588 1292 1678 Pompejo

42 1695 98 1742 una
121 1695 158 1744 ex
185 1675 248 1756 iis,
275 1697 363 1763 quae
399 1677 509 1766 ipsam
535 1677 778 1763 sequebantur,
801 1676 958 1756 ancillis,
978 1677 1067 1764 quod
1096 1677 1163 1745 nisi
1196 1677 1291 1746 omni

42 1762 143 1831 studio
164 1775 194 1832 et
218 1787 324 1834 manu
355 1767 448 1855 regia
472 1766 537 1834 sibi
565 1766 773 1855 desponsam
806 1764 980 1845 Basiliam,
1007 1787 1096 1852 quae
1121 1765 1193 1852 jam
1220 1780 1292 1835 erut

44 1852 327 1932 1.nbilis,domum
352 1853 499 1934 duxerit,
528 1873 593 1924 non
618 1853 771 1942 amplius
796 1857 829 1923 in
858 1867 1030 1943 posterum
1051 1875 1127 1923 eam
1154 1853 1293 1924 habebit

43 1961 176 2010 uxorem.
195 1942 289 2012 Scias
306 1943 412 2024 enim,
432 1943 555 2031 inquit,
577 1965 652 2012 eam
677 1943 802 2014 factam
818 1965 893 2013 esse
908 1942 1134 2012 Christianam
1161 1963 1292 2012 sermo-

44 2029 128 2100 nibus
151 2032 334 2121 Eugeniae:
360 2053 505 2119 eamque
530 2053 597 2100 non
619 2031 730 2100 solum
754 2033 985 2112 matrimonio,
1012 2031 1069 2100 sed
1096 2032 1198 2100 etiam
1232 2031 1289 2100 toti

45 2117 154 2188 mundo
179 2121 393 2189 renunciare.
420 2125 465 2190 Ea
491 2120 534 2189 dc
560 2143 664 2190 causa
688 2121 762 2208 ejus
785 2143 922 2208 quoquc
950 2133 1097 2190 tutorem
1122 2118 1289 2188 Helenum

46 2205 159 2276 dillerre
181 2209 332 2297 nuptias,
351 2209 411 2295 qui
426 2223 477 2278 est
496 2210 569 2300 ipse
592 2231 729 2297 quoque
753 2210 979 2292 Christianus,
1004 2221 1037 2279 et
1060 2207 1212 2296 ejusdem
1240 2207 1292 2275 in-

47 2294 144 2364 stituti.
171 2299 259 2380 Quin
297 2298 398 2367 etiam
434 2319 532 2385 quos,
564 2299 688 2386 inquit,
722 2299 907 2368 Eunuchos
932 2299 1083 2387 Eugenia
1114 2310 1290 2383 tamquam

48 2385 136 2454 serris
165 2386 206 2455 ad
233 2408 308 2457 eam
339 2386 454 2468 misit,
487 2388 509 2456 ii
537 2386 584 2456 vel
619 2386 775 2456 omnium
812 2389 959 2457 manime
983 2401 1089 2456 artem
1116 2397 1292 2457 sectantur

46 2473 205 2561 magicam,
225 2489 259 2544 et
282 2475 332 2545 sic
355 2497 430 2544 eam
450 2477 682 2550 incantarunt.
703 2489 739 2544 ut
763 2476 908 2546 letentur
925 2498 961 2546 se
982 2497 1074 2546 nunc
1091 2497 1148 2544 eos
1167 2474 1291 2544 babere

44 2557 192 2645 (lominus,
210 2577 243 2633 et
259 2585 317 2634 eos
335 2563 447 2636 colere
466 2577 640 2652 tamquam
667 2563 749 2633 deos
773 2566 995 2635 immortales.
1023 2569 1106 2634 Cum
1135 2563 1225 2634 mala
1243 2561 1292 2662 sic

43 2649 149 2720 ancilla
172 2652 335 2743 Pompejo
360 2655 616 2735 renunciasset,
639 2666 671 2723 et
696 2651 849 2742 linguam
876 2653 1012 2724 diabolo
1041 2666 1156 2742 aperte
1188 2649 1292 2720 tradi-

43 2735 140 2817 disset,
161 2755 193 2810 et
221 2741 305 2811 haec
330 2741 444 2812 locuta
469 2757 556 2813 esset
580 2743 745 2813 adversus
770 2743 991 2823 Christianos,
1022 2743 1072 2811 ira
1106 2739 1203 2811 valde
1227 2739 1292 2810 luit

43 2846 189 2900 aecensus
207 2831 403 2919 Pompejus,
425 2843 458 2900 et
474 2832 638 2901 adversus
663 2832 830 2900 Helenum
849 2832 965 2922 gravia
983 2832 1120 2922 spirans
1143 2842 1193 2900 est
1214 2849 1292 2919 pro-

42 2911 144 2984 lctus.
164 2919 199 2988 Et
218 2920 368 3008 primum
386 2919 524 3007 quidem
543 2923 573 2990 ei
591 2923 659 2989 vim
677 2921 849 3002 afferebat,
870 2933 907 2991 ut
922 2921 988 2990 sibi
1006 2918 1156 3010 puellam
1181 2931 1292 2989 osten-

42 3001 135 3084 tleret;
152 3006 276 3076 deinde
290 3008 391 3078 etiam
417 3009 604 3079 celebraret
621 3009 776 3099 nuptias;
798 3010 863 3078 nisi
885 3011 957 3110 ipse
974 3023 1090 3099 aperte
1107 3006 1204 3078 vellet
1218 3027 1292 3076 esse

42 3089 133 3162 bostis
155 3100 419 3186 imperatorum.
441 3102 531 3167 llaec
556 3119 636 3167 cum
654 3097 781 3168 diceret
798 3103 992 3187 PompeJus,
1014 3119 1080 3166 non
1100 3097 1197 3167 latuit
1214 3095 1292 3183 qui·
1398 3155 1399 3158 ,

42 3177 105 3248 dem
123 3183 299 3264 Helenum,
319 3185 494 3256 undenam
514 3186 661 3277 prosecta
681 3200 770 3258 esset
787 3187 945 3276 proditio:
964 3187 1155 3276 ingenuum
1177 3200 1289 3253 nutem

42 3279 67 3334 et
82 3269 206 3357 justum
231 3274 261 3343 ei
287 3273 380 3344 dedit
411 3297 631 3364 responsum:
663 3305 675 3338 l
704 3281 771 3366 ligo
792 3299 882 3355 sum,
909 3276 966 3346 oui
997 3275 1130 3363 obtigit,
1157 3273 1289 3350 dicens,

44 3357 158 3438 puellae
177 3362 297 3432 tutela:
324 3385 413 3450 quae
437 3363 545 3434 donec
570 3363 709 3452 quidem
727 3378 798 3435 erat
823 3365 995 3453 impubes,
1014 3386 1053 3433 ea
1069 3379 1101 3434 et
1118 3387 1137 3434 a
1156 3383 1209 3430 me
1224 3359 1290 3428 ale·

45 3443 138 3528 batur,
156 3460 187 3519 ct
202 3452 335 3521 vivebat
349 3463 387 3522 ut
410 3453 578 3523 volebam.
598 3459 679 3524 Cum
698 3475 775 3523 vero
795 3454 866 3554 jam
886 3453 929 3523 ad
949 3452 1084 3542 plenam
1103 3448 1292 3550 pervenerit

44 3545 180 3620 aetatem,
198 3553 231 3610 et
251 3542 325 3630 Jam
353 3552 490 3630 tempus
517 3543 686 3632 acceperit
713 3542 920 3633 legitimum,
941 3543 1015 3632 ipsa
1044 3563 1110 3610 non
1141 3539 1292 3638 amplius

46 3639 137 3714 meum
162 3641 322 3716 sequetur
346 3629 576 3702 voluntatem:
603 3630 661 3701 sed
680 3653 779 3702 suam
796 3653 944 3720 sequens
961 3629 1177 3710 sententiam,
1193 3627 1293 3696 lactet

45 3705 71 3774 ld
91 3715 174 3798 quod
199 3717 299 3788 volet.
323 3741 341 3785 n
804 3777 812 3794 ,

78 3801 93 3885 b
113 3805 182 3875 Μ.
201 3810 384 3902 Postquam
411 3809 474 3878 hoe
496 3830 698 3898 responsum
716 3810 849 3900 accepit
864 3810 1058 3899 Pompejus‚
1078 3807 1119 3877 nd
1148 3803 1293 3902 Basillae
1356 3863 1362 3880 ,

47 3887 128 3988 tedes
145 3897 299 3980 protinus
315 3909 365 3967 est
391 3897 582 3987 proiectus:
607 3913 640 3968 et
668 3897 802 3988 pulsato
821 3900 920 3980 ostio,
933 3899 1075 3988 janitori
1097 3899 1290 3986 imperavit,

46 3984 116 4068 uter
137 3987 372 4058 annunciaret.
396 3985 458 4056 llla
486 3999 599 4056 autem
629 3988 758 4058 sensim
783 4009 862 4057 eum
888 3986 1015 4076 repulit
1040 4007 1100 4076 per
1129 4002 1290 4076 puerum,

46 4055 144 4156 dicens
174 4071 259 4142 nihil
288 4096 363 4144 esse
385 4096 569 4146 commune
596 4075 742 4147 Basillae
765 4099 845 4146 oum
882 4077 1065 4166 Pompejo:
1093 4073 1152 4144 sed
1182 4090 1293 4169 neque

48 4163 105 4244 ltus
123 4156 302 4232 adventum
327 4164 469 4234 omnino
493 4164 596 4254 culpi
620 4186 747 4234 carere.
767 4165 945 4248 Quomodo
962 4166 1067 4246 enim,
1086 4165 1146 4252 qui
1162 4161 1203 4232 ad
1226 4179 1291 4228 vrr-

51 4252 141 4317 onem
164 4253 354 4331 accesserit,
381 4267 413 4322 et
437 4276 515 4323 curn
532 4277 571 4324 aa
591 4275 745 4324 seorsum
766 4254 860 4342 loqui
877 4255 1022 4342 quaerit,
1040 4275 1143 4343 quom
1172 4269 1292 4340 prope-

53 4327 166 4418 notum
191 4360 233 4406 ne
260 4340 369 4412 oculis
393 4342 532 4429 quidem
558 4343 633 4412 suis
657 4342 735 4412 licet
766 4343 932 4414 masculis
962 4343 1111 4412 intueri?
1136 4343 1195 4411 llis
1220 4358 1292 4407 ver-

54 4401 93 4479 bis
110 4417 214 4494 lurore
238 4431 429 4502 concitatur
453 4432 650 4522 Pompeius:
678 4445 710 4501 et
736 4433 886 4522 primum
915 4433 1055 4522 quidem
1088 4431 1227 4502 veniens
1246 4429 1289 4494 in
