2932 4812
33 255 99 319 lllltl.
125 255 165 319 29
324 273 363 320 ne
388 273 417 320 s.
444 269 550 320 ruent
574 273 720 322 accurre.
747 271 958 322 cantuarien.
1170 261 1227 325 'o'tll

63 359 78 443 l
98 359 140 427 E.
163 360 294 426 Interea
318 356 430 428 Abbas
445 356 587 444 quidam
605 379 750 449 magnae
764 359 1025 428 existimationis
1042 381 1059 428 e
1078 363 1277 452 regionibus

30 445 250 515 transmarinis
275 446 534 535 superveniens,
556 446 670 517 attulit
693 446 835 526 litteras,
862 459 900 516 ut
923 448 997 538 ipse
1020 448 1165 532 dicebat,
1193 456 1277 522 Pon·

29 532 114 603 titlcis
147 546 178 604 et
216 533 474 618 cardinalium,
512 536 722 606 hortantium
762 535 1092 628 hrchiepiscopum,
1123 542 1280 632 ut·Regi

26 623 224 704 consentiret,
251 622 392 710 quando
418 622 534 693 uidem
561 636 671 694 certos
699 625 794 716 ipsos
825 630 892 695 Rex
917 624 1063 708 lecisset,
1084 626 1169 696 nihil
1198 651 1278 700 eum

26 723 128 782 contra
146 711 300 781 ordinem
326 712 370 782 ab
390 646 451 782 illo
470 725 684 783 exacturum.
703 713 856 783 Addebat
870 714 993 796 hbbas,
1010 727 1049 784 ut
1068 726 1140 785 erat
1183 729 1281 789 otens

26 799 53 868 in
77 800 320 890 persuadendo,
338 823 375 872 se
390 801 529 892 culpam
550 823 688 871 omnem
713 803 746 871 in
774 823 809 871 se
826 804 988 894 recipere,
1007 804 1033 874 si
1054 804 1138 892 quid
1161 739 1227 876 Rae
1244 808 1279 876 in

26 901 107 976 parte
122 903 270 961 erratum
290 889 333 960 sit
352 891 395 961 ab
414 889 692 981 Archiepiscopo;
711 891 890 979 multaque
905 892 973 961 alia
988 914 1276 976 commemorans,

25 999 84 1046 non
103 979 254 1060 cessavit,
272 978 382 1050 donec
399 979 688 1070 persuasibilibus
709 979 881 1050 humanae
901 981 1088 1070 sapientiae
1104 981 1217 1055 verbis
1240 1005 1279 1054 eo

25 1065 152 1136 adduxit
176 1067 508 1159 Archiepiscopum,
535 1080 574 1138 ut
597 1069 700 1139 verbo
724 1068 936 1159 promitteret
967 1074 1013 1140 Re
1041 1071 1072 1151 i,
1105 1092 1140 1140 se
1173 1074 1280 1144 avitas

26 1157 277 1228 consuetudines
300 1156 318 1192 ⁸
341 1169 577 1228 servaturum:
605 1156 740 1228 nullum
767 1158 950 1247 suspicans
973 1092 1104 1240 dolum,
1131 1161 1223 1250 quod
1248 1163 1279 1231 ei

27 1241 102 1312 lldes
122 1243 194 1315 data
220 1257 321 1328 esset,
341 1245 427 1315 nihil
453 1244 605 1335 amplius
631 1268 669 1316 ea
698 1245 740 1314 de
764 1267 799 1314 re
823 1267 860 1316 se
883 1245 1098 1317 auditurum.
1122 1249 1185 1318 Sed
1211 1255 1280 1320 Rex

28 1331 129 1415 voluit,
146 1348 181 1404 ut
205 1334 322 1425 palam
348 1333 438 1404 idem
464 1356 577 1404 coram
596 1333 760 1404 omnibus
781 1333 1011 1424 polliceretur.
1034 1341 1118 1406 Tum
1144 1339 1279 1408 Archio-

27 1419 171 1522 piscopus
193 1422 472 1493 animadvertens
491 1423 606 1494 isthuc
628 1423 748 1494 cedere
771 1422 807 1492 in
832 1422 1089 1494 Ecclesiasticae
1113 1425 1280 1497 libertatis

26 1510 182 1597 injurtam,
200 1513 350 1614 graviter
370 1512 549 1604 ingemuit,
566 1512 784 1602 multumque
799 1511 910 1582 doluit
926 1533 961 1583 se
976 1514 1060 1604 Regi
1077 1517 1277 1597 assensisse,

26 1598 98 1696 quip
122 1622 138 1669 e
160 1623 262 1693 cujus
287 1600 441 1672 studium
465 1615 497 1670 et
521 1613 682 1671 conatum
707 1622 747 1670 eo
767 1613 920 1690 spectare
941 1600 1079 1684 videret,
1106 1617 1144 1674 ut
1167 1604 1280 1675 Eccle-

27 1707 86 1756 srae
101 1623 235 1761 libertas
260 1693 297 1761 in
317 1689 376 1780 jus
393 1689 525 1780 regium
548 1689 771 1781 redigeretur.
790 1689 829 1760 ld
846 1689 938 1778 quod
956 1702 1116 1761 testatum
1133 1692 1282 1764 efficient

28 1775 69 1844 vel
93 1777 158 1848 sola
181 1801 238 1851 sex
263 1781 340 1871 eJus
365 1792 438 1849 tum
469 1778 602 1848 oblatae
634 1779 889 1852 constitutionis
920 1778 1058 1868 capita,
1088 1801 1176 1866 quae
1206 1783 1279 1873 jam

28 1866 268 1960 subjungimus,
288 1889 377 1956 quae
401 1879 542 1937 sanctus
565 1869 757 1958 Episcopus
784 1867 818 1937 in
846 1869 919 1939 suis
944 1867 1066 1938 litteris
1090 1867 1278 1939 damnavit.

30 1955 102 2022 Sunt
124 1969 233 2028 autem
260 1958 345 2028 haec
369 1955 412 2026 ad
436 1957 580 2027 verbum
605 1957 716 2026 descri
745 1968 799 2040 ta,
830 1957 927 2028 utin
953 1969 1092 2026 auctore
1120 1958 1194 2047 ipso
1222 1958 1281 2027 ha·

29 2039 179 2114 bertum«
200 2045 299 2130 Quod
322 2067 389 2115 uon
411 2045 603 2135 appelletur
617 2044 660 2114 ad
676 1978 792 2116 seelera
808 2043 1035 2134 Apostolicam
1052 2047 1127 2115 sine
1145 2046 1283 2117 licentia

31 2133 126 2220 Regis.
142 2135 236 2218 Quod
265 2156 333 2204 non
351 2134 451 2204 liceat
466 2133 730 2224 Archiepiscopo
750 2147 782 2204 et
804 2135 971 2225 Episcopo
987 2135 1079 2203 exire
1102 2134 1144 2204 de
1163 2157 1280 2225 regno,

32 2231 59 2284 et
78 2222 179 2293 venire
207 2223 250 2294 ad
282 2222 495 2294 vocationem
515 2221 648 2292 domini
668 2228 777 2312 Papae
801 2225 876 2292 sine
896 2222 1033 2292 licentia
1051 2225 1165 2313 Regis,
1185 2223 1280 2307 Quod

36 2326 91 2375 non
106 2307 196 2382 liceat
220 2313 391 2404 Episcopo
414 2311 713 2386 excommunicare
730 2311 892 2398 aliquem,
912 2311 972 2398 qui
994 2324 1105 2382 teneat
1128 2311 1171 2382 de
1193 2318 1283 2402 Rege

34 2393 189 2487 incapite,
213 2402 290 2473 sine
319 2400 457 2470 licentia
486 2400 611 2490 Regis:
638 2399 689 2469 vel
720 2413 842 2470 terram
872 2399 979 2480 illius,
1001 2399 1052 2470 vel
1083 2400 1283 2472 officialium

33 2503 154 2558 suorum
170 2491 235 2561 sub
257 2488 439 2559 interdicto
483 2510 597 2560 onere.
615 2486 710 2572 Quod
739 2510 804 2558 non
832 2488 931 2558 liceat
948 2489 1114 2579 Episcopo
1129 2493 1285 2560 coercere

32 2570 162 2659 aliquem
178 2577 219 2648 de
233 2577 401 2680 perjurio,
421 2511 481 2647 vel
496 2577 588 2648 laesa
612 2576 691 2647 side.
714 2575 810 2660 Quod
835 2576 950 2647 elerici
977 2577 1158 2648 trahantur
1175 2579 1217 2648 ad
1235 2599 1285 2648 se·

31 2660 143 2735 colaria
164 2667 313 2758 judicia.
341 2665 438 2749 Quod
462 2666 554 2748 laici,
576 2687 638 2737 seu
662 2670 743 2748 Rex,
765 2687 827 2736 seu
846 2666 906 2736 alii
931 2677 1074 2737 tractent
1098 2689 1220 2738 causas
1244 2666 1286 2736 de

31 2747 157 2825 decimis
180 2757 231 2826 vel
257 2753 425 2827 ecclesiis.
449 2777 467 2822 ιι

67 2841 83 2926 ξ
103 2845 138 2912 2.
156 2845 301 2916 Videant
315 2844 402 2933 jam,
421 2843 482 2944 qui
497 2843 666 2932 hodieque
681 2843 953 2925 calumniantur,
974 2858 1132 2916 sanctum
1151 2843 1287 2914 hrclrie·

31 2929 194 3081 Eiscopum
221 2933 329 3003 nimis
354 2931 573 3023 pertinaciter
596 2931 762 3003 restitisse
785 2934 881 3023 Regi,
904 2955 946 3002 ae
968 2933 1103 3022 justum
1125 2932 1228 3005 luerit
1244 2932 1286 3003 ad

34 3035 103 3112 ¹aec
124 3031 155 3089 et
186 3021 351 3111 pleraque
374 3021 409 3090 id
434 3043 545 3112 genus
581 3021 650 3091 alia
683 3021 878 3091 connivere.
910 3027 978 3092 Rex
1014 3044 1093 3092 vero
1128 3045 1285 3104 cernens,

32 3101 118 3175 illurn
134 3110 342 3200 poenitentia
358 3109 515 3192 ductum,
538 3109 671 3180 resilire
687 3109 730 3180 ab
747 3131 798 3191 eo,
817 3109 909 3197 quod
927 3109 1068 3192 dixerat,
1088 3133 1155 3181 non
1174 3110 1288 3183 serens

33 3194 167 3284 seipsum
186 3222 268 3289 prae
289 3200 352 3280 ira,
370 3198 483 3269 minas
507 3197 602 3270 Clero
626 3198 828 3281 intentabat,
847 3199 976 3286 quibus
994 3212 1106 3270 tamen
1125 3200 1210 3270 nihil
1230 3221 1288 3289 po-

33 3283 87 3352 tuit
111 3285 239 3359 efficere
267 3285 361 3380 apud
386 3286 704 3389 Archiepiscopum.
731 3293 769 3358 tr
797 3299 909 3357 tamen
938 3287 1007 3358 duo
1034 3288 1206 3379 Episcopi,
1229 3288 1289 3376 qui

33 3389 99 3468 eum
119 3375 230 3447 adhuc
253 3389 445 3463 utcumque
468 3377 566 3478 sequi
590 3376 805 3458 videbantur,
829 3376 978 3464 itemque
997 3375 1066 3446 duo
1091 3378 1193 3468 Regis
1210 3397 1290 3447 con-

35 3457 142 3532 siliarii
165 3464 486 3555 praesentissimum
519 3465 619 3535 illum
651 3464 747 3535 adire
767 3465 953 3536 discrimen
979 3465 1194 3547 dictitabant,
1222 3465 1291 3536 nisi

36 3551 227 3640 prospiceret
250 3553 311 3625 illo
329 3554 385 3624 die
404 3553 470 3624 sibi
495 3553 586 3712 ipsi:
619 3554 840 3626 misereretur
863 3554 1057 3636 Ecclesiae,
1085 3567 1117 3624 et
1146 3577 1289 3626 suorum

37 3654 139 3730 curam
167 3656 309 3733 gereret.
337 3647 462 3713 Verum
488 3641 547 3712 ile
575 3663 637 3712 nec
661 3642 834 3734 precibus,
854 3665 917 3714 nee
946 3643 1051 3714 minis
1076 3645 1290 3725 flectebatur,

38 3739 112 3794 mter
130 3731 258 3803 medios
274 3731 425 3802 hostium
443 3753 571 3802 cuneos
585 3730 752 3802 festinans
777 3731 819 3803 ad
845 3732 996 3822 palmam
1016 3733 1186 3824 martyrii.
1208 3737 1293 3804 Ecce

38 3828 135 3885 autem
152 3817 220 3891 duo
236 3819 419 3912 Templarii
436 3819 561 3891 milites
580 3821 696 3911 magni
714 3822 866 3890 nominis
885 3821 1067 3892 hortantur
1083 3843 1162 3892 eurn
1180 3821 1291 3904 valde,

39 3911 70 3966 nt
89 3909 243 3980 assentiat
263 3910 366 4001 Regi;
388 3909 486 4000 ajunt
501 3931 536 3979 se
562 3931 623 4001 pro
639 3921 814 4000 comperto
838 3910 976 4000 habere,
999 3911 1294 4002 interponuntque

41 3983 167 4064 tidenter
190 3997 292 4070 iidem
314 4020 427 4080 suam,
447 3997 534 4068 nihil
564 4010 675 4087 petere
700 4003 840 4088 Regem,
866 3999 957 4086 quod
986 4000 1207 4092 archiepisco
1236 4021 1293 4072 um

43 4072 194 4168 dedeceat,
211 4099 270 4157 aut
294 4087 338 4157 sit
361 4099 480 4158 contra
504 4086 674 4158 ordinem.
694 4088 796 4178 ljunt
820 4109 855 4159 se
872 4087 1017 4159 libenter
1035 4093 1119 4183 pati,
1138 4103 1177 4161 ut
1192 4023 1297 4182 plane

67 4220 131 4266 *Eae
143 4231 329 4278 comuetndlnce,
342 4229 528 4276 ecelesiasticam
542 4232 677 4274 ubertatem
693 4241 843 4283 summopere
853 4233 981 4280 laedentes.
991 4245 1049 4285 quar
1067 4233 1183 4277 eenricus
1192 4237 1215 4276 11
1224 4236 1298 4278 avitas

48 4277 166 4329 *ltelltbrb
179 4287 247 4326 antec
259 4287 362 4328 incertas
377 4289 447 4337 atqua
462 4287 605 4332 indefinitae,
622 4287 647 4326 tu
664 4287 790 4332 conventu,
806 4297 876 4346 quem
895 4285 945 4338 ipae
961 4289 1085 4336 Henrlcus,
1096 4292 1224 4338 annullet,
1235 4292 1296 4340 apud

47 4323 438 4435 32:323}grffiioffirmminm
452 4341 518 4381 tuere
528 4341 598 4390 atque
608 4341 633 4380 tn
644 4335 762 4380 sexdecim
773 4341 880 4382 articults
890 4342 1005 4383 redactae.
1016 4344 1063 4384 Eae
1074 4354 1143 4394 porro
1153 4344 1229 4386 diotae
1239 4346 1296 4386 suut

113 4469 223 4532 surius
237 4504 248 4520 ·
267 4473 351 4538 l't'toc
364 4473 416 4539 SS.
434 4507 445 4521 ·
462 4473 529 4537 Vol.
543 4473 606 4536 Xll.
1177 4478 1216 4540 36
