2932 4812
202 255 265 318 556
474 271 513 316 ox
537 261 564 316 s.
592 268 698 317 renuo
721 268 866 316 necuter.
894 267 1106 316 caninorum.
1267 250 1342 316 llEC.
1364 251 1397 314 et

157 354 347 445 negligens,
366 355 402 422 in
419 353 492 423 dies
509 357 574 423 beo
590 353 743 424 devotior
758 365 790 422 et
810 351 979 423 addictior
1001 351 1223 435 efficiebatur,
1246 351 1398 439 haudqua-

156 464 259 531 quam
285 443 410 512 similis
427 442 530 512 stulto
555 441 617 528 illi,
645 443 777 530 dequo
801 440 969 531 Propheta
988 440 1094 511 dicit:
1123 443 1328 532 Confitebitur
1342 443 1397 520 tibi,

156 555 232 601 carm
259 533 456 621 benefeceris
486 533 520 600 ei
546 532 616 620 (Ps.
648 529 717 619 18).
744 529 849 618 Cujus
872 552 935 600 nos
959 531 1076 611 vitam,
1102 542 1140 599 ut
1164 531 1287 619 partim
1310 530 1347 600 eb
1366 529 1397 596 iis

155 621 365 712 accepimus,
391 619 451 707 qui
475 620 599 688 virenti
624 619 830 689 familiarius
854 618 1095 701 adhaeserunt,
1123 620 1247 708 partim
1273 619 1334 708 ipsi
1354 637 1399 685 oo-

156 711 236 781 stris
258 707 368 778 oculis
392 708 565 788 vidimus,
599 707 734 798 piorum
760 706 899 777 adducti
926 708 1099 798 precibus
1127 706 1339 778 scribendam
1357 727 1398 774 su·

155 799 334 889 scipimus,
362 802 532 868 Lectorem
558 796 795 876 admonentes,
818 808 856 865 ut
880 797 908 866 si
926 817 995 884 qua
1018 798 1061 866 ab
1086 795 1163 866 aliis
1179 797 1307 885 seriola
1327 807 1392 872 sunt,

155 901 214 956 aut
231 885 384 1043 lortalssis
400 885 604 968 scribentur,
619 907 708 974 quae
723 907 801 955 oum
820 885 945 955 nostris
971 898 1135 976 pugnent,
1154 907 1192 954 ea
1212 884 1395 955 noveritose

156 998 175 1044 a
198 997 274 1044 vero
290 997 308 1044 a
327 995 414 1044 rena.

695 1171 890 1250 HISTORIA

199 1333 277 1418 51.
309 1335 410 1400 Ortus
439 1342 490 1399 est
518 1329 638 1400 beatus
671 1329 819 1400 Thomas
849 1329 995 1400 Londini
1022 1329 1059 1398 in
1088 1329 1288 1412 Britannia,
1322 1345 1403 1416 quaro

154 1440 246 1489 nunc
270 1417 426 1510 Angliam
451 1431 583 1499 vocant,
602 1440 746 1506 eamque
762 1419 896 1500 urbem,
914 1440 1002 1505 quae
1026 1418 1222 1488 Britanniae
1244 1427 1402 1509 eaputest.

154 1529 217 1578 suo
241 1520 318 1576 ortu
340 1506 535 1578 illustravit.
562 1511 694 1576 Patrem
720 1507 841 1578 habuit
865 1506 1086 1578 Gillebertum
1113 1506 1154 1588 ἴ,
1189 1521 1331 1578 matrem
1353 1509 1405 1574 lla·

154 1595 311 1676 thildem,
329 1608 515 1686 utrumque
539 1617 663 1686 genere
679 1608 712 1665 et
726 1596 851 1685 opibus
876 1594 965 1666 nulli
988 1596 1114 1665 civium
1140 1617 1282 1666 suorum
1307 1595 1405 1666 ceder-

153 1697 233 1766 tem,
256 1706 391 1754 morum
416 1706 494 1755 vero
519 1684 710 1774 integritate
733 1697 766 1754 et
790 1685 986 1754 innocentia
1010 1683 1079 1754 illis
1096 1685 1322 1775 superiorem.
1341 1689 1403 1752 Cum

154 1785 261 1843 mater
284 1795 363 1844 eum
395 1785 541 1862 gestaret
568 1785 689 1852 utero,
724 1793 793 1842 non
819 1773 923 1844 semel
948 1773 979 1842 ei
1006 1772 1140 1843 oblatae
1173 1785 1254 1843 sunt
1277 1773 1404 1843 visiones

153 1862 324 1950 quaedam
340 1861 382 1932 dc
396 1863 471 1950 ejus
487 1861 603 1932 lutura
618 1862 798 1932 sanctitate
809 1873 841 1932 et
856 1861 1035 1953 dignitate,
1052 1865 1125 1945 Quo
1139 1861 1196 1932 die
1209 1863 1245 1931 in
1262 1862 1368 1932 lucem
1379 1857 1403 1890 *⁸

153 1950 266 2021 editus
288 1961 363 2032 est,
397 1963 436 2020 ut
463 1949 537 2040 ejus
561 1951 747 2040 propinqui
771 1951 879 2040 ajunt,
908 1971 927 2019 e
953 1949 1055 2021 domo
1072 1950 1148 2038 ejus
1167 1963 1311 2052 paterna
1335 1947 1406 2039 ignis

153 2061 324 2130 egressus,
348 2059 508 2129 magnam
534 2038 679 2108 Londini
704 2051 836 2129 partem
853 2039 1091 2109 inflammavit.
1112 2038 1175 2110 Ubr
1193 2039 1344 2130 primurn
1360 2056 1404 2127 per

153 2139 296 2198 aetatem
318 2127 427 2206 licuit,
447 2127 558 2216 prima
577 2127 768 2198 litterarum
785 2127 952 2198 elementa
968 2126 1100 2198 discere
1114 2128 1239 2216 jussus
1258 2141 1319 2198 est.
1337 2124 1404 2196 lodo

153 2215 355 2286 liberalibus
379 2214 538 2287 admotus
566 2215 773 2306 disciplinis,
801 2215 948 2286 multum
970 2216 1004 2286 in
1027 2216 1097 2287 illis
1122 2219 1216 2286 brevi
1240 2216 1406 2308 profecisse

152 2305 270 2376 fertur.
298 2309 363 2376 Nec
394 2317 507 2375 tamen
535 2326 649 2376 rerum
672 2305 816 2375 mutatio
845 2326 946 2394 passa
965 2315 1015 2376 est
1038 2304 1101 2376 diu
1124 2327 1203 2376 eum
1226 2305 1359 2376 haerere
1380 2301 1405 2368 in

153 2393 291 2464 scholis.
320 2399 478 2463 Parentes
511 2394 602 2463 enim
632 2394 762 2464 crebris
794 2393 964 2463 incendiis
988 2406 1021 2464 et
1044 2393 1164 2465 multis
1193 2395 1332 2464 casibus
1360 2390 1406 2460 od·

152 2484 260 2552 versis
277 2482 404 2563 afflicti,
425 2481 475 2551 illi
493 2482 704 2554 instituendo
729 2483 896 2553 minorem
914 2481 1104 2552 adhibuere
1126 2505 1261 2553 curam.
1279 2478 1403 2554 Accessit

152 2593 191 2642 eo
208 2573 389 2659 utriusque
405 2571 531 2652 obitus,
553 2572 614 2658 qui
641 2593 801 2662 magnam
828 2571 899 2641 filio
924 2570 1038 2640 attulit
1064 2593 1145 2641 cum
1166 2571 1311 2641 orbitate
1333 2569 1404 2640 cclc-

153 2661 318 2730 mitatem.
346 2659 481 2732 Solebat
497 2671 611 2730 autem
636 2660 745 2762 patris
772 2659 922 2750 bospitio
946 2680 1048 2750 saepe.
1072 2660 1123 2731 uti
1144 2660 1344 2740 Richerius,
1368 2655 1405 2722 vit

152 2749 278 2820 nobilis
306 2760 338 2817 et
365 2747 560 2839 opulentus.
595 2747 651 2818 Illr
674 2771 755 2839 ergo
779 2747 925 2818 Thomas
950 2771 985 2818 se
1009 2749 1184 2819 commisit
1209 2751 1280 2837 jam
1309 2745 1405 2818 adole-

151 2859 263 2908 scens.
297 2841 376 2907 Erat
398 2859 480 2908 sane
510 2837 650 2926 optimis
680 2837 859 2920 moribuS,
892 2837 1067 2927 praeclaro
1092 2837 1243 2928 ingenio,
1267 2833 1405 2926 jucundo

150 2926 259 3005 vultu,
279 2924 336 2995 sed
359 2926 463 2995 mixta
485 2927 661 3016 gravitate,
681 2947 840 2996 sermone
858 2937 990 3017 gratus,
1017 2925 1127 2996 forma
1147 2925 1308 3018 eleganti.
1328 2921 1405 3020 [tele-

150 3013 307 3084 elabatur
329 3013 470 3100 quidem
491 3015 637 3086 canibus
656 3027 688 3084 et
715 3015 848 3095 avibus,
871 3027 909 3086 ut
935 3015 1021 3086 solet
1040 3015 1100 3085 illu
1122 3027 1238 3097 aetas,
1265 3028 1359 3102 atque
1378 3007 1405 3077 td

151 3124 261 3194 genus
277 3101 355 3172 aliis
379 3103 465 3172 vitae
485 3103 590 3194 huJus
614 3102 885 3185 oblectamentis,
908 3103 967 3174 sed
989 3105 1117 3175 mansit
1132 3125 1260 3194 corpus
1280 3103 1403 3190 integer,

151 3205 184 3262 et
201 3193 269 3262 veri
286 3191 456 3261 intentum
482 3213 616 3274 amaus,
642 3204 682 3263 ut
705 3205 765 3262 aut
785 3193 850 3274 vix,
876 3204 936 3261 aut
961 3213 1138 3279 nunquam
1157 3193 1323 3281 quiquam
1341 3191 1405 3280 joco

150 3281 202 3352 vel
220 3281 308 3351 serio
331 3280 466 3362 dixerit,
484 3280 575 3368 quod
592 3293 680 3352 esset
703 3303 782 3352 curn
810 3279 988 3352 mendacio
1012 3281 1251 3370 conjunctum.
1274 3285 1322 3350 Ita
1339 3295 1405 3372 ergo

152 3371 262 3460 perid
282 3383 418 3458 tempus
442 3371 621 3440 venatione
644 3383 677 3440 et
691 3369 851 3459 aucupiis
869 3391 942 3441 sese
966 3369 1154 3452 oblectans,
1183 3392 1245 3460 pro
1262 3389 1322 3440 suo
1335 3365 1405 3436 orbr-

92 3515 112 3528 ..
152 3469 242 3529 tratu
268 3458 369 3528 modo
397 3457 491 3528 domi
518 3471 590 3528 erat
612 3479 691 3529 cum
723 3471 828 3550 patre,
857 3457 959 3528 modo
982 3481 1063 3530 rure
1090 3459 1183 3549 apud
1210 3457 1401 3556 Rioherium

150 3568 252 3634 quem
278 3547 455 3617 diximus:
477 3547 621 3636 jamque
644 3549 867 3618 constituerat
891 3547 1082 3619 litterarum
1107 3547 1233 3618 studiis
1258 3559 1402 3617 nuncium

150 3635 332 3705 remittere.
359 3635 488 3706 bcoidit
505 3637 655 3718 interim,
675 3650 713 3706 ut
736 3657 815 3706 eum
841 3635 1001 3706 Richerio
1024 3636 1194 3724 equitans,
1219 3635 1341 3706 videret
1361 3649 1404 3698 ac·

150 3725 325 3814 cipitrem,
353 3725 437 3795 dum
466 3723 538 3794 vult
568 3738 702 3796 anatem
735 3747 865 3815 rapere,
893 3745 980 3814 pene
1004 3725 1112 3815 mergi
1142 3725 1175 3794 in
1201 3725 1315 3796 undis.
1340 3723 1402 3810 Ejus

151 3815 323 3898 misertus,
346 3813 389 3883 ab
413 3834 501 3900 equo
529 3812 705 3895 desiliens,
732 3814 767 3883 in
788 3813 918 3882 llumen
939 3813 1049 3884 insilit
1064 3835 1161 3884 avem
1181 3825 1398 3884 extracturus:

150 3904 208 3974 sed
239 3902 456 3993 motusipse
487 3922 657 3988 aquarum
684 3902 740 3984 vi,
769 3923 892 4003 parum
917 3924 937 3970 a
962 3924 1100 3972 summo
1124 3901 1234 3972 abluit
1256 3895 1399 4004 periculo.

150 3991 300 4061 Tandem
325 3990 472 4080 appulso
489 3991 548 4060 illo
564 3990 607 4061 ad
625 3991 877 4071 molendinum,
897 4003 970 4060 roto
987 3992 1077 4062 stetit
1096 3989 1296 4088 immobilis,
1313 3987 1400 4056 donec

149 4079 381 4149 extraheretur
400 4101 439 4147 ex
456 4080 566 4167 aquis,
589 4081 733 4150 Domino
754 4079 854 4148 illum
863 4081 935 4170 jam
950 4079 1168 4168 desperatum
1186 4083 1396 4150 conservaris,

88 4169 91 4176 '
151 4185 193 4231 ne
216 4167 473 4256 extingueretur
496 4166 637 4236 lucerna
661 4169 697 4237 in
723 4167 851 4247 lsraiil,
884 4165 988 4256 cujus
1014 4169 1161 4257 pretiosa
1195 4180 1298 4238 morte
1326 4171 1398 4232 tanta

179 4319 192 4344 ¹¹
208 4318 250 4357 Oul
260 4329 387 4369 cognomen
399 4327 450 4366 exal
460 4327 542 4366 Bcchct.

179 4369 206 4395 ⁸·
222 4371 249 4408 In
259 4372 334 4414 lucem
344 4379 432 4425 prodllt
442 4380 464 4422 Ι.
477 4379 579 4420 Thomu
588 4380 625 4422 dlo
637 4381 662 4421 at
672 4381 810 4430 decembrio,
820 4391 880 4426 anno
891 4383 950 4424 111'1.
