2954 4816
40 265 111 330 attt.
136 264 178 329 25
352 283 390 329 na
412 280 600 330 narrvrrara
624 281 814 330 satvaroavs
837 281 949 330 nosrar
1177 262 1240 328 lot

38 366 78 436 vel
90 365 130 446 ei,
153 363 214 452 qui
239 377 422 455 conceptus
445 367 480 435 in
506 379 601 436 utem
626 366 776 468 Virginis
794 365 1010 456 portabatur:
1038 364 1095 434 ille
1119 363 1210 434 enim
1237 374 1287 434 est

37 454 173 524 omnium
187 453 335 544 adjutor,
356 453 398 524 ad
416 475 518 542 quem
536 455 719 526 clamantis
733 455 922 546 Prophetae
939 464 1068 544 spectat
1081 453 1189 523 oratio
1206 452 1285 524 illa:

35 544 198 612 lucilium
213 565 324 613 meum
347 545 536 624 cDomt'no,
557 545 618 634 qai
638 547 717 635 fecit
736 547 864 615 coelum
887 554 919 614 ct
943 555 1069 613 terram
1090 542 1160 632 (Pa.
1184 541 1284 632 t20):

34 632 80 700 sed
95 631 172 718 quia
187 632 267 720 eius
281 631 548 722 dispensationis
572 634 735 723 mysterio
760 632 975 704 necessarius
991 643 1063 702 erat
1079 629 1220 720 loseph,
1248 643 1288 702 ut

33 721 119 810 Virgo
133 721 233 807 quasi
258 721 322 792 sub
337 722 408 791 viro
423 743 498 792 esse
514 721 721 804 crederetur,
743 735 775 792 et
792 743 846 792 res
862 722 871 790 i
900 744 939 791 sa
956 719 1074 791 lateret
1088 718 1280 801 diabolum,

33 831 69 877 ne
88 809 213 908 scilicet
235 811 321 880 scire
344 823 456 901 posset
471 810 562 899 quod
579 808 734 881 futurum
752 824 835 893 erat,
855 745 897 880 id
909 821 971 893 est,
990 807 1286 898 quemadmodum

35 902 195 987 beusrpse
211 920 290 968 cum
320 899 522 970 hominibus
550 901 676 970 versari
700 910 882 971 contentus
904 910 1003 970 esset.
1031 897 1094 967 Sed
1120 897 1285 985 quidnam

31 985 224 1076 evangelista
244 991 353 1058 Lucas
375 985 446 1058 ait?
470 993 608 1058 Factum
627 1001 678 1060 est
701 1002 827 1071 autem,
846 1010 926 1058 cum
943 1000 1056 1058 essent
1072 986 1133 1067 ibi,
1154 985 1287 1078 impleti

32 1088 102 1144 sunt
118 1075 202 1156 dies,
229 1088 272 1146 ut
317 1079 443 1146 areret:
468 1090 503 1147 et
526 1077 656 1167 peperit
679 1076 790 1147 filium
815 1099 916 1146 suum
943 1075 1226 1166 primogenitum,
1253 1087 1286 1144 et

35 1163 144 1250 pannis
156 1185 237 1234 eum
256 1163 264 1233 i
293 1164 407 1248 volvit,
426 1177 459 1235 et
475 1165 652 1238 reclinavit
666 1187 745 1235 eum
763 1165 799 1234 in
816 1166 1006 1256 praesepio,
1028 1165 1111 1253 quia
1131 1185 1199 1234 non
1214 1173 1286 1234 erat

26 1250 62 1320 'ei
79 1250 162 1322 locus
177 1253 213 1322 in
228 1251 426 1324 diversorio.
444 1257 474 1324 v0
495 1275 548 1324 res
563 1254 797 1336 admirabiles,
818 1268 851 1325 et
867 1255 1022 1324 omnium
1040 1253 1282 1344 cogitationem

37 1343 240 1428 superantes!
267 1347 389 1433 Papae,
406 1365 510 1433 quam
530 1345 651 1432 paucis
673 1343 783 1413 verbis
800 1365 906 1430 quam
924 1363 1049 1432 magna
1064 1342 1284 1412 continentur

35 1430 193 1515 mysterial
211 1434 355 1501 Factum
372 1445 435 1511 est,
456 1432 581 1521 inquit,
608 1453 687 1502 cum
712 1446 826 1502 essent
849 1432 909 1511 ibi,
937 1429 1069 1520 impleti
1095 1443 1175 1502 sunt
1195 1429 1281 1510 dics,

33 1532 65 1585 ut
82 1521 216 1606 pareret.
237 1523 334 1590 Ores
348 1521 490 1590 omnino
509 1519 750 1590 admirabilesl
770 1520 912 1590 Effector
929 1531 1136 1606 temporum,
1153 1532 1284 1590 certum

35 1620 184 1694 exspectat
208 1621 368 1699 tempus:
386 1609 447 1696 qui
459 1621 569 1680 certos
584 1611 797 1700 temporibus
814 1609 971 1699 praefigit
990 1608 1166 1690 terminos,
1188 1630 1286 1699 prae-

36 1693 149 1766 finitam
169 1709 346 1787 exspectat
368 1697 472 1780 diem,
494 1699 634 1785 nequis
655 1699 731 1788 ejus
754 1711 866 1768 crtum
894 1697 1006 1787 specie
1026 1697 1189 1784 quadam,
1218 1718 1285 1766 non

39 1803 133 1854 revera
155 1784 265 1856 luisse
289 1786 461 1877 suspicari
485 1801 610 1876 posset.

75 1873 149 1958 §Q
174 1875 307 1964 Operae
332 1875 477 1964 pretium
503 1886 618 1945 autem
633 1887 695 1959 est,
715 1876 861 1966 hujusce
876 1875 925 1944 rei
943 1874 1104 1963 mysteria
1128 1873 1286 1944 conside-

41 1979 115 2029 rare:
137 1985 176 2032 ac
193 1964 349 2053 primum
376 1963 462 2034 illud
479 1964 764 2054 contemplemur,
790 1962 1082 2052 quemadmodum
1103 1985 1207 2051 parva
1227 1963 1286 2031 illa

39 2047 152 2132 domus,
172 2051 297 2138 inqua
320 2055 422 2142 Virgo
438 2053 580 2143 peperit,
600 2053 770 2124 Ecclesiae
786 2053 933 2143 liguram
952 2050 1166 2122 continebat:
1190 2055 1288 2122 Prae·

39 2157 101 2225 sepe
118 2161 193 2210 vero
209 2140 341 2223 altaris,
359 2141 485 2230 loseph
510 2141 708 2225 sacerdotis,
726 2164 788 2232 per
803 2143 894 2212 vices
919 2161 1047 2210 munus
1067 2161 1169 2211 suum
1189 2159 1286 2210 exer-

38 2227 136 2308 centis,
152 2233 309 2300 Pastorcs
325 2229 563 2312 diaconorum,
582 2231 699 2321 lngeli
716 2230 944 2312 sacerdotum,
960 2241 992 2300 et
1008 2229 1173 2299 Dominus
1185 2232 1288 2300 lesus

42 2315 190 2388 Pontificis
204 2317 352 2389 formam
367 2319 402 2388 in
419 2341 456 2390 se
471 2321 621 2410 gerebat.
640 2322 798 2391 Thronus
817 2331 932 2390 autem
950 2317 1019 2399 Dei,
1036 2339 1096 2409 per
1111 2316 1285 2408 Virginem

42 2403 157 2474 llariam
182 2407 414 2498 figurabatur.
443 2409 672 2492 Quamobrem
699 2408 897 2499 supradicta
927 2405 1045 2477 omnia
1076 2407 1110 2475 in
1137 2405 1287 2495 Virginis

39 2504 407 2642 partupraemonstrata
428 2517 503 2566 esse
517 2519 674 2579 cernens,
694 2497 877 2577 admirare,
900 2516 980 2566 cum
1008 2495 1109 2566 audis
1138 2516 1223 2564 evan
1250 2515 1286 2564 e-

50 2591 133 2651 rstam
155 2588 284 2655 Lucam
309 2585 359 2656 sic
383 2583 576 2656 dicentem:
597 2591 734 2656 Factum
762 2598 812 2655 est
840 2585 875 2654 in
901 2583 973 2656 illis
992 2585 1127 2664 diebus,
1152 2517 1285 2674 impiati

39 2681 103 2738 sunt
116 2671 197 2754 dies,
213 2686 255 2742 ut
280 2676 415 2830 fureret
429 2673 541 2744 lilium
567 2695 669 2744 suum
691 2674 803 2762 primo
848 2672 972 2756 nitum,
993 2686 1026 2744 et
1046 2671 1189 2742 involvit
1207 2693 1286 2742 eum

38 2760 152 2840 pannis,
169 2775 202 2832 et
221 2783 279 2832 rec
295 2763 400 2832 inavit
415 2762 451 2832 in
470 2763 658 2853 praesepio.
677 2762 793 2832 Videa
821 2761 1013 2832 mirabilem
1033 2761 1184 2862 Virginis
1205 2779 1285 2850 par-

39 2853 109 2916 tum.
132 2848 190 2920 Illa
203 2851 292 2940 ipsa,
308 2873 396 2938 quae
416 2851 557 2943 peperit,
580 2853 705 2941 pannis
722 2849 874 2932 involvit,
891 2862 924 2919 et
939 2849 1118 2920 reclinavit
1134 2850 1169 2918 in
1188 2869 1287 2940 prae-

39 2934 124 3036 sepio.
148 2937 299 3010 Aliarum
321 2939 531 3023 mulierum,
562 2961 650 3028 quae
678 2941 712 3010 in
745 2939 875 3009 mundo
896 2949 1001 3019 sunt,
1030 2961 1103 3010 una
1119 2939 1231 3030 parit,
1254 2949 1287 3009 et

40 3019 91 3090 alra
113 3026 275 3098 rotantem
296 3029 422 3118 pannis
449 3029 600 3100 involvit.
629 3033 668 3099 lt
691 3050 759 3099 non
790 3029 836 3098 ita
858 3027 959 3118 Virgo
982 3027 1081 3110 lecit,
1110 3027 1170 3098 sed
1199 3048 1287 3114 quae

40 3114 169 3208 peperit,
194 3117 257 3186 illa
280 3115 399 3188 eadem
424 3115 590 3188 infantem
622 3117 746 3206 pannis
770 3116 922 3187 involvit.
949 3119 1043 3198 Quae
1070 3117 1144 3186 sine
1168 3115 1286 3187 labore

40 3195 134 3285 aliquo
152 3220 261 3275 mater
283 3205 360 3286 luit,
378 3205 497 3276 eadem
514 3220 548 3276 et
566 3205 757 3278 obstetricis
774 3227 918 3275 munere
936 3203 1054 3274 functa
1077 3218 1138 3287 est,
1161 3227 1241 3274 cum
1267 3227 1287 3274 a

41 3285 117 3358 nulla
143 3294 287 3365 muliere
310 3293 499 3366 didicisset.
521 3300 595 3366 lVon
613 3295 704 3364 enim
724 3294 879 3384 permisit
901 3313 1112 3383 quemquam
1137 3292 1287 3384 impuris

40 3377 178 3476 nauibus
201 3394 381 3455 attrectare
400 3395 537 3485 partum
557 3382 601 3453 ab
616 3383 711 3453 omni
731 3382 807 3453 labe
822 3402 963 3472 purum.
979 3379 1044 3452 llla
1068 3403 1129 3471 per
1144 3403 1286 3462 seeum,

42 3468 139 3556 qarob
156 3470 230 3562 ipsa
255 3483 287 3542 et
312 3494 373 3562 pro
397 3495 473 3562 ipsa
496 3471 634 3563 genitus
656 3485 718 3552 est,
745 3471 907 3574 suscepit,
927 3470 1053 3559 pannis
1077 3469 1230 3550 involvit,
1256 3481 1290 3540 et

42 3569 67 3618 ttt
89 3561 255 3650 praesepio
279 3559 469 3643 reclinavit,
487 3562 653 3650 quoniam
678 3583 747 3632 non
767 3573 839 3632 erat
862 3561 894 3629 ei
918 3559 1015 3630 locus
1030 3560 1065 3628 in
1083 3559 1283 3629 diversorio.

75 3642 180 3726 tto.
204 3649 280 3719 lam
305 3649 432 3732 vidisti,
463 3651 585 3731 amice,
615 3648 909 3739 quemadmodum
942 3647 1113 3720 Ecclesiae
1139 3647 1288 3738 figuram

44 3738 313 3808 rucmonsuobat
332 3737 465 3812 humile
484 3737 572 3809 illud
588 3737 838 3819 habitaculum,
865 3738 900 3808 iu
925 3759 993 3825 quo
1017 3737 1118 3824 Virgo
1143 3736 1285 3826 peperit.

44 3817 116 3892 litae
135 3844 211 3895 cum
236 3825 342 3896 semel
367 3827 580 3917 concepisset
613 3850 653 3898 ac
685 3827 898 3918 peperisset,
931 3847 1112 3914 nunquam
1136 3823 1290 3916 amplius

45 3910 149 4006 stituit,
167 3935 277 4003 neque
292 3916 404 3986 virum
422 3917 582 4008 cognovit
596 3941 603 3986 :
619 3917 779 4003 quamvis
793 3915 903 4002 aliqui
922 3914 1120 3996 delirantes,
1138 3936 1178 3985 eo
1194 3913 1288 4003 quod

46 3993 161 4094 audiant
186 4003 431 4096 evangelistam
460 4009 587 4076 Lucam
610 4004 802 4076 dicentem:
834 4009 876 4074 nt
896 4006 1028 4104 peperit
1057 4005 1168 4095 filium
1190 4023 1289 4073 suum

48 4095 275 4190 indagandam
289 4092 382 4183 (Late.
408 4093 469 4182 u);
495 4093 645 4164 audeant
668 4093 793 4175 dicere,
816 4093 990 4184 Virginem
1011 4095 1123 4183 ipsam
1144 4090 1287 4162 alteram

49 4185 274 4274 ctttttteptronem
294 4183 500 4272 suscepisse,
520 4182 756 4272 incorruptam
772 4193 876 4272 atque
892 4180 936 4252 ab
951 4182 1048 4252 omni
1068 4181 1145 4251 labe
1162 4201 1288 4270 puram

52 4253 210 4355 ltamem,
235 4271 452 4361 corruptioni
476 4272 667 4361 subJeotam
690 4269 798 4342 luisse
829 4282 957 4341 temere
983 4268 1166 4359 jactantes.
1195 4275 1288 4341 Nun-

55 4357 146 4435 ΨΜ,
169 4357 351 4448 inquiunt,
388 4357 560 4432 diceretur
595 4359 869 4451 primogenitus,
896 4359 963 4431 nisi
995 4371 1028 4429 et
1059 4357 1145 4430 alter
1168 4369 1289 4450 partus
