2932 4812
8 307 69 371 nat.
93 307 127 372 at
409 325 447 372 na
472 323 499 372 s.
528 319 653 372 annana
678 321 807 372 nonani
1041 309 1043 314 '
1137 306 1200 372 627

6 422 157 498 antequam
174 409 303 481 biberet
319 419 380 481 aut
397 409 578 481 lavaretur.
597 408 691 492 Quod
705 429 788 479 *vero
802 407 928 480 lavacri
944 411 987 481 ad
1006 407 1243 481 deliniendum

5 513 55 568 erat
71 499 473 582 accommodatissimum,
495 499 590 569 illius
606 521 676 570 una
694 521 781 657 pars
797 499 937 586 quidem
955 500 1103 571 babebat
1124 521 1241 585 mare;

5 589 82 658 altera
99 611 174 658 nero
190 589 341 659 arbores.
362 589 416 660 Sic
432 600 544 658 autern
565 602 638 658 erat
652 610 691 658 ae
720 588 885 672 ilicetum,
910 602 946 660 ut
963 612 981 662 e
1001 589 1086 660 solio
1102 588 1244 676 quidem

5 679 204 768 prospiciens,
232 678 327 749 illino
355 699 472 768 posses
500 678 614 748 videre
638 678 765 749 fluctus
800 679 904 750 maris
931 679 966 749 in
996 677 1244 768 tranquillitate

5 767 262 846 iucundissimum
289 767 538 859 spectaculum,
557 780 589 838 et
617 789 718 838 naves
744 769 954 860 navigantes
973 781 1005 840 et
1034 777 1183 859 portum,
1210 778 1244 838 et

5 869 110 939 {nantas
127 857 206 928 hine
230 879 310 928 vero
326 871 435 930 terrae
460 856 741 948 pulcritudinem,
759 869 792 928 et
806 859 968 930 arborum
989 859 1239 949 proceritatem,

5 958 22 1015 et
41 948 175 1037 garritus
200 947 340 1030 arium,
366 959 399 1018 et
426 947 572 1018 fluentes
605 946 736 1017 sontes:
773 948 962 1036 quinetiam
1001 959 1178 1020 venatores
1210 958 1243 1017 et

5 1038 196 1120 renationem,
215 1049 260 1120 et,
279 1049 318 1107 ut
334 1037 438 1110 semel
464 1036 589 1118 dicam,
606 1036 735 1125 ubique
754 1037 1023 1110 innumerabilia
1039 1038 1083 1109 ad
1107 1035 1244 1106 demul-

5 1126 120 1196 {endum
135 1125 407 1208 accommodata,
426 1139 458 1198 et
472 1127 588 1196 omnia
600 1127 700 1218 plena
715 1124 883 1218 elegantia
898 1140 930 1198 et
943 1129 1157 1200 amoenitate.
1170 1131 1241 1196 Ηοο

5 1235 146 1302 ergocum
178 1215 267 1286 mihi
283 1215 421 1288 assidue
441 1216 569 1288 veniret
589 1215 623 1285 in
643 1230 803 1299 mentem,
829 1216 898 1287 diei
930 1239 997 1288 non
1027 1229 1135 1310 potest
1158 1238 1243 1304 quo·

5 1303 81 1372 modo
95 1327 204 1376 meum
226 1317 354 1378 teneret
370 1305 541 1388 animum,
559 1316 591 1376 et
615 1305 720 1395 hujus
742 1307 902 1377 varietate
924 1329 978 1378 me
1004 1308 1117 1379 varius
1141 1327 1242 1376 cona-

5 1393 79 1462 batur
92 1394 231 1464 daemon
250 1395 396 1466 delinire
416 1409 448 1467 et
464 1395 506 1467 ad
524 1417 559 1467 se
588 1395 742 1467 trahere:
770 1395 829 1466 sed
851 1417 964 1468 meum
994 1398 1151 1489 protinus
1167 1396 1242 1466 ani·

5 1503 75 1552 num
96 1482 208 1556 extulit
232 1490 333 1568 Deus,
354 1485 440 1556 mihi
466 1507 665 1577 suggerens,
685 1497 723 1555 ut
742 1506 782 1554 ea
808 1486 1005 1577 cogitarem,
1028 1509 1117 1576 quae
1143 1508 1242 1576 prae-

5 1573 104 1643 naranit
125 1574 177 1657 iis,
199 1576 262 1664 qui
284 1575 396 1667 ipsum
415 1575 618 1657 dilexerunt,
645 1587 683 1645 ut
706 1575 753 1644 ait
777 1574 916 1647 divinus
932 1576 1132 1666 Apostolus:
1158 1576 1242 1647 haec

5 1665 228 1747 antonomum,
256 1676 296 1736 ut
323 1686 412 1752 quae
436 1664 557 1744 fluant,
580 1663 803 1754 despicerem.
839 1663 902 1735 Sed
929 1666 978 1736 sic
1005 1666 1145 1754 quidem
1177 1665 1242 1737 luit

5 1765 151 1838 superatus
175 1755 363 1845 malignae,
393 1753 489 1824 nullo
517 1755 654 1846 penitus
685 1753 814 1836 relicto,
841 1753 929 1842 quod
958 1767 1070 1846 posset
1097 1754 1237 1825 illorum

5 1836 161 1914 temuleere
184 1844 332 1937 animos,
359 1855 392 1913 et
407 1841 449 1912 ad
471 1865 506 1914 se
525 1855 768 1914 convertere.»

33 1929 47 2012 ἓ
65 1933 124 2004 la'».
150 1937 241 2016 Quae
267 1945 380 2004 autem
402 1932 563 2023 deinceps
580 1945 662 2003 sunt
680 1943 874 2017 consecuta,
894 1953 1081 2020 quamnam
1100 1932 1239 2022 quidem

5 2029 137 2090 unitatem
162 2021 362 2092 latuerunt?
384 2043 571 2109 quamnam
596 2023 697 2093 etiam
731 2023 933 2112 regionem?
960 2027 1134 2106 Quaenam
1162 2044 1240 2092 nero

5 2127 73 2206 aens,
96 2109 133 2179 ad
155 2132 260 2200 quam
281 2133 347 2182 non
366 2111 517 2200 pervenit
540 2111 678 2182 illorum
704 2111 940 2194 beneficentia,
964 2111 1069 2183 veluti
1088 2111 1238 2201 quodam

5 2193 81 2264 luno
95 2219 212 2292 magno
224 2213 258 2270 et
273 2222 359 2290 puro
375 2201 514 2282 lluento,
535 2223 594 2290 per
606 2202 800 2272 universam
819 2214 942 2272 terram
957 2212 989 2271 et
1003 2224 1097 2272 mare
1111 2203 1237 2273 fluente

5 2282 149 2382 ubelririvo
163 2311 282 2361 eorum
301 2290 560 2360 beneficentiae?
572 2291 825 2380 Mesopotamia,
843 2291 1052 2361 Phoenicum
1069 2291 1234 2374 civitates,

5 2391 75 2442 tenio
91 2380 257 2467 Syrorum,
281 2383 451 2470 Aegyptus
476 2401 613 2468 quoque
632 2381 706 2471 ejus
729 2381 860 2471 accepit
883 2381 1095 2450 fluxionem:
1122 2394 1154 2452 et
1178 2381 1239 2452 ubi

5 2423 151 2538 solantur
176 2481 207 2540 et
231 2468 377 2550 occidit,
405 2491 424 2538 a
449 2489 557 2539 manu
580 2470 718 2539 illorum
744 2469 861 2539 omnia
885 2483 966 2540 sunt
986 2467 1124 2560 repleta.
1153 2475 1239 2541 Sunt

5 2562 98 2638 nutem,
114 2557 169 2644 qui
192 2557 317 2628 dicunt
331 2579 388 2628 eos
407 2581 554 2646 quoque,
577 2581 656 2629 cum
678 2570 764 2630 totas
782 2557 913 2629 insulas
930 2559 1095 2630 emissent
1112 2559 1155 2629 ab
1171 2564 1238 2628 lm-

5 2655 133 2726 neratore,
151 2649 277 2736 partim
295 2646 433 2735 quidem
456 2647 514 2718 illo
533 2648 737 2729 dimittente,
766 2649 887 2739 partim
917 2669 994 2719 vero
1017 2649 1103 2740 ipsis
1126 2647 1238 2718 danti-

5 2749 68 2830 nus,¹
95 2733 172 2806 alias
200 2735 342 2825 quidem
373 2739 499 2808 sanetis
525 2738 607 2810 viris
637 2737 800 2820 donasse;
827 2737 913 2809 alias
946 2759 1022 2808 vero
1051 2759 1236 2825 ,exornasse

5 2813 86 2888 :loris
103 2823 148 2894 vir
172 2825 269 2896 inum
285 2837 317 2896 et
332 2827 577 2899 monachorum
596 2827 830 2898 multitudine.
847 2827 995 2899 Pretiosa
1008 2838 1121 2898 autem
1137 2828 1238 2900 vestis

5 2917 19 2972 t
32 2848 232 2996 splendidum
251 2927 433 3007 argentum
449 2929 520 2986 erat
536 2916 772 2989 sacerdotibus
788 2916 831 2987 ab
848 2917 897 2988 eis
913 2916 1109 2988 dedicatum
1134 2939 1237 2988 orna·

5 3012 134 3094 pentum.
159 3009 240 3076 Cum
267 3005 316 3076 sic
338 3027 426 3092 quae
442 3018 538 3076 erant
562 3007 595 3077 in
617 3006 728 3092 ltalia,
748 3007 835 3077 bene
851 3006 1114 3097 disposuissent,
1141 3019 1174 3078 et
1197 3029 1237 3078 ex

7 3085 185 3183 aeultatibus
208 3117 319 3185 pauca
340 3094 568 3183 reliquissent,
590 3097 797 3188 navigarunt
812 3097 846 3164 in
873 3095 1024 3166 Siciliam
1042 3096 1082 3179 *;
1111 3097 1235 3187 partim

5 3175 121 3278 auitam,
149 3195 186 3253 ut
208 3206 310 3274 agros
337 3185 396 3275 qui
421 3184 492 3255 illic
521 3198 618 3256 erant
641 3185 849 3268 venderent;
877 3186 1002 3278 partim
1027 3196 1169 3269 autem,
1197 3199 1235 3257 ut

5 3271 222 3342 sanctissimum
243 3273 450 3365 Episcopum
468 3272 650 3345 Paulinum
666 3275 702 3312 ⁴*
719 3277 876 3357 viserent,
899 3275 959 3364 qui
979 3288 1050 3346 erat
1069 3276 1118 3348 eis
1140 3288 1235 3366 pater

5 3357 156 3448 pecundum
176 3363 355 3453 spiritum.
383 3367 465 3432 Cum
492 3363 515 3432 ii
540 3373 652 3458 autem
679 3366 936 3437 recessissenta
963 3365 1108 3450 civitate,
1134 3371 1235 3438 Prae-

8 3453 97 3546 ttlum
112 3450 258 3536 quidem,
279 3452 338 3542 qui
362 3474 480 3522 eorum
499 3452 640 3524 domum
661 3468 694 3525 et
717 3455 807 3541 quod
825 3467 1037 3526 remanserat
1054 3456 1232 3547 pecuniae,

5 3547 49 3597 non
67 3533 255 3614 liberalibus
280 3542 477 3614 intuebatur
502 3543 633 3626 oculis,
662 3542 778 3614 divina
803 3544 973 3634 quaedam
1002 3545 1052 3615 ira
1074 3547 1233 3637 protinus

5 3623 202 3705 tpprebendit.
229 3637 311 3703 Nam
334 3643 509 3723 praetextu
534 3634 697 3723 penuriae
722 3634 832 3724 panis,
861 3635 896 3705 in
923 3634 1035 3705 medio
1052 3635 1124 3706 loro
1141 3657 1234 3706 eom-

5 3720 69 3808 tssota
86 3714 184 3816 plebs,
202 3742 289 3809 quae
305 3733 376 3792 erat
397 3723 597 3806 incivitate,
624 3745 702 3793 eum
728 3723 861 3796 iaciunt
882 3725 1074 3814 praemium
1101 3725 1155 3796 sui
1181 3725 1234 3797 su·

5 3815 103 3875 nornset
115 3811 275 3893 insaniae,
293 3824 325 3881 et
338 3811 501 3882 misenum
513 3813 659 3884 violenta
677 3825 784 3884 monte
800 3814 1014 3884 interimunt.
1027 3814 1168 3885 Barbari
1183 3814 1235 3851 *⁴⁵*

5 3904 68 3968 anno,
85 3910 211 3987 repente
233 3898 320 3971 lacta
346 3902 555 3984 incursione,
574 3921 813 3992 quaecumque
829 3916 926 3973 erant
946 3914 1022 3973 ante
1047 3903 1230 3986 civitatem,

5 3979 130 4054 tractam
144 3992 313 4079 llysorum
328 3991 480 4074 effecere,
497 3992 581 4062 adeo
595 4007 632 4063 ut
645 3993 727 4063 binc
744 3993 888 4065 evaserit
902 3992 1134 4074 manifestum,
1155 3991 1233 4062 illos

5 4079 55 4131 ¹¹⁰ss
71 4069 132 4168 sine
150 4079 205 4148 Dei
224 4080 366 4150 numine
390 4105 444 4154 res
460 4103 541 4154 suas
559 4082 592 4152 iu
612 4095 682 4155 tuto
699 4083 895 4165 collocasse,
915 4095 948 4154 et
971 4083 1005 4153 in
1024 4081 1233 4154 coelestibus

5 4145 106 4230 horrens
120 4167 357 4241 recondidisse.

25 4293 148 4350 ‚mom

22 4349 258 4446 }‡,lg¹·e,1tntsaoaum‚
267 4371 334 4421 nunus
346 4371 422 4412 vinam
434 4371 504 4413 amu
515 4373 541 4412 nn
551 4371 600 4412 von.
611 4381 640 4418 va,
650 4381 702 4423 aaa.
712 4373 759 4418 aaa,
769 4371 814 4412 etc.

5 4453 76 4500 mum
83 4411 137 4508 2Ὲό
144 4419 189 4512 (4133
200 4421 368 4518 ggffimo'
382 4435 442 4467 anno
456 4427 501 4472 408.
514 4427 611 4467 Romam
626 4424 745 4485 obsedere.
755 4426 821 4467 flauo
833 4423 912 4466 aulem
922 4423 1003 4466 urbem
1013 4431 1097 4464 rmus
1106 4423 1231 4465 obnldteno

185 4501 190 4520 .
292 4505 297 4524 .
307 4489 367 4520 euno
378 4481 494 4530 aequanti,
504 4491 531 4522 es
541 4482 597 4522 sunt
607 4481 683 4530 potiti.
