2954 4816
41 273 130 340 DEC.
154 274 196 340 23
399 293 437 339 oa
461 293 488 339 s.
518 291 661 341 vrcronra
686 293 769 341 rinc.
796 291 951 340 cruror.
1200 277 1263 342 379

171 375 225 446 Sic
251 375 349 466 virgo
372 375 462 458 felix,
489 376 631 446 aethrali
658 375 742 447 lreta
766 376 952 464 triumph0,

169 469 348 554 Ingentem
366 465 510 556 explosit
526 477 644 535 sancta
661 466 784 534 virtute
800 464 1003 546 colubrum,

172 557 211 622 Ut
231 575 410 640 nunquam
453 553 570 624 osthac
588 575 728 643 serpens
749 554 854 623 irrum
884 566 953 624 eret
976 564 1127 636 antrum,

170 641 232 710 Sed
260 641 380 732 procul
405 576 603 724 abscedens,
623 641 764 712 incultis
778 575 908 711 exsuiet
931 642 1032 711 arvis.

166 735 323 800 Iusserat
338 742 376 800 ut
391 735 540 821 Gypsam
558 731 659 800 verbo
676 743 822 800 terrente
839 731 997 820 migrare,

170 819 308 888 Civibus
333 819 549 910 impendens,
575 820 715 909 expulso
741 819 879 899 natrice,
909 818 1078 907 palmam:

169 911 265 977 Tunc
290 908 387 997 petiit
409 909 499 978 cives
523 905 601 977 lelix
626 907 808 977 vernacula
833 907 967 987 Christi,

168 999 345 1078 Quatenus
369 997 403 1066 in
430 1002 553 1086 Crypta
578 996 656 1077 sibi,
684 997 794 1065 natrix
819 995 911 1064 unde
936 994 1104 1066 uelandus

168 1084 319 1175 Aufugit,
340 1087 467 1174 pariter
481 1085 668 1186 dignentur
684 1083 831 1154 condere
847 1083 982 1153 cellam.

170 1177 243 1242 Ion
268 1173 459 1242 veneranda
479 1179 536 1243 Der
560 1173 703 1274 supplex
723 1186 761 1242 ut
779 1174 874 1264 virgo
890 1173 1064 1264 poposcit:

170 1265 318 1351 Insuper
333 1275 366 1331 et
382 1261 495 1333 decies
512 1285 612 1332 senas
624 1263 770 1350 junxere
785 1260 931 1352 puellas,

170 1353 264 1431 Quae
282 1351 443 1439 precibus
459 1351 588 1420 crebris
605 1350 785 1420 laudarent
803 1371 883 1419 voce
900 1363 1083 1430 tonantem,

166 1437 249 1507 Odis
265 1439 435 1509 Davidicis
453 1439 670 1509 modulantes
686 1439 839 1508 carmina
856 1449 984 1506 sancta.

168 1531 264 1595 Tunc
284 1549 408 1616 procus
423 1528 597 1628 Eugenius
612 1526 748 1597 delubri
765 1527 905 1596 flamine
928 1525 1054 1608 fretus,

168 1614 382 1685 Thurilicent
401 1616 516 1703 jussit,
541 1637 737 1702 munusque
754 1615 850 1685 litare
875 1615 1010 1684 Dianae.

166 1701 267 1772 Alma
291 1706 348 1774 sed
374 1705 557 1794 imperium
584 1705 710 1792 sprevit
733 1703 904 1792 complere
930 1702 1128 1773 nefandum.

168 1791 305 1861 Idcirco
320 1791 473 1882 gladium
492 1792 607 1864 stricto
624 1813 788 1862 mucrone
804 1792 959 1887 vibrabat

168 1879 328 1950 Crudelis
347 1893 463 1960 tortor,
480 1880 655 1950 tundendo
671 1881 797 1950 lluenta
815 1892 955 1951 cruenta
972 1903 978 1947 :

168 1969 349 2058 Virgineos
366 1982 461 2039 artus
479 1991 574 2040 roseo
588 1969 646 2057 qui
663 1991 738 2040 rore
752 1969 886 2060 rigavit.

166 2061 246 2126 Ion
270 2057 465 2128 interlector
488 2058 595 2128 sensit
615 2058 815 2128 discrimina
840 2057 988 2147 palmae:

164 2144 271 2214 Arida
290 2167 502 2216 marcescens
521 2147 673 2236 torpebat
687 2146 804 2216 dextra
822 2145 950 2216 lacerti.

166 2239 319 2323 Insuper
332 2247 491 2323 expertus
506 2234 634 2306 calloso
650 2256 791 2316 corpore
806 2233 948 2323 lepram,

162 2323 348 2392 vermibus
372 2336 474 2408 atque
498 2337 644 2402 scatens,
672 2323 796 2392 efflavit
821 2323 945 2392 flamen
972 2323 1005 2390 in
1032 2343 1147 2392 auras.

164 2410 226 2480 Sic
251 2433 386 2498 quoque
410 2411 550 2482 famosis
574 2412 653 2482 felix
677 2411 829 2480 Anatolia
854 2411 962 2500 signis

162 2498 310 2578 Claruit,
332 2499 489 2569 exsilium
512 2503 603 2570 saevi
628 2521 788 2590 perpessa
813 2499 974 2589 Tyranni.

163 2587 327 2658 Consulis
350 2609 391 2657 en
417 2587 581 2670 sobolem,
601 2589 818 2658 constrictam
840 2587 983 2658 nexibus
999 2588 1114 2668 arctis,

44 2755 49 2768 ⁴
162 2681 347 2765 Expertem
366 2697 501 2756 sensus,
514 2698 597 2746 cum
620 2677 720 2747 bruta
737 2687 849 2745 mente
869 2675 1036 2766 vagando,

164 2763 334 2834 Hostibus
349 2764 507 2854 explosis,
528 2766 697 2866 reparavit
714 2778 832 2855 pectus
847 2763 1023 2834 anhelum.

161 2851 235 2935 Qui
261 2875 378 2924 rumor
401 2853 511 2934 lusus,
538 2852 682 2924 dirersis
709 2852 861 2943 pestibus
885 2873 1025 2944 aegros,

160 2939 319 3010 Conduci
340 2941 429 3022 lecit,
451 2941 616 3030 stipantes
636 2941 774 3031 agmine
798 2955 963 3011 sanctam.

160 3029 245 3100 Illis
268 3041 415 3119 optatam
442 3029 604 3100 reddebat
627 3030 722 3118 virgo
746 3029 904 3099 salutem.

159 3122 237 3189 rtec
261 3139 326 3187 non
351 3130 382 3187 et
407 3123 569 3199 Ilarsum,
595 3119 655 3204 qui
680 3128 807 3188 torvam
832 3117 984 3188 carmine
1009 3121 1157 3206 Gypsam

159 3205 293 3277 Elleret
314 3206 465 3288 ardebat,
492 3219 628 3276 sanctos
652 3219 689 3277 ut
712 3205 813 3275 belua
839 3205 981 3276 lacertos

157 3295 334 3366 Dentibus
358 3293 539 3365 horrendis
563 3307 594 3364 et
618 3295 707 3364 rictu
731 3293 827 3365 rodat
851 3308 986 3383 aperto:
1073 3293 1076 3302 '

157 3384 306 3454 Curavit
329 3383 453 3464 subito,
480 3383 702 3473 disrumpens
725 3383 838 3452 vincla
861 3381 1028 3472 chelydri,

155 3472 235 3556 Qui
261 3471 354 3560 prius
378 3471 412 3540 in
439 3471 533 3562 spira
557 3477 706 3542 Marsum
732 3471 886 3542 sinuarat
910 3471 1065 3541 inertem.

154 3559 302 3634 Idcirco
325 3560 453 3630 cursim
481 3561 642 3650 pergebat
665 3559 803 3630 credere
827 3560 970 3640 Christo,

156 3657 363 3737 Agnoscens
387 3650 681 3739 propriamtanta
705 3649 827 3718 virtute
852 3647 1010 3718 salutem.

153 3745 316 3826 Insuper
338 3750 370 3807 et
395 3737 553 3808 meritum
579 3736 768 3808 cumulavit
792 3737 972 3836 sanguinis
996 3747 1103 3816 ostro,

153 3833 275 3911 Quem
300 3826 406 3895 subiit
430 3826 522 3896 binis
546 3826 646 3896 sertis
670 3847 747 3896 mox
770 3823 920 3895 candida
945 3825 1050 3913 virgo.

155 3914 349 4003 Integritas
374 3914 532 3994 nitidam,
561 3935 691 3984 necnon
716 3928 749 3983 et
770 3913 883 4001 passio
908 3914 1068 3994 rubram,

155 4003 358 4092 Fingebam
381 4004 509 4072 variam
534 4001 626 4072 celsa
649 4003 772 4072 virtute
795 4022 969 4072 coronam.

548 4294 797 4306 ...ιιι-ιι...-
