2972 4826
268 293 330 356 EEl
586 311 624 354 on
648 309 773 356 rurant.
801 311 844 356 ss.
874 307 1034 368 auanosn,
1061 307 1127 358 arc.
1347 289 1449 352 aaut

270 401 288 476 ἓ
313 400 360 466 a.
387 399 480 477 Quae
503 392 641 482 quidem
668 392 853 484 peculiaris
877 392 1100 550 congregatio
1125 403 1257 462 mature
1279 389 1453 493 perpendens

220 482 341 574 jugem
366 497 399 552 et
413 495 625 552 constantem
652 481 867 551 traditionem
893 495 953 550 aut
979 482 1101 552 enticis
1124 483 1361 568 uberrimisque
1374 479 1454 546 doen·

173 601 179 616 ·
226 571 350 641 mentis
374 571 635 662 consignatam,
669 576 918 660 Imperatorum
953 593 993 639 ac
1021 575 1151 660 Regum
1184 569 1378 659 diplomata,
1399 579 1454 635 acta

225 659 479 751 Episcopalium
505 659 762 740 visitationum,
790 659 1021 728 vetustissima
1046 657 1246 728 calendaria
1269 681 1305 728 ae
1327 663 1456 743 llartyro-

167 801 171 807 .
227 748 330 840 logia,
359 749 566 819 numismata
593 749 627 816 in
652 746 822 836 sepulcris
847 760 991 838 reperta,
1020 747 1129 836 ipsam
1155 747 1300 834 danique
1320 765 1412 816 urnae
1430 763 1456 810 ae

227 838 485 907 circumstantis
509 835 646 906 lateritii
670 837 783 926 operis
814 847 1034 916 structuram,
1062 857 1145 906 sane
1168 837 1326 906 intellexit
1351 832 1456 903 nullum

228 925 309 994 cieri
335 948 435 1016 posse
458 925 604 996 dubium
630 925 741 1013 quoad
764 946 940 996 sacrorum
967 929 1153 1015 Corporum
1176 925 1385 1014 identitatem.
1402 926 1459 988 Pro-

228 1014 359 1085 bationi
375 1015 557 1085 cumulum
575 1015 740 1104 imposuit
752 1025 913 1085 accurata
937 1013 980 1084 ab
995 1013 1214 1084 anathomiae
1234 1013 1345 1103 peritis
1358 1010 1458 1080 assinn

228 1102 446 1192 aliorumque
471 1104 504 1172 in
536 1125 616 1172 arca
638 1116 671 1172 et
701 1104 869 1204 sepulcris
900 1114 1112 1192 repertorum
1146 1103 1299 1174 instituta
1326 1099 1457 1188 aualysis.

229 1197 311 1262 Cum
331 1193 445 1282 itaque
469 1213 508 1262 ex
533 1193 627 1262 hisce
650 1193 825 1274 omnibus,
854 1193 1053 1282 praesertim
1079 1191 1183 1260 simul
1210 1191 1362 1281 sumptis,
1388 1207 1462 1277 pecn-

229 1281 326 1350 liaris
350 1282 467 1352 eadem
494 1283 716 1372 congregatio
739 1303 813 1349 eam
838 1301 1021 1369 exsurgere
1042 1281 1276 1366 probationem
1295 1279 1459 1348 censuisset.

229 1391 299 1457 qua
315 1371 513 1460 ampliaria
532 1370 628 1439 hisce
645 1371 791 1460 negotiis
814 1369 1001 1440 desiderari
1019 1371 1072 1438 vir
1095 1383 1219 1458 posset,
1246 1369 1301 1438 die
1316 1389 1383 1438 arn
1403 1362 1462 1432 tulii

230 1460 391 1529 vertentis
406 1460 488 1528 anni
508 1457 550 1528 ad
572 1464 709 1529 Nostros
726 1457 905 1528 Vaticanus
929 1457 1034 1526 ledes
1053 1456 1259 1540 coadunata,
1278 1455 1422 1528 omnibns
1435 1448 1462 1516 ad
1482 1475 1483 1482 ¹

231 1549 424 1618 Sanctuarii
445 1548 576 1618 lancem
603 1547 737 1617 libratis
760 1559 862 1634 atque
888 1546 1076 1636 perpensis,
1101 1548 1146 1616 ita
1171 1546 1345 1636 rescripsit
1361 1546 1464 1614 Senten-

230 1639 313 1706 tiam
329 1638 581 1727 archiepiscopi
601 1638 856 1706 Mediolanenses
873 1658 941 1705 esse
958 1635 1221 1725 confirmandam
1240 1639 1274 1704 si
1289 1631 1465 1706 Sanctissim

228 1728 422 1816 placuerit:
449 1737 479 1795 et
505 1731 630 1815 Corpus
644 1729 678 1796 S.
705 1727 881 1806 Ambrosii,
907 1747 966 1794 nea
985 1747 1050 1792 non
1067 1729 1213 1813 Corpora
1228 1727 1288 1796 SS.
1316 1728 1483 1810 Martyron

230 1818 376 1883 Protasr'i
398 1825 429 1883 et
449 1817 612 1894 Geruasii,
640 1815 759 1906 quibus
784 1815 943 1882 baetenas
959 1815 994 1884 S.
1012 1816 1159 1882 Doctores
1183 1815 1340 1892 muriae,
1359 1833 1398 1879 ea
1416 1810 1465 1896 ipu

231 1905 303 1993 ejas
319 1907 504 1984 voluntate,
525 1905 720 1994 conjunctae
743 1905 892 1991 suerunt,
920 1903 1018 1970 am'ta
1042 1923 1171 1992 sanarer
1194 1904 1228 1971 in
1252 1906 1399 1990 [utamur
1417 1915 1466 1964 na·

230 2003 342 2073 neunt,
363 1994 422 2062 sub
438 1993 634 2062 immediata
651 1995 685 2061 S.
704 1993 798 2062 Sedis
817 1993 1029 2081 protectione,
1050 1993 1099 2059 ita
1121 2001 1159 2059 ut
1177 2013 1274 2060 nemo
1296 1991 1410 2060 audeat
1427 1983 1467 2051 ad·

229 2092 381 2171 spartace
408 2092 468 2150 aut
492 2082 691 2150 distribuere
715 2082 898 2172 utramlibet
922 2101 1037 2150 eorum
1058 2082 1292 2170 particulam,
1317 2079 1373 2148 sub
1393 2093 1466 2166 porat

196 2251 199 2261 Ι
231 2171 585 2239 emeommunicationis
612 2173 703 2238 latae
729 2171 918 2238 Sententiae
945 2171 1080 2238 Sammo
1104 2170 1259 2257 Pontifici
1289 2173 1468 2238 reservatae:

230 2260 490 2349 supplicandam
514 2270 628 2328 autem
656 2259 762 2327 eidem
785 2259 1001 2327 Sanctissimo
1026 2259 1165 2338 censuit,
1184 2268 1222 2326 ut
1247 2259 1287 2328 de
1308 2258 1364 2326 boa
1385 2251 1468 2338 eorrlr·

230 2350 388 2416 matiom's
401 2348 533 2437 judicio
553 2348 779 2438 ealrediantar
798 2349 942 2415 Litterae
966 2351 987 2414 Α
993 2348 1174 2436 postoliaae
1193 2348 1254 2416 sub
1273 2345 1411 2438 plumbo.

275 2439 293 2522 §
316 2439 355 2505 ’1.
382 2441 475 2517 Quae
499 2457 578 2505 cum
597 2447 755 2504 accurate
782 2456 841 2525 per
856 2434 1018 2504 dilectum
1038 2433 1161 2504 Filium
1188 2436 1400 2504 Dominicum
1418 2434 1468 2525 litt·

232 2523 327 2593 tolini
354 2525 578 2594 secretarium
610 2524 764 2614 ejusdem
795 2529 828 2593 S.
859 2523 1137 2613 congregationis
1162 2524 1267 2596 Nobis
1290 2523 1394 2612 relata
1416 2517 1470 2586 lus·

232 2625 317 2694 sent,
337 2613 492 2702 ingentes
508 2613 778 2702 benignissimae
794 2612 932 2682 divinae
949 2612 1091 2682 bonitati
1106 2612 1244 2703 egimus
1261 2613 1397 2704 gratias
1413 2621 1471 2700 qut?

231 2707 296 2771 Nos
313 2701 349 2770 in
369 2701 473 2770 tantis
488 2702 657 2790 angustiis
682 2723 721 2770 ao
740 2700 903 2790 perieulis
922 2700 1125 2772 constitutos
1145 2701 1249 2771 solari
1271 2724 1312 2772 ac
1330 2691 1472 2770 loveredt·

231 2801 334 2878 guata
358 2790 402 2859 sit
431 2791 625 2859 inventione
655 2793 842 2880 Corporum
868 2795 1047 2859 Beatorum
1075 2795 1263 2880 llartyrnm
1293 2785 1432 2860 demasii
1448 2797 1472 2846 at

231 2879 386 2959 Protesii,
413 2893 444 2947 et
470 2879 669 2979 praesertim
697 2880 781 2948 tanti
807 2879 977 2949 Ecclesiae
997 2879 1160 2960 bnatoris,
1187 2879 1293 2965 cnjus
1319 2877 1376 2948 illa
1397 2887 1483 2956 aurea,

201 3013 205 3024 -
231 2987 271 3035 ac
289 2965 389 3055 plena
407 2989 479 3056 sper
505 2967 672 3037 sententia
696 2980 769 3036 cst:
796 2973 867 3038 Νοη
887 2969 1044 3038 turbatur
1069 2970 1134 3037 illa
1153 2969 1251 3038 nauis
1275 2971 1312 3037 in
1335 2989 1399 3059 que
1417 2981 1475 3052 prt-

231 3057 345 3124 dentia
361 3059 514 3147 naer'gat,
540 3057 630 3125 abest
653 3057 809 3146 perfidia,
840 3058 939 3126 Fides
961 3059 1082 3146 spirat.
1110 3057 1393 3140 Quemadmodum
1414 3048 1476 3120 enin

232 3145 366 3214 turbari
385 3147 506 3235 poterit
527 3147 584 3214 cai
599 3156 731 3236 praeest
755 3147 783 3214 is
814 3147 849 3215 in
872 3169 936 3238 quo
966 3147 1134 3215 Ecclesiae
1156 3148 1403 3236 firmamentum
1423 3133 1478 3208 est?

233 3231 410 3322 Propterea
433 3231 660 3304 libentissime
679 3232 848 3322 praelatae
869 3234 1053 3324 peculiaris
1073 3235 1356 3325 congregationis
1372 3240 1477 3300 senteu-

233 3324 313 3391 tiam
344 3323 377 3390 in
407 3323 569 3392 omnibus
590 3322 811 3413 probavimus
838 3346 878 3392 ao
906 3336 1012 3393 ratam
1040 3323 1325 3405 babuimuS,.ceu
1356 3329 1433 3412 patet
1452 3331 1478 3379 et

235 3417 371 3480 ltecreto
390 3411 508 3480 eidem
531 3411 586 3480 die
602 3412 704 3480 edito.

276 3503 294 3586 ξ
317 3503 358 3570 8.
385 3500 540 3568 volentes
557 3501 671 3589 itaque
687 3522 725 3568 ea
743 3521 831 3585 quae
850 3521 908 3587 per
925 3499 1015 3570 idem
1034 3505 1210 3570 Decretum
1233 3501 1307 3587 jam
1326 3497 1479 3570 constituta

233 3602 314 3658 sunt
339 3587 537 3658 solemniori
562 3588 774 3690 Apostolicac
801 3589 1018 3658 Auctoritatis
1045 3587 1253 3660 documento
1271 3607 1419 3674 novaque
1434 3585 1479 3649 lit·

234 3689 324 3746 stree
348 3677 621 3747 confirmationis
647 3677 835 3768 patrocinio
860 3679 1088 3759 communire,
1111 3689 1150 3748 ut
1165 3677 1300 3748 devotio
1324 3697 1401 3767 erga
1418 3677 1481 3768 Sat·

232 3778 326 3833 ctum
344 3766 562 3835 Ambrosium
581 3771 755 3835 Ductorem
782 3777 814 3834 et
837 3765 1042 3837 fortissimos
1059 3766 1184 3836 Christi
1201 3773 1366 3856 Martyres
1383 3765 1411 3832 in
1427 3759 1481 3826 dies

233 3854 480 3934 inflammatur,
508 3855 810 3924 Praedeoassorum
829 3859 1028 3924 Nostrorum
1054 3855 1207 3945 vestigiis
1228 3856 1435 3925 inhaerentes
1455 3865 1468 3912 t

235 3944 434 4030 praesertim
454 3942 510 4011 sel.
531 3965 596 4014 ree.
616 3943 787 4012 Benedicti
803 3948 892 4026 lllll,
912 3943 972 4031 qui
989 3945 1191 4014 sententiam
1210 3967 1317 4035 super
1334 3939 1483 4013 identitat,

233 4033 391 4131 Corporis
407 4035 439 4100 S.
458 4032 638 4189 Augustini
658 4031 817 4120 Episcopi
839 4033 1071 4122 Hipponensis
1097 4046 1129 4102 et
1150 4033 1322 4103 Ecclesiae
1345 4023 1458 4100 [tortori
1482 4015 1483 4034 ¹

232 4140 334 4206 quem
356 4141 430 4209 ipse
446 4123 505 4188 lm
536 4123 646 4190 rosius
671 4121 804 4190 christo
826 4123 966 4210 peperit,
990 4121 1132 4191 latama
1156 4122 1314 4212 Papiensi
1341 4119 1468 4208 Episeop

236 4229 296 4294 per
318 4207 528 4298 apostolicas
546 4211 687 4278 Litteras
704 4209 801 4279 datas
817 4211 882 4278 snb
901 4211 1044 4300 plumbo
1069 4211 1206 4280 Decimo
1229 4207 1458 4280 KalendasOet

233 4297 305 4364 bris
330 4297 412 4364 anni
428 4319 609 4367 anccxrvru
626 4297 825 4367 solemniter
848 4301 1073 4389 approbavit;
1101 4321 1162 4370 nos
1182 4321 1318 4388 qnoque
1334 4293 1456 4383 judicia

234 4384 490 4474 archiepiscopi
503 4386 766 4456 mediolanensis
776 4387 889 4475 quoad
906 4388 1116 4460 identitatem
1127 4393 1307 4458 Sacrorum
1321 4391 1457 4474 corpora

1471 3863 1483 3998 Μ

1462 4043 1481 4090 S.

1459 4129 1483 4807 -ᾉΞΞΞΩ
