2932 4812
230 310 293 372 bill
505 325 543 370 nc
567 324 595 371 s.
623 323 797 370 srmasrao
823 323 902 368 rara
926 323 964 368 cr
987 322 1136 370 coarass.
1294 303 1367 367 nno.
1392 303 1419 364 :ll

184 410 338 500 quidem,
361 409 421 497 qui
445 407 631 479 simulacra
656 407 857 488 adorabant,
881 408 1037 477 timorem
1063 406 1189 490 attulit;
1214 421 1250 475 ut
1272 407 1421 476 Christiani

186 513 300 570 autern
323 501 411 568 bono
437 510 469 566 et
487 496 674 566 confidenti
698 498 815 566 animo
839 508 964 576 essent,
990 495 1120 574 effecit,
1156 507 1304 565 sanctum
1330 507 1419 562 auten

187 587 287 658 solvit
311 609 329 656 a
351 584 510 666 vinculis
527 599 560 654 et
575 585 625 656 sic
649 585 814 656 liberatus
839 584 903 654 luit
923 607 942 653 a
959 585 1128 655 custodia.
1149 585 1213 666 Qui
1229 597 1330 653 autem
1344 587 1419 650 Prae·

187 677 273 747 lecto
292 673 544 756 ministrabant,
564 695 643 743 cum
666 695 705 744 er
732 695 783 752 ac,
810 672 902 761 quod
935 673 987 742 illi
1014 673 1198 752 acciderat,
1225 673 1287 742 sibi
1317 671 1415 741 tinnis-

188 779 274 846 sent,
294 777 412 834 sancto
431 761 656 853 procidebant
680 761 874 863 supplicas,
901 775 933 832 et
961 761 1131 851 provoluti
1155 759 1199 830 ad
1223 760 1312 830 illius
1330 757 1412 854 pedes.

189 856 356 945 rogabant
371 865 409 922 ut
432 851 549 920 divina
567 851 619 920 ira
642 851 685 921 ab
705 872 755 920 ers
774 863 994 922 averteretur.
1025 851 1107 939 Ejus
1127 861 1239 920 autem
1263 850 1363 918 virtute
1381 867 1415 915 sc

188 963 308 1013 omnes
333 939 525 1011 adducente
540 941 576 1009 in
596 939 873 1020 admirationem,
900 938 959 1010 ille
983 960 1050 1008 non
1069 940 1181 1009 solum
1202 951 1273 1008 erat
1294 957 1420 1007 reneren-

189 1033 256 1100 dus
271 1029 446 1111 fidelibus
473 1028 649 1098 sedetiam
669 1029 756 1118 ipsis
774 1026 987 1100 infidelibus.

232 1123 250 1208 5
273 1123 316 1190 ὅ.
335 1125 412 1190 lam
431 1129 545 1188 autem
572 1117 785 1187 tricesimum
810 1138 979 1187 annuma
1004 1139 1066 1188 ens
1085 1119 1218 1199 aetatis,
1245 1131 1418 1186 asacrosan·

188 1221 241 1280 cto
258 1206 426 1287 llilciade,
454 1227 556 1294 quam
582 1207 680 1296 prius
703 1205 856 1276 diximus
872 1217 956 1276 tunc
974 1139 1083 1276 tlrisse
1106 1206 1309 1296 Episcopum
1330 1209 1420 1271 Rona-

190 1319 254 1368 nac
278 1296 460 1377 Ecclesiae,
488 1295 669 1366 ordinatur
693 1295 865 1364 Diaconus
880 1295 908 1376 ⁴¹,
935 1306 968 1364 et
992 1294 1137 1366 refertur
1165 1297 1200 1364 in
1225 1294 1303 1363 clari
1329 1288 1422 1360 caan-

189 1407 285 1544 gum:
305 1398 337 1456 et
360 1397 433 1456 erat
453 1398 627 1472 tamquam
645 1383 815 1471 quaedam
840 1381 895 1452 sax
912 1383 1085 1455 lucensio
1111 1383 1270 1464 tenebris,
1286 1393 1316 1451 et
1328 1377 1422 1449 multo>

214 1474 364 1544 educens
389 1473 430 1543 ad
455 1473 542 1542 viam
569 1471 715 1562 pietatis.
738 1475 876 1563 Oportet
899 1485 1014 1542 autem
1041 1472 1158 1542 lumen
1184 1471 1313 1563 imponi
1333 1464 1421 1538 cande

191 1564 298 1646 labro,
318 1576 356 1633 ut
382 1562 431 1633 sic
457 1563 532 1653 ejus
556 1560 738 1651 splendore
768 1559 885 1652 plures
916 1560 1218 1632 illuminarentur:
1248 1573 1341 1648 atquc
1366 1553 1420 1624 ada:

191 1651 254 1722 luit
279 1653 430 1742 positum
445 1687 455 1730 ,
483 1651 534 1722 sic
558 1649 675 1720 divina
710 1649 910 1739 providente
933 1672 953 1719 a
984 1651 1119 1751 superis
1152 1647 1413 1738 administratione

190 1747 273 1811 Nam
299 1763 379 1811 cum
397 1737 572 1809 llilciades
595 1760 614 1807 e
634 1739 701 1808 vita
717 1739 926 1820 excessisset,
944 1759 1103 1810 omnium
1127 1739 1301 1830 suffragiis
1316 1745 1421 1806 sancta·

191 1830 302 1900 simus
328 1829 497 1919 sylvester
516 1827 581 1898 suit
599 1827 633 1863 *⁴*
650 1827 779 1898 electus
810 1833 1044 1898 Romanorum
1069 1828 1270 1918 Episcopus.
1293 1831 1323 1896 ls
1343 1833 1420 1894 auter

191 1918 327 1989 dicebat
346 1916 432 1987 illud
453 1937 582 1988 munus
598 1937 673 1987 esse
698 1917 824 2006 majus,
850 1937 956 2004 quam
974 1930 1013 1986 ut
1036 1915 1068 1985 id
1094 1931 1209 2006 posset
1232 1917 1422 1987 sustineren

191 2030 227 2077 se
250 2006 435 2078 excusabat
453 2017 589 2096 propter
599 2004 789 2096 J'uvenilem
814 2016 971 2075 aetatem.
996 2005 1061 2088 cui
1085 2017 1200 2076 autem
1220 2004 1361 2075 serebant
1379 1995 1422 2068 sul·

191 2095 312 2187 fragia,
345 2095 509 2182 quoniam
538 2093 595 2164 ille
626 2115 693 2163 non
720 2093 879 2165 currebat
901 2094 945 2162 ad
973 2096 1225 2184 magistratum,
1253 2095 1416 2164 immorer
1457 2129 1458 2136 κ

191 2207 267 2257 oum
296 2184 408 2255 modis
432 2183 597 2253 omnibus
622 2181 820 2273 repellebat,
854 2204 933 2253 eum
961 2185 1072 2273 magis
1091 2183 1121 2252 ei
1156 2183 1231 2254 suis
1255 2179 1424 2252 mandabat

191 2273 379 2363 suffragiis
397 2283 430 2342 et
443 2270 580 2342 tandem
602 2271 682 2342 vicit
705 2271 838 2341 instans
857 2271 976 2362 populi
995 2272 1199 2352 constantia,
1223 2285 1256 2342 et
1273 2273 1307 2341 in
1325 2269 1424 2364 Episco-

192 2375 293 2452 patus
317 2361 397 2432 sede
420 2359 486 2431 luit
500 2359 699 2444 collocatus,
725 2361 787 2449 qui
810 2381 850 2430 eo
866 2372 939 2431 crat
963 2359 1111 2451 dignus:
1137 2372 1171 2430 et
1190 2382 1269 2431 vere
1292 2371 1357 2430 erat
1371 2375 1424 2424 cnr·

194 2467 245 2522 tas
261 2472 368 2540 supra
385 2461 537 2520 montem
566 2449 689 2539 posita,
711 2462 745 2520 et
765 2448 904 2520 lucerna
934 2449 968 2518 iu
995 2449 1064 2520 alto
1087 2447 1268 2530 collocata,
1291 2461 1323 2518 et
1343 2447 1424 2516 lucen

192 2540 367 2620 omnibus,
388 2537 516 2629 quibus
529 2559 598 2607 non
614 2538 725 2608 luerat
740 2539 886 2608 extincta
903 2539 1029 2608 mentis
1060 2537 1200 2608 videndi
1224 2536 1369 2612 facultas,
1384 2549 1423 2599 ner

193 2628 342 2700 tenebris
358 2626 543 2717 impictatis
566 2638 664 2697 erant
683 2628 820 2696 animae
844 2625 937 2696 oculi
952 2627 1095 2697 omnino
1115 2627 1299 2697 occaecati.

236 2720 254 2806 ᾗ
279 2723 325 2790 θ.
353 2721 436 2788 Cum
461 2727 575 2786 autem
597 2715 646 2784 sic
662 2714 783 2787 luisset
800 2715 964 2806 dignatus
988 2715 1306 2806 archiepiscopatu,
1323 2726 1426 2802 etprae-
1455 2779 1456 2794 p

130 2849 141 2874 .
192 2805 301 2876 lectus
316 2821 404 2876 esset
430 2803 611 2896 pascendis
635 2804 757 2875 ovibus
780 2805 930 2884 Domini,
949 2805 1039 2875 sicut
1058 2809 1178 2874 Petrus
1201 2819 1354 2875 summus
1373 2805 1426 2886 lp

193 2894 313 2973 stolus,
331 2895 432 2982 cujus
448 2894 549 2964 etiarn
568 2891 671 2974 sedis,
691 2891 742 2963 vel
764 2893 877 2984 potius
892 2890 956 2962 zeli
979 2905 1013 2962 et
1036 2893 1170 2964 ardoris
1194 2891 1260 2964 luit
1276 2904 1425 2963 successor-

193 2982 309 3083 cased
328 2965 493 3052 salutaria
509 2980 704 3052 adducebat
723 3003 863 3072 pascua,
884 2981 953 3066 bei,
975 2983 1131 3070 inquam,
1153 2994 1186 3051 et
1203 2979 1377 3052 servatoris
1386 2993 1427 3075 ¹na

194 3083 253 3142 stri
273 3069 447 3152 mandata,
474 3084 507 3142 et
525 3071 568 3141 ad
593 3091 701 3158 aquas
728 3070 941 3160 poculentas,
961 3091 1085 3162 nempe
1101 3071 1304 3162 dogmatum
1328 3075 1426 3139 montc-

194 3159 323 3242 dinem,
343 3173 376 3230 et
391 3181 480 3247 quaa
505 3181 573 3230 non
599 3159 808 3249 participant
824 3159 950 3230 salsam
966 3181 1099 3242 eorum,
1121 3160 1180 3248 qui
1198 3160 1289 3230 male
1304 3157 1424 3252 sentiant
1454 3171 1455 3188 ²

194 3249 406 3337 qualitatem.
434 3247 562 3319 Deinde
585 3251 687 3318 etiarn
712 3269 831 3318 curam
858 3249 964 3338 gessit
983 3249 1065 3320 boni
1080 3249 1115 3318 in
1134 3248 1286 3319 Ecclesia
1309 3245 1424 3320 ordina,

194 3351 322 3410 etcum
349 3338 535 3408 invenisset
558 3335 700 3408 clericos
722 3336 909 3407 mundanis
932 3359 971 3407 ac
995 3337 1212 3409 secularibus
1237 3327 1426 3408 vacantesal·

195 3426 519 3508 ministrationibus,
547 3426 763 3514 intentosque
789 3427 1003 3508 mercaturis,
1021 3427 1324 3517 emptionibusque
1340 3437 1426 3518 erret·

195 3515 397 3598 ditionibus,
425 3513 483 3584 ille
508 3515 642 3605 primns
667 3515 776 3606 legem
801 3514 890 3596 tulit,
916 3526 956 3586 ut
977 3516 1040 3604 qni
1063 3516 1187 3587 sacrati
1210 3529 1328 3596 erant,
1350 3511 1382 3582 ab
1400 3525 1426 3602 1ξὲ
1453 3521 1454 3536 ’

195 3604 418 3686 abstinerent,
446 3615 604 3674 vacarent
627 3615 742 3675 autem
768 3603 940 3694 precibus,
966 3605 1017 3676 eis
1041 3603 1204 3676 dictitans
1230 3603 1277 3686 id,
1299 3599 1374 3693 quod
1392 3595 1425 3662 dt·

195 3703 288 3764 ctum
308 3690 418 3764 suerat
442 3715 462 3762 a
486 3713 564 3763 vase
578 3691 777 3762 electionis:
804 3699 905 3764 ll'cma
928 3695 1081 3764 militans
1101 3696 1298 3785 implicatur
1312 3689 1422 3782 repotia·

195 3806 282 3875 quoe
307 3783 352 3852 ad
374 3785 498 3852 victam
521 3784 699 3874 pertinent,
722 3793 759 3850 ut
783 3785 868 3852 Daci
887 3785 1023 3873 placcat
1050 3773 1422 3873 caerciraa(r.rm.1d

195 3886 229 3942 et
244 3871 334 3960 quod
362 3871 447 3940 dixit
463 3870 578 3950 David,
607 3875 726 3940 l'acote
741 3881 772 3940 et
788 3873 972 3968 capnoscr'tc
986 3872 1056 3960 (rs.
1076 3871 1145 4029 diff.
1165 3871 1280 3942 Hu'us
1294 3871 1376 3940 etiam
1392 3861 1424 3927 dt·

194 3963 266 4030 vini
288 3958 482 4060 patrisnsuit
506 3960 696 4040 inventum,
723 3971 762 4029 ut
786 3981 919 4050 primns
938 3959 1013 4030 dies
1041 3960 1108 4032 hob
1134 3895 1289 4040 orandis,
1310 3953 1423 4028 nonina·

196 4062 290 4121 retur
316 4053 514 4118 Domrnrcus
529 4048 598 4115 aas..
613 4051 695 4118 Cum
721 4049 812 4118 enirn
838 4048 960 4118 ludaei
984 4069 1064 4120 eum
1083 4050 1236 4139 primum
1253 4050 1423 4120 vocarenta

223 4226 408 4320 :ffisggessltis
419 4225 550 4278 augustino
560 4229 664 4268 testsute
674 4231 757 4276 (contre
769 4230 838 4276 Petit,
847 4239 898 4281 csp.
910 4227 951 4282 lot.
959 4230 1092 4272 Etsrccllinl
1102 4239 1175 4281 pspso
1186 4232 1306 4282 presbyter
1314 4233 1358 4270 rrst

224 4329 266 4356 ⁸⁸⁸
280 4332 445 4374 Portentosum
459 4334 616 4374 mandsclumt
631 4335 751 4376 exclsmsi
765 4335 880 4377 Buronlus
891 4335 916 4378 lu
927 4335 1058 4389 laudibus,
1067 4337 1112 4379 sub
1123 4347 1184 4378 suno
1194 4339 1239 4378 318.
1256 4339 1340 4377 Gutum
1347 4334 1373 4372 ast
1381 4333 1421 4366 aas

197 4377 313 4422 etusmoar
330 4395 414 4444 nomeu
428 4386 594 4435 apostotorum
607 4385 756 4436 temporibus
770 4389 896 4432 tarentum
909 4399 973 4436 esses
986 4391 1156 4441 prsslsrcsque
1170 4387 1421 4438 uomtusrsllcucrnrnrtt

197 4426 296 4476 alarum,
306 4439 332 4474 ut
341 4436 422 4479 Ferme
432 4439 574 4488 dicerentur.
582 4441 632 4489 Jsru
643 4441 699 4482 ollm
710 4443 735 4482 lu
745 4437 851 4484 Ecclesia
863 4442 1000 4486 institutum
1010 4441 1091 4487 misso.
