3046 4838
73 293 141 356 llll.
170 293 178 356 l
457 312 493 357 oe
516 313 542 359 s.
565 311 668 360 scroto
693 313 743 358 ur.
770 311 902 358 norton.
1227 297 1262 360 tt

70 395 242 484 prophetam
269 394 471 464 terribiliter
492 396 657 466 sacerdoti
686 396 980 464 comminantem:
1002 399 1055 478 δι’,
1083 397 1211 466 dicente
1234 421 1309 478 nce,

67 485 168 570 inquit,
193 485 237 553 ad
260 486 418 572 impium,
437 490 534 555 horte
550 487 721 554 morn'eris:
740 509 805 554 non
829 488 1087 555 annunciaveris
1106 489 1148 566 ei,
1167 487 1236 576 ipse
1251 488 1313 554 inr-

63 577 124 661 pius
144 577 175 642 in
198 575 381 664 iniquitate
395 597 457 643 sua
481 577 663 643 morietur:
690 577 891 664 sanquinem
916 586 1028 644 autem
1052 577 1185 664 ejusde
1208 597 1313 644 manu

63 673 109 730 tua
130 665 305 753 requiram.
325 665 368 732 Si
380 673 489 732 autem
514 674 550 731 tu
574 665 834 732 annunciaveris
859 666 972 754 impio,
993 675 1024 732 et
1048 666 1108 733 ille
1123 688 1188 734 non
1207 666 1312 752 suerit

62 775 212 820 correersus
234 753 274 820 ab
288 755 464 841 impietate
487 775 574 821 suu:
600 755 670 838 ipse
695 753 830 842 quidem
848 754 882 820 in
905 754 1077 842 impietate
1100 776 1164 823 sua
1192 755 1312 822 morie-

61 851 113 910 tur.
130 850 162 908 lu
177 851 287 908 autern
313 844 465 909 animaru
482 853 574 910 tuam
593 843 746 910 liberasti
759 841 894 930 (ducah.
914 863 950 909 nr
966 852 997 908 et
1012 841 1144 930 xxxru);
1166 843 1313 928 itemque

59 929 151 996 illud:
179 931 308 1008 Clamo,
337 953 522 999 necesses:
549 931 648 1020 quasi
671 931 750 998 tulna
776 934 897 999 emolta
919 953 1030 999 nocem
1057 941 1173 1012 tuam,
1197 942 1227 1000 ct
1252 955 1313 1000 arr-

58 1020 159 1086 nuntia
181 1021 306 1108 populo
336 1041 407 1088 rnen
433 1023 561 1088 scelera
591 1042 705 1088 eorum
728 1019 811 1108 (lsa.
838 1018 941 1108 ivm).
969 1019 1186 1089 Considerate
1205 1041 1310 1110 ergo,

56 1105 182 1188 iratres,
208 1107 291 1193 quia
316 1121 451 1196 oportet
484 1107 636 1176 mesine
668 1107 857 1177 cessatione
883 1119 1009 1176 vestros
1036 1109 1171 1178 animos
1200 1109 1241 1176 ad
1274 1109 1313 1176 ti-

56 1194 201 1264 mendum
221 1196 277 1264 Dei
299 1197 490 1284 judicium,
512 1208 545 1265 et
567 1198 610 1265 ad
635 1196 864 1266 desideranda
880 1196 1041 1266 coelestia
1058 1199 1207 1286 praemia
1223 1198 1313 1266 erci-

57 1296 134 1352 tare:
158 1297 193 1353 ut
219 1285 400 1354 vobiscum
438 1285 563 1375 pariter
588 1306 720 1354 merear
745 1285 779 1352 in
806 1285 1010 1374 Angelorum
1037 1288 1209 1357 consortio
1235 1309 1312 1376 per-

55 1385 139 1458 petua
164 1395 242 1462 pace
258 1375 435 1530 (qaudam.
465 1374 612 1460 Ideoque
636 1395 729 1464 rogo,
758 1386 795 1442 ut
819 1374 909 1442 diem
931 1374 1056 1464 judicii
1082 1397 1217 1464 semper
1239 1397 1313 1464 per-

55 1461 232 1543 timescatis,
287 1465 354 1532 iem
374 1464 493 1532 mortis
515 1475 712 1552 suspectum
739 1463 891 1548 quotidie
908 1476 985 1532 ante
1006 1463 1124 1534 oculos
1146 1464 1310 1534 habeatis.

55 1551 184 1638 Cogitate
207 1552 331 1637 quales
354 1551 452 1620 eritis
476 1551 715 1640 praesentandi
741 1553 983 1640 conspectibus
1007 1553 1236 1643 Angelorum,
1262 1553 1312 1622 vel

55 1637 174 1724 qualern
197 1661 258 1728 pro
285 1640 421 1709 meritis
447 1641 552 1709 vicem
580 1639 768 1729 recepturi:
797 1663 838 1708 an
866 1642 1004 1730 possitis
1022 1642 1055 1709 in
1082 1641 1140 1712 illo
1165 1643 1220 1712 die
1245 1643 1312 1711 illi-

56 1728 158 1794 batom
181 1727 333 1810 referre,
362 1727 455 1815 quod
483 1730 516 1796 in
548 1731 718 1819 baptismo
747 1729 966 1818 promisistis.
994 1732 1188 1800 Meminisse
1219 1732 1311 1800 enirn

56 1813 187 1896 debetis,
211 1819 295 1904 quia
324 1833 408 1887 tunc
440 1829 576 1906 pactum
609 1841 687 1886 eum
723 1822 787 1886 [teo
815 1817 967 1898 lecistis,
994 1831 1096 1904 atque
1120 1819 1256 1889 diabolo
1282 1834 1312 1888 et

57 1905 196 1976 omnibus
209 1907 380 1996 operibus
391 1906 760 1992 ejusabrenunciastis.
776 1907 838 1988 Qui
853 1922 931 1975 tuno
946 1909 1066 1994 potuit,
1103 1931 1185 1980 erse
1197 1911 1310 1998 ipsum

60 2003 87 2058 et
107 2015 157 2080 pro
178 2017 209 2063 se
225 1999 306 2086 ipso
332 1996 384 2064 sic
410 1995 597 2084 respondit.
624 1995 687 2078 Qui
714 2017 875 2063 veronen
904 1996 1024 2084 potuit,
1043 1931 1228 2084 fidejussor
1254 2019 1313 2087 pro

61 2101 94 2147 eo
106 2083 167 2170 ejus
186 2086 257 2156 rice
283 2085 373 2154 haec
400 2090 466 2153 Deo
491 2085 659 2173 promisit,
689 2083 745 2152 ille
770 2083 937 2164 videlicet,
960 2085 1020 2171 qui
1045 2106 1123 2154 eum
1150 2087 1191 2154 de
1216 2109 1313 2155 sacro

62 2167 139 2238 sonte
158 2176 316 2264 suscepit.
346 2173 565 2242 Considerate
577 2175 663 2263 jam,
690 2173 792 2258 quale
815 2197 894 2242 eum
921 2179 987 2242 Deo
1009 2188 1145 2262 pactum
1172 2175 1310 2255 iniistis,

59 2269 85 2356 et
106 2281 155 2329 ros
171 2261 259 2351 ipsos
277 2260 469 2352 explorate,
497 2283 579 2331 num
607 2274 682 2350 post
708 2262 795 2330 hanc
822 2263 1084 2351 promissionem
1113 2285 1216 2352 opera
1242 2285 1313 2333 ma-

57 2346 130 2434 hgni
150 2349 356 2430 daemonis,
389 2351 448 2420 cui
472 2351 756 2430 abrenunciastis‚
789 2353 896 2420 secuti
921 2351 1006 2422 sitis.
1034 2352 1315 2422 lbrenuociastis

56 2434 181 2520 diabolo,
205 2455 238 2509 et
262 2440 437 2510 omnibus
461 2440 623 2530 operibus
646 2452 679 2508 et
705 2440 839 2528 pompis
864 2440 951 2526 ejus,
971 2440 1002 2508 id
1025 2453 1085 2521 est,
1107 2441 1219 2520 idolis,
1243 2463 1311 2510 sor-

54 2525 142 2604 tibus,
165 2530 356 2619 augurih,
384 2527 505 2608 furtis,
534 2527 736 2608 fraudibus,
764 2527 1060 2608 fornicationibus
1092 2531 1314 2600 ebrietatibus

49 2625 75 2682 et
96 2617 309 2688 mendaciis:
337 2639 428 2704 quae
459 2617 560 2707 plone
585 2629 665 2686 sunt
693 2638 795 2707 opera
820 2629 852 2684 et
877 2637 1022 2706 pompae
1054 2617 1159 2688 illius.
1193 2624 1313 2688 Contra

49 2725 114 2773 sero
132 2707 281 2788 dixistis,
313 2704 454 2774 eredere
479 2728 537 2775 vos
560 2706 594 2774 in
621 2711 725 2774 heom
754 2717 880 2794 patrem
907 2707 1195 2793 omnipotentem,
1222 2709 1314 2776 etin

45 2791 147 2862 lesum
166 2795 348 2867 Christum
376 2793 486 2863 filium
512 2796 586 2883 ejus
611 2795 767 2874 unicum,
788 2795 969 2862 Dominum
998 2809 1166 2876 nostrum,
1193 2819 1313 2866 conee-

47 2895 131 2966 ptum
155 2884 196 2952 de
221 2885 362 2975 Spiritu
393 2887 537 2961 Sancto,
566 2896 684 2952 natum
709 2905 747 2951 ex
773 2883 876 2952 Maria
903 2883 1057 2972 virgine,
1084 2907 1221 2974 passum
1248 2886 1314 2955 sub

45 2973 150 3040 Pontio
166 2974 292 3054 Pilato,
313 2973 374 3059 qui
394 2973 491 3040 tertia
505 2972 561 3041 die
578 2972 761 3041 resurrexit
780 2994 799 3040 a
821 2972 977 3050 mortuis
998 2973 1152 3043 aseendit
1168 2975 1211 3042 ad
1236 2997 1312 3043 eoe-

44 3059 97 3129 los.
120 3061 260 3132 [linistis
282 3081 424 3147 quoque
451 3061 588 3130 credere
614 3083 671 3130 vos
696 3061 730 3128 in
758 3061 922 3149 Spiritum
956 3065 1131 3141 Sanctum,
1160 3075 1313 3131 sanctam

42 3148 219 3220 Ecclesiam
251 3149 486 3230 catholicam,
516 3162 711 3218 sanctorum
738 3150 1042 3230 communionem,
1078 3150 1313 3220 remissionem

43 3253 272 3326 peccatorum,
296 3238 413 3308 carnis
430 3238 726 3317 resurrectionem,
747 3251 779 3308 et
797 3238 898 3307 vitam
912 3251 1103 3330 aeternam.
1125 3243 1213 3307 Haeo
1236 3259 1314 3326 pro-

41 3327 199 3399 culdubio
223 3327 345 3398 cautio
372 3340 405 3397 et
436 3327 605 3396 confessio
631 3339 740 3396 restra
771 3337 907 3417 semper
932 3341 1047 3396 manet
1070 3327 1161 3418 apud
1194 3331 1312 3395 Deum.

42 3419 251 3508 Quapropter
280 3436 404 3485 moneo
430 3439 509 3496 vos,
530 3414 713 3497 carissimi,
734 3429 771 3486 ut
790 3415 873 3484 haec
898 3415 1066 3486 confessio
1083 3428 1114 3484 et
1134 3413 1315 3504 promissio

44 3517 145 3574 restra
172 3525 317 3595 semper
338 3505 504 3576 memoria
525 3507 722 3586 retineatur,
749 3518 787 3575 ut
809 3505 871 3574 hoo
891 3505 983 3592 quod
1011 3505 1194 3573 Christiani
1219 3525 1316 3572 voca-

43 3594 131 3673 mini,
156 3617 226 3663 non
246 3592 292 3663 ad
314 3593 488 3682 judicium
514 3594 609 3664 vobis
634 3594 689 3674 sit,
713 3594 769 3664 sed
792 3593 833 3662 nd
856 3593 1060 3664 remedium.
1084 3599 1166 3663 llam
1186 3592 1314 3662 idcirco

44 3681 221 3753 Christiani
248 3683 331 3752 lacti
351 3681 445 3763 estis,
476 3693 514 3750 ut
539 3703 674 3770 semper
702 3681 884 3759 Christiani
901 3704 1004 3766 opera
1025 3681 1169 3764 laniatis,
1192 3682 1226 3750 id
1251 3693 1313 3762 est,

45 3783 76 3838 ot
94 3774 288 3842 castitatem
308 3771 443 3850 ametis
460 3769 631 3848 luxuriam
651 3782 683 3838 et
699 3769 894 3840 ebrietatem
916 3769 1067 3860 fugiatis,
1084 3771 1315 3841 humilitatem

46 3861 229 3940 sectemini,
254 3859 455 3949 superbiam
476 3858 710 3928 detestemini:
739 3861 818 3945 quia
839 3861 1004 3928 hominus
1026 3861 1178 3930 Christus
1202 3860 1316 3929 hurni-

47 3944 165 4018 litatem
184 3963 219 4018 et
237 3947 410 4038 exemplis
426 3947 585 4030 ostendit,
601 3959 633 4014 et
649 3947 760 4016 verbis
776 3947 904 4028 docuit,
924 3948 1062 4018 dicens:
1081 3950 1200 4018 Discite
1213 3973 1235 4018 a
1248 3971 1312 4028 me,

47 4039 118 4124 qnia
140 4041 236 4108 mitis
259 4059 336 4106 snm
355 4045 387 4107 et
411 4037 551 4106 humilis
574 4037 682 4118 corde,
709 4046 740 4105 et
764 4038 938 4106 investiatis
967 4038 1116 4128 requiem
1141 4039 1318 4107 animabus

9 4153 10 4196 3
48 4131 155 4196 cestris
180 4127 322 4213 (stlattlr.
350 4125 401 4215 n).
429 4125 598 4194 Invidiam
619 4126 809 4214 respuatiS,
828 4125 1026 4194 charitatem
1054 4139 1210 4194 mutuam
1235 4147 1318 4195 con-

9 4203 11 4238 *
50 4217 192 4298 servetis,
214 4237 353 4307 semper
372 4214 416 4284 de
432 4214 548 4284 lutura
573 4214 688 4286 seculo
704 4225 736 4284 et
760 4227 897 4284 aeterna
914 4213 1124 4283 beatitudine
1148 4213 1315 4303 cogitetis,

51 4321 83 4369 ac
104 4303 183 4392 plus
201 4327 260 4396 pro
277 4305 413 4385 anima,
433 4325 536 4390 quarn
556 4325 617 4394 pro
640 4325 783 4392 corpore
806 4302 980 4371 laboretis.
1002 4306 1085 4371 Caro
1105 4303 1197 4371 enim
1222 4300 1317 4370 brevi

53 4399 194 4482 tempore
212 4396 276 4466 erit
298 4395 336 4462 io
359 4393 425 4462 hoc
442 4393 593 4462 mundo:
620 4393 738 4462 anima
755 4412 845 4472 vero,
864 4391 893 4462 si
913 4390 999 4458 bene
1017 4389 1136 4480 egerit,
1159 4391 1234 4460 sine
1249 4389 1318 4456 fine
