2960 4824
70 265 137 329 ntvl.
163 265 200 330 ts
446 286 486 332 nn
510 285 538 331 s.
564 282 683 331 Junoco
706 279 905 332 conrnssoan
1205 266 1262 332 att

66 367 188 438 ulterius
204 369 464 460 progrederetur
489 368 647 437 indubio
669 369 810 456 positae,
834 369 1018 438 consilium
1038 368 1175 437 tandem
1196 391 1216 438 a
1237 369 1311 459 Spi-

65 457 119 526 ritu
140 461 265 540 Sancte,
284 458 345 546 qui
368 479 508 548 gressus
531 456 607 545 ejus
630 456 810 546 dirigebat.
839 457 872 525 in
898 456 1062 526 omnibus
1082 457 1165 526 utile
1188 479 1307 528 conse·

64 557 182 632 quotus,
200 544 390 629 abitinere,
419 558 550 617 tantum
567 544 780 635 frequentato
804 567 823 614 a
850 545 999 635 populis
1026 558 1058 615 et
1080 568 1100 614 a
1124 557 1230 616 strata
1254 546 1311 614 de-

63 633 181 704 clinavit
204 631 354 726 publica,
376 635 599 721 dimissisque
625 634 692 705 sibi
717 657 736 702 a
762 639 827 703 Deo
859 635 1071 704 transmissis
1096 635 1228 704 itineris
1252 657 1312 704 co-

64 723 194 806 mitibus
215 725 257 794 ad
273 724 410 794 Pontini
433 723 637 792 *festinavit
653 721 815 805 confinia,
835 743 924 810 quae
948 723 1100 808 antiquis
1125 722 1226 812 plena
1253 745 1312 792 ne-

65 811 207 894 moribus,
233 813 366 883 deserta
386 824 483 882 erant
498 822 530 881 et
546 811 649 893 invia,
669 823 701 880 et
720 811 763 881 ab
781 811 962 881 hominum
979 810 1230 882 cohabitatione
1256 833 1310 882 re-

64 913 149 980 nota,
165 901 281 971 bestiis
307 900 535 980 solummodo,
558 899 640 970 seris
663 912 696 969 et
718 899 840 970 avibus
858 899 1071 969 habitabilia.

95 991 171 1075 ἐϋ.
198 991 388 1060 Delectatus
404 990 510 1079 igitur
529 988 682 1058 locorum
702 1003 795 1058 vasta
815 988 1012 1070 solitudine,
1035 1009 1140 1076 super
1165 988 1308 1058 lluvium

61 1076 181 1164 lltejam
204 1080 239 1114 ⁴*
263 1080 436 1169 disposuit
464 1077 589 1147 habere
616 1078 874 1147 habitationem.
895 1078 956 1147 Sed
976 1100 995 1146 a
1021 1082 1112 1147 Duce
1132 1081 1311 1167 Haymcne

62 1165 174 1236 obviarn
190 1169 223 1237 ei
239 1167 340 1248 lacto,
362 1167 504 1236 forsitan
523 1167 564 1235 ad
584 1167 646 1235 hoc
666 1170 766 1236 aDeo
783 1167 900 1248 misso,
912 1165 1104 1235 retardatus
1120 1179 1171 1235 est
1186 1169 1229 1236 ab
1246 1167 1312 1238 hoc

62 1257 212 1344 proposito
230 1279 291 1347 per
307 1257 457 1346 spatium
474 1270 603 1345 septem
618 1277 788 1325 annorum
804 1279 811 1322 :
832 1255 922 1324 inira
936 1267 1077 1342 quos‚et
1092 1253 1221 1324 litteras
1240 1277 1311 1325 rna-

60 1345 103 1496 pis
114 1344 286 1426 addidicit,
305 1358 337 1414 et
354 1365 469 1413 sacros
486 1343 625 1414 ordines
650 1345 811 1432 suscepit.
840 1344 904 1426 Qui
927 1343 1063 1412 tandem
1083 1345 1242 1413 sacerdos
1264 1344 1312 1413 el-

70 1445 160 1516 ectus,
180 1435 291 1504 filium
313 1435 386 1524 jam
404 1433 488 1501 dicti
504 1433 618 1512 Ducis,
638 1432 698 1519 qui
714 1453 793 1500 eum
819 1433 853 1500 in
880 1433 1028 1500 maxima
1045 1431 1192 1502 habehat
1207 1455 1309 1502 vene-

60 1521 183 1604 ratione,
213 1523 256 1592 de
283 1544 381 1594 sacro
405 1523 556 1610 suscepit
575 1521 678 1602 sonte,
705 1541 807 1608 quem
838 1521 968 1590 vocavit
989 1521 1165 1594 Ursinnm.
1189 1521 1312 1611 Elapso

59 1622 155 1680 autern
187 1613 392 1701 septennio,
417 1612 513 1698 J'uxta
542 1609 752 1680 desiderium
775 1608 986 1700 jampridem
1016 1623 1240 1698 conceptum,
1268 1609 1311 1679 ad

59 1697 144 1766 vitam
163 1702 334 1770 transiens
350 1699 551 1780 solitariam,
581 1699 707 1767 mansit
729 1700 761 1765 in
784 1699 858 1768 loco
882 1701 943 1785 qui
967 1697 1095 1766 dicitur
1110 1699 1231 1768 Brahic
1245 1698 1308 1779 Ψ,

57 1784 197 1857 luminis
214 1789 335 1858 rivulis
355 1788 509 1874 undique
533 1786 767 1856 circumdato:
797 1787 987 1856 aedificatis
1009 1785 1136 1856 ibidem
1165 1787 1311 1858 ecclesia

58 1875 313 1947 etdomuncula.
333 1881 467 1947 Praeter
492 1876 643 1966 plurima
658 1896 745 1963 quae
772 1897 830 1965 per
851 1877 1013 1965 ipsamet
1034 1889 1172 1965 propter
1195 1876 1310 1966 ipsum
1350 1937 1353 1944 .

58 1966 208 2036 Dominus
232 1965 313 2034 lecit
337 1964 521 2046 mirabilia,
549 1963 729 2034 veniebant
750 1963 914 2044 volucres,
933 1977 965 2033 et
984 1965 1094 2053 pisces
1113 1965 1237 2034 diversi
1256 1985 1312 2053 ge-

57 2054 132 2123 neris
154 2055 199 2124 ad
224 2076 357 2123 sacram
383 2055 458 2145 ejus
479 2075 634 2134 manum,
663 2053 863 2142 palpabiles,
890 2064 923 2123 et
947 2053 1091 2141 receptis
1119 2053 1162 2122 ab
1185 2075 1224 2123 eo
1249 2053 1311 2122 ali-

58 2145 165 2214 mentis
192 2144 397 2212 recedebant
412 2143 510 2230 quasi
529 2141 708 2212 domestici
732 2155 764 2211 ει
789 2140 1034 2232 intelligibiles.

92 2232 107 2316 ἓ
129 2237 170 2305 tl·
198 2231 353 2314 Quadam
380 2245 493 2302 autern
512 2230 578 2312 die,
598 2231 735 2300 eumad
762 2233 888 2300 victum
907 2229 1146 2317 quotidianum
1165 2251 1230 2298 non
1254 2229 1312 2299 ha-

56 2314 144 2400 beret,
173 2322 239 2390 nisi
259 2342 382 2410 panem
410 2319 583 2389 modicum
604 2341 665 2409 pro
686 2342 721 2389 se
737 2330 769 2388 et
792 2319 965 2408 discipulo
985 2341 1047 2388 suo
1073 2319 1264 2388 Wulmaro:
1280 2330 1313 2388 et

57 2407 208 2478 Dominus
234 2409 267 2476 in
294 2408 407 2498 specie
434 2409 594 2497 pauperis
618 2407 804 2490 adveniret,
827 2407 1080 2498 eleemosynam
1107 2419 1235 2498 petens,
1264 2409 1314 2478 vir

55 2495 176 2566 Domini
192 2497 348 2566 Judocus
373 2517 495 2587 panem
514 2497 622 2565 dividi
643 2497 747 2584 jussit
770 2498 804 2566 in
823 2497 1044 2586 quadrantes,
1062 2511 1095 2566 et
1120 2497 1245 2586 petenti
1270 2496 1313 2565 dc

54 2584 294 2667 quadrantibus
318 2607 428 2655 unum
454 2587 599 2675 erogari.
625 2591 701 2654 tam
728 2585 779 2653 vir
802 2607 962 2676 egressus
985 2599 1075 2661 erat,
1102 2599 1134 2654 et
1157 2605 1235 2654 ecce
1261 2606 1313 2654 re-

54 2674 182 2744 vertitur
205 2675 372 2745 Dominus
389 2674 422 2742 in
440 2673 550 2743 forma
569 2675 667 2764 egeni
692 2673 883 2744 deficientis
899 2674 1025 2754 inedia,
1046 2686 1078 2742 et
1097 2673 1139 2742 de
1159 2673 1311 2743 secundo

55 2763 144 2846 panis
157 2761 348 2850 quadrante
363 2762 575 2831 satisfactum
590 2773 640 2830 est
656 2761 733 2850 ejus
751 2763 915 2852 petitioni.
934 2768 999 2833 Nec
1016 2783 1122 2842 mora,
1135 2775 1311 2852 regressus

54 2851 151 2931 tertio,
177 2853 276 2938 qnasi
300 2852 457 2920 esuriens
477 2870 516 2919 ac
531 2849 694 2919 deficiens
719 2850 820 2932 fame,
843 2851 991 2920 donatus
1013 2864 1064 2920 est
1089 2851 1183 2920 tertia
1211 2851 1312 2940 panis

53 2951 148 3024 parte.
175 2943 426 3026 consequenter
451 2939 544 3008 visus
568 2951 617 3008 est
637 2939 797 3009 advenire
815 2939 981 3009 Dominus
1007 2939 1040 3006 in
1067 2939 1170 3009 altera
1198 2940 1312 3028 inopis

53 3025 163 3115 effigie,
189 3042 373 3118 rogaturus
392 3027 644 3116 eleemosynam
671 3029 760 3097 sicut
774 3029 847 3119 jam
875 3027 971 3098 tertio
988 3027 1113 3098 fecerat
1136 3042 1227 3110 anta,
1248 3050 1310 3098 nec

53 3127 116 3184 erat
137 3116 227 3185 unde
245 3115 442 3185 reficeretur
465 3116 532 3186 nisi
550 3115 592 3185 de
615 3116 754 3188 residuo
774 3119 874 3207 panis
898 3116 1099 3204 quadrante,
1119 3139 1198 3186 eum
1225 3138 1312 3203 quo-

53 3222 111 3286 que
126 3205 174 3274 vir
197 3205 332 3274 Domini
356 3205 515 3274 Judocus
540 3207 683 3294 pauperi
707 3207 840 3296 erogari
855 3206 973 3296 jussit.
1000 3205 1061 3275 Cui
1086 3205 1132 3274 ait
1156 3204 1311 3276 Wulma-

55 3309 123 3359 rus:
147 3291 272 3364 «Nihil
291 3294 389 3363 nohis
408 3293 458 3362 vis
479 3315 661 3374 reservare,
689 3299 804 3384 pater?
821 3317 838 3362 v
854 3294 944 3375 Volo,
963 3295 1074 3381 inquit
1092 3294 1142 3361 vir
1157 3305 1309 3375 sanctus,

56 3390 148 3450 toturn
174 3382 280 3453 tribui
297 3381 473 3463 esurienti,
492 3383 574 3469 quia
596 3396 715 3473 potens
739 3397 788 3453 est
816 3384 979 3452 Dominus
1003 3382 1104 3452 etiam
1125 3381 1225 3450 hodie
1251 3403 1313 3451 no-

55 3479 131 3538 strae
150 3469 328 3560 providere
352 3471 556 3541 necessitati.
581 3493 598 3538 o
624 3472 683 3540 Vix
709 3487 892 3543 recesserat
909 3471 1087 3552 Dominus,
1115 3483 1147 3540 et
1173 3471 1310 3540 interim

56 3553 126 3652 dum
144 3559 381 3630 consolaretur
399 3581 498 3630 verns
518 3559 572 3628 Dei
591 3561 725 3631 amicus
749 3559 974 3649 discipulum,
1002 3559 1044 3629 de
1069 3561 1168 3650 panis
1192 3580 1312 3648 eroga-

57 3655 377 3717 tronecommotum:
404 3669 482 3718 ecce
516 3669 575 3737 per
599 3648 782 3718 fenestram
809 3649 901 3718 visae
929 3661 1009 3717 sant
1031 3660 1064 3717 et
1094 3649 1250 3718 inventae
1274 3649 1311 3717 in

56 3728 135 3804 alveo
158 3737 314 3807 fluminis
334 3748 482 3821 quatuor
507 3737 685 3807 naviculae
704 3737 910 3809 victualibus
932 3749 1087 3817 onustae,
1115 3737 1157 3806 de
1180 3737 1310 3823 quihus

58 3822 123 3903 quis
137 3845 194 3896 eas
213 3822 407 3906 adduxerit,
433 3825 483 3894 vel
510 3846 578 3912 quo
596 3826 671 3916 janr
695 3826 903 3896 victualibus
920 3837 1118 3896 exoneratas
1136 3825 1309 3908 reverterit,

58 3913 192 3982 nescitur
215 3935 327 4003 usque
352 3913 386 3981 in
412 3913 619 3982 hodiernum
645 3915 750 3984 diem.

91 3999 158 4084 55.
184 4005 275 4072 llaec
294 4015 327 4070 et
345 4001 412 4070 alia
427 4023 515 4089 quae
529 4024 608 4104 erga
627 4003 764 4074 beatum
781 4002 953 4073 Judocum
970 4004 1137 4073 Dominus
1157 4002 1313 4089 quotidie

62 4101 230 4160 nonstrare
261 4090 503 4180 dignatusest
532 4091 659 4162 ibidem
691 4091 884 4173 miracula,
915 4103 1017 4160 totam
1043 4091 1144 4183 longe
1178 4091 1312 4178 lateque

62 4187 299 4248 commoverunt
315 4179 472 4267 patriam,
492 4179 532 4248 ad
553 4180 780 4252 visitationem
802 4182 877 4271 ejus
900 4193 933 4250 et
956 4179 1174 4270 impetranda
1199 4181 1313 4270 ipsius

63 4263 134 4346 tpad
151 4269 254 4337 Deum
274 4267 450 4358 suffragia.
466 4267 561 4351 Quod
579 4291 659 4339 curn
676 4269 808 4340 diutius
824 4269 994 4340 sustinere
1012 4291 1078 4338 non
1095 4279 1220 4359 posset,
1237 4273 1311 4358 iam

80 4382 170 4443 'valna
184 4393 291 4436 Panum
478 4395 507 4424 ‘⁸
521 4395 588 4438 Runa
602 4395 689 4437 Aetate.
876 4398 917 4426 *⁴¹*
931 4399 998 4438 Hanc
1013 4399 1064 4438 Dat.
