<?xml version="1.0" encoding="UTF-8"?>
<!DOCTYPE html PUBLIC "-//W3C//DTD XHTML 1.0 Transitional//EN"
    "http://www.w3.org/TR/xhtml1/DTD/xhtml1-transitional.dtd">
<html xmlns="http://www.w3.org/1999/xhtml" xml:lang="en" lang="en">
 <head>
  <title>
</title>
<meta http-equiv="Content-Type" content="text/html;charset=utf-8" />
  <meta name='ocr-system' content='tesseract 3.04.00' />
  <meta name='ocr-capabilities' content='ocr_page ocr_carea ocr_par ocr_line ocrx_word'/>
</head>
<body>
  <div class='ocr_page' id='page_1' title='image "./historiaeseuvit00lippgoog_0689.png"; bbox 0 0 2932 4812; ppageno 0'>
   <div class='ocr_carea' id='block_1_1' title="bbox 243 241 1398 355">
    <p class='ocr_par' dir='ltr' id='par_1_1' title="bbox 243 241 1398 355">
     <span class='ocr_line' id='line_1_1' title="bbox 243 241 1398 355; baseline -0.011 -1"><span class='ocrx_word' id='word_1_1' title='bbox 243 291 307 355; x_wconf 78' lang='lat'>620</span> <span class='ocrx_word' id='word_1_2' title='bbox 637 305 676 352; x_wconf 80' lang='lat' dir='ltr'>oc</span> <span class='ocrx_word' id='word_1_3' title='bbox 700 305 728 352; x_wconf 91' lang='lat' dir='ltr'>s.</span> <span class='ocrx_word' id='word_1_4' title='bbox 755 241 879 352; x_wconf 76' lang='lat' dir='ltr'>uetans</span> <span class='ocrx_word' id='word_1_5' title='bbox 905 305 1035 352; x_wconf 76' lang='lat' dir='ltr'>nonina</span> <span class='ocrx_word' id='word_1_6' title='bbox 1291 281 1354 346; x_wconf 82' lang='lat' dir='ltr'>tet.</span> <span class='ocrx_word' id='word_1_7' title='bbox 1373 279 1398 344; x_wconf 82' lang='lat' dir='ltr'>st</span> 
     </span>
    </p>
   </div>
   <div class='ocr_carea' id='block_1_2' title="bbox 198 383 1456 2614">
    <p class='ocr_par' dir='ltr' id='par_1_2' title="bbox 198 383 1456 1907">
     <span class='ocr_line' id='line_1_2' title="bbox 199 383 1402 482; baseline -0.015 -20"><span class='ocrx_word' id='word_1_8' title='bbox 199 393 403 473; x_wconf 77' lang='lat' dir='ltr'>habeantur,</span> <span class='ocrx_word' id='word_1_9' title='bbox 422 391 483 479; x_wconf 89' lang='lat' dir='ltr'>qui</span> <span class='ocrx_word' id='word_1_10' title='bbox 497 402 754 482; x_wconf 73' lang='lat' dir='ltr'><strong>persecutorum</strong></span> <span class='ocrx_word' id='word_1_11' title='bbox 775 388 899 480; x_wconf 82' lang='lat' dir='ltr'>gladiis</span> <span class='ocrx_word' id='word_1_12' title='bbox 916 410 979 479; x_wconf 90' lang='lat' dir='ltr'>pro</span> <span class='ocrx_word' id='word_1_13' title='bbox 996 389 1120 461; x_wconf 78' lang='lat' dir='ltr'>Christi</span> <span class='ocrx_word' id='word_1_14' title='bbox 1131 386 1256 458; x_wconf 91' lang='lat' dir='ltr'>nomine</span> <span class='ocrx_word' id='word_1_15' title='bbox 1268 383 1402 480; x_wconf 76' lang='lat' dir='ltr'>[criuntur.</span> 
     </span>
     <span class='ocr_line' id='line_1_3' title="bbox 199 473 1405 567; baseline -0.014 -15"><span class='ocrx_word' id='word_1_16' title='bbox 199 480 374 552; x_wconf 83' lang='lat' dir='ltr'>Conclusit</span> <span class='ocrx_word' id='word_1_17' title='bbox 398 484 486 550; x_wconf 88' lang='lat' dir='ltr'>neus</span> <span class='ocrx_word' id='word_1_18' title='bbox 510 501 649 550; x_wconf 89' lang='lat' dir='ltr'>omnem</span> <span class='ocrx_word' id='word_1_19' title='bbox 676 491 810 550; x_wconf 92' lang='lat' dir='ltr'>nostrae</span> <span class='ocrx_word' id='word_1_20' title='bbox 828 479 1116 567; x_wconf 77' lang='lat' dir='ltr'>tergiversationis</span> <span class='ocrx_word' id='word_1_21' title='bbox 1137 475 1267 554; x_wconf 89' lang='lat' dir='ltr'>aditum,</span> <span class='ocrx_word' id='word_1_22' title='bbox 1283 473 1405 542; x_wconf 82' lang='lat' dir='ltr'>obstrmn</span> 
     </span>
     <span class='ocr_line' id='line_1_4' title="bbox 198 561 1406 658; baseline -0.015 -17"><span class='ocrx_word' id='word_1_23' title='bbox 198 590 301 641; x_wconf 87' lang='lat' dir='ltr'>omne</span> <span class='ocrx_word' id='word_1_24' title='bbox 324 567 555 638; x_wconf 79' lang='lat' dir='ltr'>excusationis</span> <span class='ocrx_word' id='word_1_25' title='bbox 578 567 753 638; x_wconf 89' lang='lat' dir='ltr'>humanae</span> <span class='ocrx_word' id='word_1_26' title='bbox 776 566 992 658; x_wconf 82' lang='lat' dir='ltr'>coniugium.</span> <span class='ocrx_word' id='word_1_27' title='bbox 1021 572 1105 637; x_wconf 87' lang='lat' dir='ltr'>Ecce</span> <span class='ocrx_word' id='word_1_28' title='bbox 1123 567 1184 656; x_wconf 89' lang='lat' dir='ltr'>jam</span> <span class='ocrx_word' id='word_1_29' title='bbox 1215 584 1277 632; x_wconf 92' lang='lat' dir='ltr'>non</span> <span class='ocrx_word' id='word_1_30' title='bbox 1298 561 1406 630; x_wconf 80' lang='lat' dir='ltr'>valemus</span> 
     </span>
     <span class='ocr_line' id='line_1_5' title="bbox 198 649 1405 745; baseline -0.012 -16"><span class='ocrx_word' id='word_1_31' title='bbox 198 680 280 730; x_wconf 91' lang='lat' dir='ltr'>cum</span> <span class='ocrx_word' id='word_1_32' title='bbox 300 659 399 728; x_wconf 90' lang='lat' dir='ltr'>beato</span> <span class='ocrx_word' id='word_1_33' title='bbox 419 655 613 745; x_wconf 71' lang='lat' dir='ltr'>Apollinare</span> <span class='ocrx_word' id='word_1_34' title='bbox 642 662 791 745; x_wconf 82' lang='lat' dir='ltr'>probeo</span> <span class='ocrx_word' id='word_1_35' title='bbox 818 670 960 726; x_wconf 91' lang='lat' dir='ltr'>mortem</span> <span class='ocrx_word' id='word_1_36' title='bbox 986 657 1115 737; x_wconf 91' lang='lat' dir='ltr'>subire,</span> <span class='ocrx_word' id='word_1_37' title='bbox 1160 672 1309 723; x_wconf 87' lang='lat' dir='ltr'>ossumus</span> <span class='ocrx_word' id='word_1_38' title='bbox 1328 649 1405 718; x_wconf 79' lang='lat' dir='ltr'>seiten</span> 
     </span>
     <span class='ocr_line' id='line_1_6' title="bbox 198 676 1406 836; baseline -0.012 -18"><span class='ocrx_word' id='word_1_39' title='bbox 198 769 278 818; x_wconf 92' lang='lat' dir='ltr'>cum</span> <span class='ocrx_word' id='word_1_40' title='bbox 311 747 409 818; x_wconf 92' lang='lat' dir='ltr'>beato</span> <span class='ocrx_word' id='word_1_41' title='bbox 438 745 643 816; x_wconf 89' lang='lat' dir='ltr'>Barbatiano</span> <span class='ocrx_word' id='word_1_42' title='bbox 671 745 773 816; x_wconf 84' lang='lat' dir='ltr'>vitam</span> <span class='ocrx_word' id='word_1_43' title='bbox 810 749 874 816; x_wconf 86' lang='lat' dir='ltr'>[teo</span> <span class='ocrx_word' id='word_1_44' title='bbox 910 744 1101 836; x_wconf 84' lang='lat' dir='ltr'>placentem</span> <span class='ocrx_word' id='word_1_45' title='bbox 1132 676 1258 814; x_wconf 70' lang='lat' dir='ltr'>ducere.</span> <span class='ocrx_word' id='word_1_46' title='bbox 1291 743 1406 836; x_wconf 77' lang='lat' dir='ltr'>linguan</span> 
     </span>
     <span class='ocr_line' id='line_1_7' title="bbox 198 828 1405 926; baseline -0.012 -20"><span class='ocrx_word' id='word_1_47' title='bbox 198 837 329 926; x_wconf 89' lang='lat' dir='ltr'>quippe</span> <span class='ocrx_word' id='word_1_48' title='bbox 349 848 400 904; x_wconf 89' lang='lat' dir='ltr'>est</span> <span class='ocrx_word' id='word_1_49' title='bbox 424 833 510 905; x_wconf 94' lang='lat' dir='ltr'>mori</span> <span class='ocrx_word' id='word_1_50' title='bbox 536 857 597 924; x_wconf 91' lang='lat' dir='ltr'>pro</span> <span class='ocrx_word' id='word_1_51' title='bbox 617 834 761 914; x_wconf 83' lang='lat' dir='ltr'>Christo,</span> <span class='ocrx_word' id='word_1_52' title='bbox 785 834 842 904; x_wconf 90' lang='lat' dir='ltr'>sed</span> <span class='ocrx_word' id='word_1_53' title='bbox 866 846 1006 904; x_wconf 91' lang='lat' dir='ltr'>nonest</span> <span class='ocrx_word' id='word_1_54' title='bbox 1030 833 1171 903; x_wconf 78' lang='lat' dir='ltr'>inferius</span> <span class='ocrx_word' id='word_1_55' title='bbox 1186 832 1290 900; x_wconf 82' lang='lat' dir='ltr'>vivere</span> <span class='ocrx_word' id='word_1_56' title='bbox 1310 828 1405 920; x_wconf 73' lang='lat' dir='ltr'>thnsto.</span> 
     </span>
     <span class='ocr_line' id='line_1_8' title="bbox 200 913 1453 1013; baseline -0.009 -18"><span class='ocrx_word' id='word_1_57' title='bbox 200 930 390 1011; x_wconf 88' lang='lat' dir='ltr'>Utrumque</span> <span class='ocrx_word' id='word_1_58' title='bbox 406 923 498 992; x_wconf 92' lang='lat' dir='ltr'>enim</span> <span class='ocrx_word' id='word_1_59' title='bbox 517 923 551 992; x_wconf 92' lang='lat' dir='ltr'>in</span> <span class='ocrx_word' id='word_1_60' title='bbox 570 934 695 995; x_wconf 89' lang='lat' dir='ltr'>statera</span> <span class='ocrx_word' id='word_1_61' title='bbox 712 923 839 992; x_wconf 88' lang='lat' dir='ltr'>Paulus</span> <span class='ocrx_word' id='word_1_62' title='bbox 859 944 968 1010; x_wconf 88' lang='lat' dir='ltr'>aequa</span> <span class='ocrx_word' id='word_1_63' title='bbox 992 922 1090 993; x_wconf 94' lang='lat' dir='ltr'>lance</span> <span class='ocrx_word' id='word_1_64' title='bbox 1115 921 1284 1013; x_wconf 86' lang='lat' dir='ltr'>pendebat,</span> <span class='ocrx_word' id='word_1_65' title='bbox 1303 937 1365 986; x_wconf 91' lang='lat' dir='ltr'>cun</span> <span class='ocrx_word' id='word_1_66' title='bbox 1377 913 1409 1012; x_wconf 83' lang='lat' dir='ltr'>dt·</span> <span class='ocrx_word' id='word_1_67' title='bbox 1451 924 1453 958; x_wconf 69' lang='lat' dir='ltr'>t</span> 
     </span>
     <span class='ocr_line' id='line_1_9' title="bbox 200 1009 1409 1092; baseline -0.014 -8"><span class='ocrx_word' id='word_1_68' title='bbox 200 1024 308 1084; x_wconf 85' lang='lat' dir='ltr'>cerel:</span> <span class='ocrx_word' id='word_1_69' title='bbox 335 1017 436 1082; x_wconf 81' lang='lat' dir='ltr'>Nemo</span> <span class='ocrx_word' id='word_1_70' title='bbox 463 1014 551 1082; x_wconf 85' lang='lat' dir='ltr'>enim</span> <span class='ocrx_word' id='word_1_71' title='bbox 570 1023 720 1082; x_wconf 83' lang='lat' dir='ltr'>nostrum</span> <span class='ocrx_word' id='word_1_72' title='bbox 738 1013 805 1081; x_wconf 82' lang='lat' dir='ltr'>sibi</span> <span class='ocrx_word' id='word_1_73' title='bbox 825 1015 920 1092; x_wconf 72' lang='lat' dir='ltr'>civit,</span> <span class='ocrx_word' id='word_1_74' title='bbox 949 1022 981 1080; x_wconf 86' lang='lat' dir='ltr'>ct</span> <span class='ocrx_word' id='word_1_75' title='bbox 1005 1034 1099 1082; x_wconf 86' lang='lat' dir='ltr'>nemo</span> <span class='ocrx_word' id='word_1_76' title='bbox 1125 1012 1187 1080; x_wconf 83' lang='lat' dir='ltr'>sibi</span> <span class='ocrx_word' id='word_1_77' title='bbox 1206 1009 1354 1078; x_wconf 79' lang='lat' dir='ltr'>moriter:</span> <span class='ocrx_word' id='word_1_78' title='bbox 1369 1023 1409 1070; x_wconf 79' lang='lat' dir='ltr'>arr</span> 
     </span>
     <span class='ocr_line' id='line_1_10' title="bbox 200 1093 1456 1188; baseline -0.011 -16"><span class='ocrx_word' id='word_1_79' title='bbox 200 1105 287 1172; x_wconf 81' lang='lat' dir='ltr'>enim</span> <span class='ocrx_word' id='word_1_80' title='bbox 310 1103 465 1181; x_wconf 77' lang='lat' dir='ltr'>cisimus,</span> <span class='ocrx_word' id='word_1_81' title='bbox 495 1104 632 1171; x_wconf 83' lang='lat' dir='ltr'>Domino</span> <span class='ocrx_word' id='word_1_82' title='bbox 655 1103 824 1170; x_wconf 84' lang='lat' dir='ltr'>vivimus:</span> <span class='ocrx_word' id='word_1_83' title='bbox 849 1105 919 1172; x_wconf 83' lang='lat' dir='ltr'>sice</span> <span class='ocrx_word' id='word_1_84' title='bbox 942 1102 1117 1181; x_wconf 85' lang='lat' dir='ltr'>morimur,</span> <span class='ocrx_word' id='word_1_85' title='bbox 1140 1101 1269 1170; x_wconf 82' lang='lat' dir='ltr'>Domino</span> <span class='ocrx_word' id='word_1_86' title='bbox 1286 1096 1408 1188; x_wconf 80' lang='lat' dir='ltr'>morinu-</span> <span class='ocrx_word' id='word_1_87' title='bbox 1454 1093 1456 1152; x_wconf 73' lang='grc' dir='ltr'>ἒ</span> 
     </span>
     <span class='ocr_line' id='line_1_11' title="bbox 199 1183 1414 1281; baseline -0.011 -20"><span class='ocrx_word' id='word_1_88' title='bbox 199 1194 275 1262; x_wconf 84' lang='lat' dir='ltr'>Sive</span> <span class='ocrx_word' id='word_1_89' title='bbox 294 1213 372 1281; x_wconf 77' lang='lat' dir='ltr'>erpo</span> <span class='ocrx_word' id='word_1_90' title='bbox 390 1191 547 1271; x_wconf 85' lang='lat' dir='ltr'>vivimus,</span> <span class='ocrx_word' id='word_1_91' title='bbox 567 1193 637 1260; x_wconf 83' lang='lat' dir='ltr'>sive</span> <span class='ocrx_word' id='word_1_92' title='bbox 659 1193 834 1270; x_wconf 84' lang='lat' dir='ltr'>morimur,</span> <span class='ocrx_word' id='word_1_93' title='bbox 853 1193 988 1260; x_wconf 84' lang='lat' dir='ltr'>Domini</span> <span class='ocrx_word' id='word_1_94' title='bbox 1007 1211 1125 1260; x_wconf 82' lang='lat' dir='ltr'>sumus</span> <span class='ocrx_word' id='word_1_95' title='bbox 1140 1193 1238 1274; x_wconf 84' lang='lat' dir='ltr'>(Rom.</span> <span class='ocrx_word' id='word_1_96' title='bbox 1268 1183 1335 1272; x_wconf 83' lang='lat' dir='ltr'>ut).</span> <span class='ocrx_word' id='word_1_97' title='bbox 1351 1186 1414 1263; x_wconf 78' lang='lat' dir='ltr'>ooc-</span> 
     </span>
     <span class='ocr_line' id='line_1_12' title="bbox 199 1275 1414 1369; baseline -0.007 -21"><span class='ocrx_word' id='word_1_98' title='bbox 199 1279 277 1369; x_wconf 89' lang='lat' dir='ltr'>quis</span> <span class='ocrx_word' id='word_1_99' title='bbox 302 1279 407 1369; x_wconf 86' lang='lat' dir='ltr'>igitur</span> <span class='ocrx_word' id='word_1_100' title='bbox 428 1290 520 1349; x_wconf 89' lang='lat' dir='ltr'>amat</span> <span class='ocrx_word' id='word_1_101' title='bbox 550 1279 775 1369; x_wconf 86' lang='lat' dir='ltr'>martyrium,</span> <span class='ocrx_word' id='word_1_102' title='bbox 802 1277 959 1350; x_wconf 84' lang='lat' dir='ltr'>exhibeat</span> <span class='ocrx_word' id='word_1_103' title='bbox 987 1299 1022 1348; x_wconf 92' lang='lat' dir='ltr'>se</span> <span class='ocrx_word' id='word_1_104' title='bbox 1053 1278 1214 1366; x_wconf 78' lang='lat' dir='ltr'>martyrio</span> <span class='ocrx_word' id='word_1_105' title='bbox 1236 1275 1382 1364; x_wconf 84' lang='lat' dir='ltr'>dignun.</span> <span class='ocrx_word' id='word_1_106' title='bbox 1398 1280 1414 1362; x_wconf 77' lang='lat' dir='ltr'>d</span> 
     </span>
     <span class='ocr_line' id='line_1_13' title="bbox 200 1366 1416 1459; baseline -0.009 -21"><span class='ocrx_word' id='word_1_107' title='bbox 200 1368 355 1458; x_wconf 83' lang='lat' dir='ltr'>martyrii</span> <span class='ocrx_word' id='word_1_108' title='bbox 380 1379 610 1455; x_wconf 85' lang='lat' dir='ltr'>consequetur</span> <span class='ocrx_word' id='word_1_109' title='bbox 626 1366 746 1459; x_wconf 89' lang='lat' dir='ltr'>procul</span> <span class='ocrx_word' id='word_1_110' title='bbox 763 1366 870 1438; x_wconf 93' lang='lat' dir='ltr'>dubio</span> <span class='ocrx_word' id='word_1_111' title='bbox 888 1367 1093 1458; x_wconf 89' lang='lat' dir='ltr'>praemium.</span> <span class='ocrx_word' id='word_1_112' title='bbox 1112 1371 1182 1438; x_wconf 91' lang='lat' dir='ltr'>llon</span> <span class='ocrx_word' id='word_1_113' title='bbox 1202 1374 1306 1456; x_wconf 90' lang='lat' dir='ltr'>potest</span> <span class='ocrx_word' id='word_1_114' title='bbox 1323 1377 1416 1447; x_wconf 74' lang='lat' dir='ltr'>sangui·</span> 
     </span>
     <span class='ocr_line' id='line_1_14' title="bbox 200 1455 1415 1546; baseline -0.008 -20"><span class='ocrx_word' id='word_1_115' title='bbox 200 1479 278 1527; x_wconf 90' lang='lat' dir='ltr'>nem</span> <span class='ocrx_word' id='word_1_116' title='bbox 305 1455 472 1537; x_wconf 84' lang='lat' dir='ltr'>sundere;</span> <span class='ocrx_word' id='word_1_117' title='bbox 500 1468 611 1546; x_wconf 91' lang='lat' dir='ltr'>potest</span> <span class='ocrx_word' id='word_1_118' title='bbox 637 1457 862 1546; x_wconf 88' lang='lat' dir='ltr'>semetipsum</span> <span class='ocrx_word' id='word_1_119' title='bbox 889 1455 1117 1544; x_wconf 90' lang='lat' dir='ltr'>poenitentiae</span> <span class='ocrx_word' id='word_1_120' title='bbox 1140 1455 1204 1525; x_wconf 89' lang='lat' dir='ltr'>telo</span> <span class='ocrx_word' id='word_1_121' title='bbox 1223 1455 1415 1544; x_wconf 73' lang='lat' dir='ltr'>percuteres</span> 
     </span>
     <span class='ocr_line' id='line_1_15' title="bbox 200 1533 1414 1634; baseline -0.005 -20"><span class='ocrx_word' id='word_1_122' title='bbox 200 1547 235 1614; x_wconf 93' lang='lat' dir='ltr'>in</span> <span class='ocrx_word' id='word_1_123' title='bbox 256 1545 370 1616; x_wconf 92' lang='lat' dir='ltr'>cordis</span> <span class='ocrx_word' id='word_1_124' title='bbox 390 1545 592 1616; x_wconf 86' lang='lat' dir='ltr'>contritione</span> <span class='ocrx_word' id='word_1_125' title='bbox 617 1556 779 1616; x_wconf 90' lang='lat' dir='ltr'>mactare.</span> <span class='ocrx_word' id='word_1_126' title='bbox 802 1549 1026 1634; x_wconf 85' lang='lat' dir='ltr'>Praeparetur</span> <span class='ocrx_word' id='word_1_127' title='bbox 1041 1544 1084 1614; x_wconf 91' lang='lat' dir='ltr'>ad</span> <span class='ocrx_word' id='word_1_128' title='bbox 1103 1543 1290 1614; x_wconf 80' lang='lat' dir='ltr'>feriendum</span> <span class='ocrx_word' id='word_1_129' title='bbox 1302 1533 1414 1633; x_wconf 72' lang='lat' dir='ltr'>Jugale.</span> 
     </span>
     <span class='ocr_line' id='line_1_16' title="bbox 201 1621 1415 1724; baseline -0.014 -21"><span class='ocrx_word' id='word_1_130' title='bbox 201 1655 267 1704; x_wconf 93' lang='lat' dir='ltr'>non</span> <span class='ocrx_word' id='word_1_131' title='bbox 293 1634 400 1705; x_wconf 89' lang='lat' dir='ltr'>deerit</span> <span class='ocrx_word' id='word_1_132' title='bbox 417 1646 665 1717; x_wconf 88' lang='lat' dir='ltr'>remunerator,</span> <span class='ocrx_word' id='word_1_133' title='bbox 687 1634 822 1704; x_wconf 87' lang='lat' dir='ltr'>etiamsi</span> <span class='ocrx_word' id='word_1_134' title='bbox 846 1633 994 1704; x_wconf 89' lang='lat' dir='ltr'>deluerit</span> <span class='ocrx_word' id='word_1_135' title='bbox 1017 1632 1167 1724; x_wconf 82' lang='lat' dir='ltr'>gladius.</span> <span class='ocrx_word' id='word_1_136' title='bbox 1195 1621 1415 1718; x_wconf 81' lang='lat' dir='ltr'>lteestcarmlrr.</span> 
     </span>
     <span class='ocr_line' id='line_1_17' title="bbox 199 1719 1417 1812; baseline -0.011 -18"><span class='ocrx_word' id='word_1_137' title='bbox 199 1723 260 1812; x_wconf 88' lang='lat' dir='ltr'>qui</span> <span class='ocrx_word' id='word_1_138' title='bbox 279 1722 446 1794; x_wconf 85' lang='lat' dir='ltr'>cervicem</span> <span class='ocrx_word' id='word_1_139' title='bbox 471 1723 619 1794; x_wconf 79' lang='lat' dir='ltr'>exterius</span> <span class='ocrx_word' id='word_1_140' title='bbox 639 1723 759 1793; x_wconf 82' lang='lat' dir='ltr'>feriat:</span> <span class='ocrx_word' id='word_1_141' title='bbox 786 1722 882 1794; x_wconf 90' lang='lat' dir='ltr'>adest</span> <span class='ocrx_word' id='word_1_142' title='bbox 904 1722 1037 1812; x_wconf 84' lang='lat' dir='ltr'>judex,</span> <span class='ocrx_word' id='word_1_143' title='bbox 1068 1722 1128 1810; x_wconf 89' lang='lat' dir='ltr'>qui</span> <span class='ocrx_word' id='word_1_144' title='bbox 1158 1722 1263 1792; x_wconf 90' lang='lat' dir='ltr'>bonae</span> <span class='ocrx_word' id='word_1_145' title='bbox 1283 1719 1417 1788; x_wconf 75' lang='lat' dir='ltr'>voluntate</span> 
     </span>
     <span class='ocr_line' id='line_1_18' title="bbox 200 1811 544 1907; baseline 0 -26"><span class='ocrx_word' id='word_1_146' title='bbox 200 1814 394 1907; x_wconf 89' lang='lat' dir='ltr'>praemium</span> <span class='ocrx_word' id='word_1_147' title='bbox 413 1811 544 1882; x_wconf 86' lang='lat' dir='ltr'>reddat.</span> 
     </span>
    </p>

    <p class='ocr_par' dir='ltr' id='par_1_3' title="bbox 199 1894 1419 2614">
     <span class='ocr_line' id='line_1_19' title="bbox 238 1894 1417 1991; baseline -0.01 -18"><span class='ocrx_word' id='word_1_148' title='bbox 238 1904 257 1989; x_wconf 66' lang='grc' dir='ltr'><strong>δ</strong></span> <span class='ocrx_word' id='word_1_149' title='bbox 280 1906 327 1973; x_wconf 71' lang='grc' dir='ltr'>θ.</span> <span class='ocrx_word' id='word_1_150' title='bbox 350 1901 555 1972; x_wconf 88' lang='lat' dir='ltr'>Studeamus</span> <span class='ocrx_word' id='word_1_151' title='bbox 575 1901 691 1991; x_wconf 81' lang='lat' dir='ltr'>igitur,</span> <span class='ocrx_word' id='word_1_152' title='bbox 708 1898 935 1982; x_wconf 87' lang='lat' dir='ltr'>dilectissimi,</span> <span class='ocrx_word' id='word_1_153' title='bbox 962 1919 1042 1970; x_wconf 87' lang='lat' dir='ltr'>curn</span> <span class='ocrx_word' id='word_1_154' title='bbox 1056 1900 1253 1970; x_wconf 89' lang='lat' dir='ltr'>beatissimo</span> <span class='ocrx_word' id='word_1_155' title='bbox 1277 1894 1417 1966; x_wconf 71' lang='lat' dir='ltr'>confessor</span> 
     </span>
     <span class='ocr_line' id='line_1_20' title="bbox 200 1988 1417 2079; baseline -0.007 -22"><span class='ocrx_word' id='word_1_156' title='bbox 200 1989 323 2060; x_wconf 86' lang='lat' dir='ltr'>Christi</span> <span class='ocrx_word' id='word_1_157' title='bbox 340 1990 544 2060; x_wconf 90' lang='lat' dir='ltr'>Barbatiano</span> <span class='ocrx_word' id='word_1_158' title='bbox 561 1989 669 2060; x_wconf 87' lang='lat' dir='ltr'>seculi</span> <span class='ocrx_word' id='word_1_159' title='bbox 686 1989 791 2079; x_wconf 92' lang='lat' dir='ltr'>hujus</span> <span class='ocrx_word' id='word_1_160' title='bbox 805 1988 1043 2059; x_wconf 84' lang='lat' dir='ltr'>blandimenta</span> <span class='ocrx_word' id='word_1_161' title='bbox 1057 1988 1243 2079; x_wconf 89' lang='lat' dir='ltr'>despicere,</span> <span class='ocrx_word' id='word_1_162' title='bbox 1259 2005 1359 2056; x_wconf 87' lang='lat' dir='ltr'>rerum</span> <span class='ocrx_word' id='word_1_163' title='bbox 1370 1993 1417 2047; x_wconf 82' lang='lat' dir='ltr'>ten-</span> 
     </span>
     <span class='ocr_line' id='line_1_21' title="bbox 200 2076 1417 2168; baseline -0.008 -20"><span class='ocrx_word' id='word_1_164' title='bbox 200 2078 372 2167; x_wconf 89' lang='lat' dir='ltr'>poralium</span> <span class='ocrx_word' id='word_1_165' title='bbox 389 2078 598 2148; x_wconf 87' lang='lat' dir='ltr'>affluentiam</span> <span class='ocrx_word' id='word_1_166' title='bbox 617 2077 778 2158; x_wconf 87' lang='lat' dir='ltr'>devitare,</span> <span class='ocrx_word' id='word_1_167' title='bbox 794 2079 910 2150; x_wconf 87' lang='lat' dir='ltr'>carnis</span> <span class='ocrx_word' id='word_1_168' title='bbox 931 2076 1102 2148; x_wconf 87' lang='lat' dir='ltr'>incentiva</span> <span class='ocrx_word' id='word_1_169' title='bbox 1119 2079 1310 2168; x_wconf 84' lang='lat' dir='ltr'>reprimere,</span> <span class='ocrx_word' id='word_1_170' title='bbox 1327 2083 1417 2142; x_wconf 73' lang='lat' dir='ltr'>crustu</span> 
     </span>
     <span class='ocr_line' id='line_1_22' title="bbox 200 2165 1417 2256; baseline -0.01 -18"><span class='ocrx_word' id='word_1_171' title='bbox 200 2181 276 2256; x_wconf 88' lang='lat' dir='ltr'>post</span> <span class='ocrx_word' id='word_1_172' title='bbox 298 2167 470 2238; x_wconf 83' lang='lat' dir='ltr'>Christum</span> <span class='ocrx_word' id='word_1_173' title='bbox 487 2167 589 2236; x_wconf 91' lang='lat' dir='ltr'>etiam</span> <span class='ocrx_word' id='word_1_174' title='bbox 606 2168 642 2237; x_wconf 96' lang='lat' dir='ltr'>in</span> <span class='ocrx_word' id='word_1_175' title='bbox 665 2189 747 2256; x_wconf 87' lang='lat' dir='ltr'>pace</span> <span class='ocrx_word' id='word_1_176' title='bbox 763 2165 1001 2238; x_wconf 84' lang='lat' dir='ltr'>Ecclesiastico</span> <span class='ocrx_word' id='word_1_177' title='bbox 1017 2165 1173 2256; x_wconf 90' lang='lat' dir='ltr'>bajulare</span> <span class='ocrx_word' id='word_1_178' title='bbox 1190 2191 1197 2233; x_wconf 94' lang='lat'><strong>:</strong></span> <span class='ocrx_word' id='word_1_179' title='bbox 1221 2171 1417 2253; x_wconf 69' lang='lat' dir='ltr'>quatenusper</span> 
     </span>
     <span class='ocr_line' id='line_1_23' title="bbox 201 2241 1419 2346; baseline -0.003 -22"><span class='ocrx_word' id='word_1_180' title='bbox 201 2277 293 2326; x_wconf 90' lang='lat' dir='ltr'>nunc</span> <span class='ocrx_word' id='word_1_181' title='bbox 317 2257 391 2346; x_wconf 79' lang='lat' dir='ltr'>ejtrs</span> <span class='ocrx_word' id='word_1_182' title='bbox 416 2255 609 2327; x_wconf 90' lang='lat' dir='ltr'>mirabilem</span> <span class='ocrx_word' id='word_1_183' title='bbox 632 2255 811 2344; x_wconf 88' lang='lat' dir='ltr'>sequimur</span> <span class='ocrx_word' id='word_1_184' title='bbox 832 2256 949 2337; x_wconf 88' lang='lat' dir='ltr'>vitam,</span> <span class='ocrx_word' id='word_1_185' title='bbox 977 2275 1056 2324; x_wconf 90' lang='lat' dir='ltr'>cum</span> <span class='ocrx_word' id='word_1_186' title='bbox 1078 2255 1154 2344; x_wconf 93' lang='lat' dir='ltr'>ipso</span> <span class='ocrx_word' id='word_1_187' title='bbox 1174 2251 1373 2345; x_wconf 87' lang='lat' dir='ltr'>postmodum</span> <span class='ocrx_word' id='word_1_188' title='bbox 1387 2241 1419 2308; x_wconf 63' lang='lat' dir='ltr'>dt</span> 
     </span>
     <span class='ocr_line' id='line_1_24' title="bbox 200 2343 1417 2436; baseline -0.016 -21"><span class='ocrx_word' id='word_1_189' title='bbox 200 2344 419 2415; x_wconf 89' lang='lat' dir='ltr'>siderabilem</span> <span class='ocrx_word' id='word_1_190' title='bbox 439 2343 672 2435; x_wconf 88' lang='lat' dir='ltr'>perducamur</span> <span class='ocrx_word' id='word_1_191' title='bbox 695 2344 738 2414; x_wconf 90' lang='lat' dir='ltr'>ad</span> <span class='ocrx_word' id='word_1_192' title='bbox 766 2343 934 2434; x_wconf 81' lang='lat' dir='ltr'>gloriam:</span> <span class='ocrx_word' id='word_1_193' title='bbox 964 2356 1156 2434; x_wconf 86' lang='lat' dir='ltr'>praestante</span> <span class='ocrx_word' id='word_1_194' title='bbox 1186 2343 1323 2415; x_wconf 87' lang='lat' dir='ltr'>Domino</span> <span class='ocrx_word' id='word_1_195' title='bbox 1347 2343 1417 2436; x_wconf 82' lang='lat' dir='ltr'>nostr·</span> 
     </span>
     <span class='ocr_line' id='line_1_25' title="bbox 199 2429 1417 2522; baseline -0.015 -17"><span class='ocrx_word' id='word_1_196' title='bbox 199 2433 280 2505; x_wconf 82' lang='lat' dir='ltr'>lesu</span> <span class='ocrx_word' id='word_1_197' title='bbox 305 2433 448 2516; x_wconf 84' lang='lat' dir='ltr'>Christo,</span> <span class='ocrx_word' id='word_1_198' title='bbox 470 2433 530 2521; x_wconf 87' lang='lat' dir='ltr'>qui</span> <span class='ocrx_word' id='word_1_199' title='bbox 550 2437 752 2504; x_wconf 85' lang='lat' dir='ltr'>cum&#39;Patre</span> <span class='ocrx_word' id='word_1_200' title='bbox 776 2445 809 2504; x_wconf 88' lang='lat' dir='ltr'>et</span> <span class='ocrx_word' id='word_1_201' title='bbox 829 2433 959 2520; x_wconf 87' lang='lat' dir='ltr'>Spiritu</span> <span class='ocrx_word' id='word_1_202' title='bbox 985 2437 1107 2503; x_wconf 90' lang='lat' dir='ltr'>Sancto</span> <span class='ocrx_word' id='word_1_203' title='bbox 1132 2433 1213 2503; x_wconf 91' lang='lat' dir='ltr'>vivit</span> <span class='ocrx_word' id='word_1_204' title='bbox 1236 2445 1268 2502; x_wconf 91' lang='lat' dir='ltr'>et</span> <span class='ocrx_word' id='word_1_205' title='bbox 1289 2429 1417 2522; x_wconf 82' lang='lat' dir='ltr'>gtormn.</span> 
     </span>
     <span class='ocr_line' id='line_1_26' title="bbox 201 2521 922 2614; baseline -0.004 -22"><span class='ocrx_word' id='word_1_206' title='bbox 201 2544 261 2614; x_wconf 90' lang='lat' dir='ltr'>per</span> <span class='ocrx_word' id='word_1_207' title='bbox 280 2523 416 2594; x_wconf 84' lang='lat' dir='ltr'>infinita</span> <span class='ocrx_word' id='word_1_208' title='bbox 441 2521 554 2594; x_wconf 90' lang='lat' dir='ltr'>secula</span> <span class='ocrx_word' id='word_1_209' title='bbox 573 2522 781 2603; x_wconf 90' lang='lat' dir='ltr'>seculorum,</span> <span class='ocrx_word' id='word_1_210' title='bbox 804 2526 922 2594; x_wconf 76' lang='lat' dir='ltr'>tmen.</span> 
     </span>
    </p>
   </div>
   <div class='ocr_carea' id='block_1_3' title="bbox 587 3103 1084 3154">
    <p class='ocr_par' dir='ltr' id='par_1_4' title="bbox 587 3103 1084 3154">
     <span class='ocr_line' id='line_1_27' title="bbox 587 3103 1084 3154; baseline -0.012 0"><span class='ocrx_word' id='word_1_211' title='bbox 587 3104 730 3154; x_wconf 71' lang='lat' dir='ltr'><strong>AUCTORE</strong></span> <span class='ocrx_word' id='word_1_212' title='bbox 755 3105 819 3152; x_wconf 76' lang='lat' dir='ltr'>stu.</span> <span class='ocrx_word' id='word_1_213' title='bbox 846 3103 1084 3152; x_wconf 63' lang='lat' dir='ltr'>horsenhusen.</span> 
     </span>
    </p>
   </div>
   <div class='ocr_carea' id='block_1_4' title="bbox 367 2795 1457 3150">
    <p class='ocr_par' dir='ltr' id='par_1_5' title="bbox 367 2759 1457 3150">
     <span class='ocr_line' id='line_1_28' title="bbox 367 2795 1312 2951; baseline 0.003 -6"><span class='ocrx_word' id='word_1_214' title='bbox 367 2847 483 2951; x_wconf 78' lang='lat' dir='ltr'>vul</span> <span class='ocrx_word' id='word_1_215' title='bbox 519 2849 746 2948; x_wconf 81' lang='lat' dir='ltr'>sinemo</span> <span class='ocrx_word' id='word_1_216' title='bbox 787 2848 1031 2949; x_wconf 78' lang='lat' dir='ltr'>nntium</span> <span class='ocrx_word' id='word_1_217' title='bbox 1067 2795 1312 2949; x_wconf 83' lang='lat' dir='ltr'>nonime</span> 
     </span>
     <span class='ocr_line' id='line_1_29' title="bbox 1454 3043 1457 3150; baseline 0 0"><span class='ocrx_word' id='word_1_218' title='bbox 1454 3043 1457 3150; x_wconf 82' lang='lat' dir='ltr'>t</span> 
     </span>
    </p>
   </div>
   <div class='ocr_carea' id='block_1_5' title="bbox 545 3301 1128 3360">
    <p class='ocr_par' dir='ltr' id='par_1_6' title="bbox 545 3301 1128 3360">
     <span class='ocr_line' id='line_1_30' title="bbox 545 3301 1128 3360; baseline -0.003 1"><span class='ocrx_word' id='word_1_219' title='bbox 545 3305 598 3360; x_wconf 75' lang='lat' dir='ltr'>Ad</span> <span class='ocrx_word' id='word_1_220' title='bbox 618 3303 752 3360; x_wconf 85' lang='lat' dir='ltr'>coelum</span> <span class='ocrx_word' id='word_1_221' title='bbox 774 3301 920 3359; x_wconf 83' lang='lat' dir='ltr'>evolavit</span> <span class='ocrx_word' id='word_1_222' title='bbox 941 3315 1032 3359; x_wconf 82' lang='lat' dir='ltr'>anno</span> <span class='ocrx_word' id='word_1_223' title='bbox 1051 3303 1128 3359; x_wconf 74' lang='lat'>439.</span> 
     </span>
    </p>
   </div>
   <div class='ocr_carea' id='block_1_6' title="bbox 199 3486 1428 4212">
    <p class='ocr_par' dir='ltr' id='par_1_7' title="bbox 199 3486 1428 4212">
     <span class='ocr_line' id='line_1_31' title="bbox 245 3486 1426 3588; baseline -0.008 -17"><span class='ocrx_word' id='word_1_224' title='bbox 245 3499 263 3586; x_wconf 65' lang='grc' dir='ltr'><strong>ἕ</strong></span> <span class='ocrx_word' id='word_1_225' title='bbox 286 3503 324 3571; x_wconf 89' lang='grc'>1.</span> <span class='ocrx_word' id='word_1_226' title='bbox 353 3499 429 3568; x_wconf 84' lang='lat' dir='ltr'>Fuit</span> <span class='ocrx_word' id='word_1_227' title='bbox 452 3519 533 3588; x_wconf 81' lang='lat' dir='ltr'>ergo</span> <span class='ocrx_word' id='word_1_228' title='bbox 557 3497 622 3568; x_wconf 92' lang='lat' dir='ltr'>hoc</span> <span class='ocrx_word' id='word_1_229' title='bbox 638 3519 777 3587; x_wconf 85' lang='lat' dir='ltr'>quoque</span> <span class='ocrx_word' id='word_1_230' title='bbox 800 3521 933 3580; x_wconf 87' lang='lat' dir='ltr'>earum,</span> <span class='ocrx_word' id='word_1_231' title='bbox 961 3520 1050 3586; x_wconf 87' lang='lat' dir='ltr'>quae</span> <span class='ocrx_word' id='word_1_232' title='bbox 1074 3498 1156 3568; x_wconf 92' lang='lat' dir='ltr'>olim</span> <span class='ocrx_word' id='word_1_233' title='bbox 1182 3497 1332 3578; x_wconf 88' lang='lat' dir='ltr'>suerunt,</span> <span class='ocrx_word' id='word_1_234' title='bbox 1351 3486 1426 3586; x_wconf 76' lang='lat' dir='ltr'>ctat·</span> 
     </span>
     <span class='ocr_line' id='line_1_32' title="bbox 202 3580 1425 3677; baseline -0.014 -21"><span class='ocrx_word' id='word_1_235' title='bbox 202 3597 275 3657; x_wconf 90' lang='lat' dir='ltr'>tum</span> <span class='ocrx_word' id='word_1_236' title='bbox 301 3589 470 3658; x_wconf 84' lang='lat' dir='ltr'>maximae</span> <span class='ocrx_word' id='word_1_237' title='bbox 489 3599 522 3656; x_wconf 91' lang='lat' dir='ltr'>et</span> <span class='ocrx_word' id='word_1_238' title='bbox 546 3585 760 3659; x_wconf 87' lang='lat' dir='ltr'>clarissimae</span> <span class='ocrx_word' id='word_1_239' title='bbox 780 3592 918 3670; x_wconf 90' lang='lat' dir='ltr'>Romae,</span> <span class='ocrx_word' id='word_1_240' title='bbox 948 3609 1016 3658; x_wconf 94' lang='lat' dir='ltr'>non</span> <span class='ocrx_word' id='word_1_241' title='bbox 1043 3585 1155 3658; x_wconf 90' lang='lat' dir='ltr'>solum</span> <span class='ocrx_word' id='word_1_242' title='bbox 1180 3580 1293 3658; x_wconf 85' lang='lat' dir='ltr'>ellerri</span> <span class='ocrx_word' id='word_1_243' title='bbox 1309 3583 1425 3677; x_wconf 79' lang='lat' dir='ltr'>pulcritu-</span> 
     </span>
     <span class='ocr_line' id='line_1_33' title="bbox 200 3663 1425 3766; baseline -0.002 -22"><span class='ocrx_word' id='word_1_244' title='bbox 200 3675 292 3757; x_wconf 91' lang='lat' dir='ltr'>dine,</span> <span class='ocrx_word' id='word_1_245' title='bbox 312 3696 422 3764; x_wconf 89' lang='lat' dir='ltr'>neque</span> <span class='ocrx_word' id='word_1_246' title='bbox 447 3676 515 3746; x_wconf 90' lang='lat' dir='ltr'>situ</span> <span class='ocrx_word' id='word_1_247' title='bbox 533 3678 678 3757; x_wconf 84' lang='lat' dir='ltr'>vincere,</span> <span class='ocrx_word' id='word_1_248' title='bbox 706 3696 748 3747; x_wconf 90' lang='lat' dir='ltr'>ne</span> <span class='ocrx_word' id='word_1_249' title='bbox 774 3699 817 3748; x_wconf 90' lang='lat' dir='ltr'>ue</span> <span class='ocrx_word' id='word_1_250' title='bbox 841 3676 1014 3766; x_wconf 90' lang='lat' dir='ltr'>trophaeis</span> <span class='ocrx_word' id='word_1_251' title='bbox 1037 3687 1070 3746; x_wconf 90' lang='lat' dir='ltr'>et</span> <span class='ocrx_word' id='word_1_252' title='bbox 1101 3676 1179 3746; x_wconf 88' lang='lat' dir='ltr'>aliis</span> <span class='ocrx_word' id='word_1_253' title='bbox 1202 3677 1358 3748; x_wconf 86' lang='lat' dir='ltr'>omnibus</span> <span class='ocrx_word' id='word_1_254' title='bbox 1383 3663 1425 3756; x_wconf 78' lang='lat' dir='ltr'>gh·</span> 
     </span>
     <span class='ocr_line' id='line_1_34' title="bbox 200 3698 1424 3921; baseline -0.004 -87"><span class='ocrx_word' id='word_1_255' title='bbox 200 3764 294 3847; x_wconf 88' lang='lat' dir='ltr'>riari,</span> <span class='ocrx_word' id='word_1_256' title='bbox 323 3765 381 3835; x_wconf 88' lang='lat' dir='ltr'>sed</span> <span class='ocrx_word' id='word_1_257' title='bbox 403 3765 511 3836; x_wconf 91' lang='lat' dir='ltr'>multo</span> <span class='ocrx_word' id='word_1_258' title='bbox 528 3765 638 3921; x_wconf 57' lang='lat' dir='ltr'>mafgis</span> <span class='ocrx_word' id='word_1_259' title='bbox 654 3765 719 3835; x_wconf 89' lang='lat' dir='ltr'>sibi</span> <span class='ocrx_word' id='word_1_260' title='bbox 735 3698 880 3856; x_wconf 62' lang='lat' dir='ltr'>placere,</span> <span class='ocrx_word' id='word_1_261' title='bbox 900 3776 985 3835; x_wconf 88' lang='lat' dir='ltr'>etse</span> <span class='ocrx_word' id='word_1_262' title='bbox 1010 3763 1232 3865; x_wconf 73' lang='lat' dir='ltr'>magnificare</span> <span class='ocrx_word' id='word_1_263' title='bbox 1249 3775 1373 3855; x_wconf 90' lang='lat' dir='ltr'>propter</span> <span class='ocrx_word' id='word_1_264' title='bbox 1384 3769 1424 3824; x_wconf 59' lang='lat' dir='ltr'>eti&lt;</span> 
     </span>
     <span class='ocr_line' id='line_1_35' title="bbox 200 3849 1425 3945; baseline -0.011 -20"><span class='ocrx_word' id='word_1_265' title='bbox 200 3852 261 3943; x_wconf 89' lang='lat' dir='ltr'>qui</span> <span class='ocrx_word' id='word_1_266' title='bbox 285 3875 347 3944; x_wconf 95' lang='lat' dir='ltr'>pro</span> <span class='ocrx_word' id='word_1_267' title='bbox 371 3853 502 3924; x_wconf 85' lang='lat' dir='ltr'>Christo</span> <span class='ocrx_word' id='word_1_268' title='bbox 519 3875 554 3926; x_wconf 91' lang='lat' dir='ltr'>se</span> <span class='ocrx_word' id='word_1_269' title='bbox 592 3853 709 3925; x_wconf 89' lang='lat' dir='ltr'>ortiter</span> <span class='ocrx_word' id='word_1_270' title='bbox 732 3858 922 3945; x_wconf 87' lang='lat' dir='ltr'>gesselunt‚</span> <span class='ocrx_word' id='word_1_271' title='bbox 954 3865 1023 3924; x_wconf 90' lang='lat' dir='ltr'>tam</span> <span class='ocrx_word' id='word_1_272' title='bbox 1052 3875 1142 3925; x_wconf 83' lang='lat' dir='ltr'>uros</span> <span class='ocrx_word' id='word_1_273' title='bbox 1161 3875 1267 3942; x_wconf 88' lang='lat' dir='ltr'>quam</span> <span class='ocrx_word' id='word_1_274' title='bbox 1298 3849 1425 3922; x_wconf 76' lang='lat' dir='ltr'>mutem</span> 
     </span>
     <span class='ocr_line' id='line_1_36' title="bbox 199 3941 1426 4034; baseline -0.008 -20"><span class='ocrx_word' id='word_1_275' title='bbox 199 3956 232 4014; x_wconf 90' lang='lat' dir='ltr'>et</span> <span class='ocrx_word' id='word_1_276' title='bbox 256 3943 318 4012; x_wconf 89' lang='lat' dir='ltr'>has</span> <span class='ocrx_word' id='word_1_277' title='bbox 343 3943 465 4034; x_wconf 83' lang='lat' dir='ltr'>magis,</span> <span class='ocrx_word' id='word_1_278' title='bbox 487 3941 579 4031; x_wconf 92' lang='lat' dir='ltr'>quod</span> <span class='ocrx_word' id='word_1_279' title='bbox 604 3965 671 4014; x_wconf 91' lang='lat' dir='ltr'>non</span> <span class='ocrx_word' id='word_1_280' title='bbox 697 3965 797 4016; x_wconf 90' lang='lat' dir='ltr'>secus</span> <span class='ocrx_word' id='word_1_281' title='bbox 821 3967 860 4014; x_wconf 91' lang='lat' dir='ltr'>ac</span> <span class='ocrx_word' id='word_1_282' title='bbox 880 3943 943 4013; x_wconf 89' lang='lat' dir='ltr'>viri</span> <span class='ocrx_word' id='word_1_283' title='bbox 968 3941 1099 4013; x_wconf 79' lang='lat' dir='ltr'>fortiter</span> <span class='ocrx_word' id='word_1_284' title='bbox 1125 3942 1349 4019; x_wconf 89' lang='lat' dir='ltr'>decertarunt,</span> <span class='ocrx_word' id='word_1_285' title='bbox 1369 3947 1426 4004; x_wconf 72' lang='lat' dir='ltr'>ets</span> 
     </span>
     <span class='ocr_line' id='line_1_37' title="bbox 200 4030 1425 4123; baseline -0.003 -23"><span class='ocrx_word' id='word_1_286' title='bbox 200 4033 289 4102; x_wconf 85' lang='lat' dir='ltr'>vitae</span> <span class='ocrx_word' id='word_1_287' title='bbox 311 4031 508 4123; x_wconf 85' lang='lat' dir='ltr'>exemplum</span> <span class='ocrx_word' id='word_1_288' title='bbox 533 4031 577 4102; x_wconf 90' lang='lat' dir='ltr'>ad</span> <span class='ocrx_word' id='word_1_289' title='bbox 600 4031 760 4102; x_wconf 87' lang='lat' dir='ltr'>virtutem</span> <span class='ocrx_word' id='word_1_290' title='bbox 787 4030 864 4104; x_wconf 86' lang='lat' dir='ltr'>aliis</span> <span class='ocrx_word' id='word_1_291' title='bbox 885 4033 1148 4102; x_wconf 89' lang='lat' dir='ltr'>constituerunt.</span> <span class='ocrx_word' id='word_1_292' title='bbox 1175 4037 1222 4102; x_wconf 84' lang='lat' dir='ltr'>Ex</span> <span class='ocrx_word' id='word_1_293' title='bbox 1247 4030 1362 4118; x_wconf 88' lang='lat' dir='ltr'>quibus</span> <span class='ocrx_word' id='word_1_294' title='bbox 1386 4035 1425 4110; x_wconf 67' lang='lat' dir='ltr'>ult</span> 
     </span>
     <span class='ocr_line' id='line_1_38' title="bbox 199 4114 1428 4212; baseline -0.009 -23"><span class='ocrx_word' id='word_1_295' title='bbox 199 4118 265 4189; x_wconf 87' lang='lat' dir='ltr'>luit</span> <span class='ocrx_word' id='word_1_296' title='bbox 289 4124 385 4190; x_wconf 89' lang='lat' dir='ltr'>beata</span> <span class='ocrx_word' id='word_1_297' title='bbox 420 4119 553 4190; x_wconf 84' lang='lat' dir='ltr'>Melana</span> <span class='ocrx_word' id='word_1_298' title='bbox 581 4120 619 4201; x_wconf 74' lang='lat'>⁴¹,</span> <span class='ocrx_word' id='word_1_299' title='bbox 654 4142 759 4208; x_wconf 88' lang='lat' dir='ltr'>quam</span> <span class='ocrx_word' id='word_1_300' title='bbox 791 4122 857 4193; x_wconf 88' lang='lat' dir='ltr'>sibi</span> <span class='ocrx_word' id='word_1_301' title='bbox 892 4142 984 4191; x_wconf 92' lang='lat' dir='ltr'>nunc</span> <span class='ocrx_word' id='word_1_302' title='bbox 1018 4133 1261 4212; x_wconf 81' lang='lat' dir='ltr'>argumentum</span> <span class='ocrx_word' id='word_1_303' title='bbox 1296 4114 1428 4209; x_wconf 71' lang='lat' dir='ltr'>proposui</span> 
     </span>
    </p>
   </div>
   <div class='ocr_carea' id='block_1_7' title="bbox 201 4303 1428 4474">
    <p class='ocr_par' dir='ltr' id='par_1_8' title="bbox 201 4303 1428 4474">
     <span class='ocr_line' id='line_1_39' title="bbox 227 4303 1428 4368; baseline 0.012 -19"><span class='ocrx_word' id='word_1_304' title='bbox 227 4311 240 4336; x_wconf 76' lang='grc'>*</span> <span class='ocrx_word' id='word_1_305' title='bbox 254 4312 317 4352; x_wconf 69' lang='lat' dir='ltr'>Haec</span> <span class='ocrx_word' id='word_1_306' title='bbox 329 4313 430 4363; x_wconf 75' lang='lat' dir='ltr'>Melana,</span> <span class='ocrx_word' id='word_1_307' title='bbox 442 4317 482 4356; x_wconf 81' lang='lat' dir='ltr'>vel</span> <span class='ocrx_word' id='word_1_308' title='bbox 490 4315 676 4364; x_wconf 68' lang='lat' dir='ltr'>uer-nuruum</span> <span class='ocrx_word' id='word_1_309' title='bbox 685 4319 784 4358; x_wconf 71' lang='lat' dir='ltr'>vocetur</span> <span class='ocrx_word' id='word_1_310' title='bbox 793 4318 906 4366; x_wconf 82' lang='lat' dir='ltr'>respectu</span> <span class='ocrx_word' id='word_1_311' title='bbox 914 4319 1016 4364; x_wconf 73' lang='lat' dir='ltr'>contorta,</span> <span class='ocrx_word' id='word_1_312' title='bbox 1025 4317 1132 4367; x_wconf 73' lang='lat' dir='ltr'>atridem</span> <span class='ocrx_word' id='word_1_313' title='bbox 1141 4313 1251 4363; x_wconf 81' lang='lat' dir='ltr'>nominis.</span> <span class='ocrx_word' id='word_1_314' title='bbox 1259 4315 1321 4364; x_wconf 74' lang='lat' dir='ltr'>ardu·</span> <span class='ocrx_word' id='word_1_315' title='bbox 1330 4309 1370 4361; x_wconf 68' lang='lat'>5⁹⁸⁸</span> <span class='ocrx_word' id='word_1_316' title='bbox 1376 4303 1428 4368; x_wconf 49' lang='grc' dir='ltr'>ΜΨ</span> 
     </span>
     <span class='ocr_line' id='line_1_40' title="bbox 201 4357 1422 4418; baseline 0.012 -19"><span class='ocrx_word' id='word_1_317' title='bbox 201 4363 259 4400; x_wconf 72' lang='lat' dir='ltr'>orat.</span> <span class='ocrx_word' id='word_1_318' title='bbox 275 4363 325 4404; x_wconf 78' lang='lat' dir='ltr'>non</span> <span class='ocrx_word' id='word_1_319' title='bbox 339 4367 437 4416; x_wconf 70' lang='lat' dir='ltr'>imperto</span> <span class='ocrx_word' id='word_1_320' title='bbox 451 4369 555 4416; x_wconf 78' lang='lat' dir='ltr'>virtutis.</span> <span class='ocrx_word' id='word_1_321' title='bbox 569 4369 602 4408; x_wconf 76' lang='lat' dir='ltr'>stt</span> <span class='ocrx_word' id='word_1_322' title='bbox 616 4368 739 4416; x_wconf 73' lang='lat' dir='ltr'>Beroniuu.</span> <span class='ocrx_word' id='word_1_323' title='bbox 749 4371 790 4412; x_wconf 74' lang='lat' dir='ltr'>sut</span> <span class='ocrx_word' id='word_1_324' title='bbox 800 4372 898 4413; x_wconf 76' lang='lat' dir='ltr'>mtuorls</span> <span class='ocrx_word' id='word_1_325' title='bbox 906 4372 984 4414; x_wconf 75' lang='lat' dir='ltr'>laudis</span> <span class='ocrx_word' id='word_1_326' title='bbox 994 4370 1097 4412; x_wconf 69' lang='lat' dir='ltr'>Helonis</span> <span class='ocrx_word' id='word_1_327' title='bbox 1106 4373 1180 4412; x_wconf 76' lang='lat' dir='ltr'>mter</span> <span class='ocrx_word' id='word_1_328' title='bbox 1189 4371 1236 4412; x_wconf 76' lang='lat' dir='ltr'>rult</span> <span class='ocrx_word' id='word_1_329' title='bbox 1245 4365 1359 4418; x_wconf 64' lang='lat' dir='ltr'>allowlh</span> <span class='ocrx_word' id='word_1_330' title='bbox 1367 4357 1395 4400; x_wconf 49' lang='grc' dir='ltr'>Ν</span> <span class='ocrx_word' id='word_1_331' title='bbox 1403 4363 1422 4402; x_wconf 58' lang='lat'>1²</span> 
     </span>
     <span class='ocr_line' id='line_1_41' title="bbox 201 4414 913 4474; baseline 0.022 -24"><span class='ocrx_word' id='word_1_332' title='bbox 201 4414 254 4452; x_wconf 83' lang='lat' dir='ltr'>stea</span> <span class='ocrx_word' id='word_1_333' title='bbox 263 4414 371 4464; x_wconf 70' lang='lat' dir='ltr'>ortgeuta</span> <span class='ocrx_word' id='word_1_334' title='bbox 381 4421 480 4472; x_wconf 76' lang='lat' dir='ltr'>ruttgtne</span> <span class='ocrx_word' id='word_1_335' title='bbox 490 4417 680 4471; x_wconf 69' lang='lat' dir='ltr'>praeclarissima</span> <span class='ocrx_word' id='word_1_336' title='bbox 687 4433 759 4474; x_wconf 71' lang='lat' dir='ltr'>opera</span> <span class='ocrx_word' id='word_1_337' title='bbox 769 4425 913 4468; x_wconf 77' lang='lat' dir='ltr'>obscuravtt.</span> 
     </span>
    </p>
   </div>
   <div class='ocr_carea' id='block_1_8' title="bbox 0 0 1470 4812">
    <p class='ocr_par' dir='ltr' id='par_1_9' title="bbox 0 0 1470 4812">
     <span class='ocr_line' id='line_1_42' title="bbox 0 0 1470 4812; baseline 0 0"><span class='ocrx_word' id='word_1_338' title='bbox 0 0 1470 4812; x_wconf 95' lang='lat' dir='ltr'> </span> 
     </span>
    </p>
   </div>
  </div>
 </body>
</html>
