2994 4832
54 285 110 348 ll’t'.
130 287 146 350 l
362 309 405 354 un
431 309 461 356 s.
484 307 610 357 annone
634 308 780 356 tuentur.
810 308 921 355 cotun.
1199 293 1241 355 97

51 388 140 456 nuncio
158 390 291 459 retentis
318 392 364 462 ab
394 391 511 463 officio
539 415 647 473 sacro,
683 406 865 484 postquam
886 393 1106 462 cunctantius
1127 393 1285 484 Episcopi

49 477 194 564 praeseutia
227 479 345 550 offerri
376 483 501 573 coepit,
522 483 651 571 priores
672 481 935 582 exspectationis
955 480 1067 551 taedio
1082 481 1285 562 exacerbati,

47 567 172 636 miseruut
187 567 337 650 adeum,
357 568 523 642 diceutes:
541 572 670 643 «Nobis
683 571 765 658 quid
781 583 1018 660 exspectemus
1032 570 1285 659 ignorantibus,

45 653 103 722 bora
117 658 317 744 pertransiit,
344 660 463 749 etjam
484 670 582 729 nocte
602 661 726 742 vicina,
745 659 902 729 hodierni
924 659 990 728 diei
1017 660 1224 729 reverentiae
1254 661 1287 730 in

45 743 251 815 imminutione
274 746 386 817 divini
403 748 532 830 cultus,
555 769 623 818 non
642 750 716 818 sine
733 749 850 818 dolore
869 747 946 837 plus
958 749 1054 837 justo
1069 761 1159 818 certe
1175 747 1289 818 detra-

45 832 147 901 hemus.
169 857 188 900 a
212 839 286 904 hlox
317 837 397 942 igne
421 837 612 918 charitatis,
640 837 788 908 febrium
819 838 915 928 ignes
947 836 1136 927 mitigante,
1163 837 1288 907 lectum

44 919 209 1008 relinquens
232 927 386 1025 pontilex
409 925 532 996 fratres
557 925 652 1008 adiit,
679 939 712 996 et
741 947 780 995 ex
813 947 905 995 more
931 925 1033 994 linteo
1060 927 1287 1014 praecinctus,

41 1009 70 1076 ad
87 1011 261 1082 ablutionis
286 1017 452 1104 mysticae
482 1017 711 1086 ministerium
738 1027 873 1106 praeter
896 1035 990 1103 spem
1026 1016 1180 1083 omnium
1215 1037 1291 1105 pro-

40 1099 127 1167 oessit.
147 1101 209 1171 Hic
224 1124 328 1188 quam
345 1103 535 1185 humiliter,
556 1127 659 1192 quam
678 1105 744 1195 pie,
759 1126 864 1192 quam
882 1103 1001 1172 devote
1014 1103 1105 1174 velut
1122 1103 1162 1171 ad
1179 1103 1289 1193 ipsius

2 1195 3 1198 ’
41 1188 150 1257 Domini
174 1192 314 1281 vestigia
331 1193 565 1282 procubuerit,
585 1193 759 1281 quomodo
783 1214 844 1282 per
864 1190 1080 1281 singulorum
1115 1191 1217 1281 pedes
1243 1192 1290 1262 la-

41 1297 199 1363 crymans,
225 1302 285 1350 eos
314 1281 450 1371 capillis
476 1282 659 1352 venerandi
684 1304 721 1351 ca
750 1280 807 1354 itis
835 1281 889 1352 sui
926 1281 1082 1363 terserit,
1109 1295 1140 1349 et
1171 1280 1289 1351 osculo

41 1366 219 1521 suppliciter
239 1369 469 1451 honoraverit,
497 1372 592 1440 illam
617 1393 708 1458 quon
738 1393 791 1440 am
826 1371 1054 1460 poenitentem
1082 1371 1221 1440 llariam
1255 1373 1289 1439 in

40 1475 90 1522 ocu
102 1456 126 1523 is
144 1457 257 1528 cordis
282 1481 419 1548 semper
439 1459 582 1541 habeus,
602 1460 738 1530 lectoris
760 1460 963 1550 prudentiae
991 1459 1203 1546 derelinquo.
1233 1465 1290 1527 Se-

39 1540 179 1616 dentibus
200 1559 313 1615 autem
336 1548 532 1638 singulisin
558 1549 679 1619 ordine
695 1571 770 1630 suo,
792 1548 1012 1638 congregatio
1028 1549 1145 1617 beatae
1165 1549 1291 1618 Mariae

41 1651 157 1720 semper
178 1635 331 1724 virginis,
350 1637 462 1726 ipsius
486 1637 567 1708 olim
594 1637 718 1707 studiis
734 1637 919 1717 elaborata,
943 1637 1040 1724 juxta
1057 1659 1156 1707 suam
1175 1638 1290 1726 dispo-

42 1719 177 1790 sitionem
192 1746 259 1794 una
277 1726 508 1796 nihilominus
525 1726 704 1797 tenebatur
722 1727 756 1794 in
777 1739 884 1817 parte.
910 1725 957 1795 td
983 1737 1100 1814 qua'm,
1128 1747 1291 1794 consum·

42 1822 117 1903 mato
130 1813 312 1884 incaeteris
326 1814 504 1884 charitatis
520 1838 603 1887 suae
619 1829 650 1884 et
665 1816 855 1886 devotionis
872 1833 985 1974 ogere,
1002 1815 1155 1894 veniens,
1170 1815 1293 1884 intimo

44 1893 210 1972 dilectionis
240 1903 342 1972 oculo
369 1903 503 1974 defixus
536 1905 570 1972 iu
603 1904 719 1985 illam,
752 1904 892 1974 recorda
919 1917 996 1973 atur
1028 1915 1061 1972 ct
1083 1904 1230 1972 aliarum
1257 1905 1315 1980 iu¹

47 1983 156 2080 christo
176 2012 234 2078 per
255 2013 293 2061 se
316 1993 615 2083 congregatarum.
632 1993 772 2063 Interim
791 2008 824 2063 et
843 1993 935 2083 prior
958 1992 1002 2061 ad
1017 1992 1173 2062 animum
1194 1991 1294 2060 rediit

51 2072 214 2168 tubrmitas.
240 2082 328 2150 Hinc
345 2081 473 2152 lactum
495 2096 556 2162 est,
575 2097 612 2152 ut
639 2105 778 2152 suorum
800 2081 1008 2169 quandoque
1041 2079 1206 2150 desolatio
1235 2101 1293 2148 cor

53 2179 114 2244 etus
129 2166 266 2252 pulsans,
293 2183 388 2239 tauta
407 2171 520 2240 subito
547 2172 763 2241 miseratione
783 2191 861 2240 eum
879 2169 1111 2250 commoverit,
1128 2169 1293 2238 utdolore

55 2266 214 2342 correptus,
237 2259 270 2326 iu
298 2271 423 2328 terram
446 2273 570 2340 rueret,
589 2258 732 2348 jamque
749 2257 991 2338 moribundus,
1010 2271 1041 2330 ct
1067 2258 1161 2327 omni
1189 2277 1294 2324 niern-

52 2335 174 2410 brorum
189 2345 291 2417 officio
308 2348 506 2428 destitutus,
525 2351 732 2438 gestantium
755 2348 917 2418 manibus
938 2347 979 2416 ad
999 2346 1123 2416 lectum
1143 2358 1294 2436 reporta-

49 2439 140 2523 retur.
157 2435 190 2500 ln
203 2437 318 2508 eadem
335 2437 536 2506 infirmitate
554 2437 667 2507 triduo
679 2439 812 2527 jacens,
828 2437 1030 2528 respiciente
1043 2435 1186 2504 Domino
1202 2435 1292 2523 piam

45 2535 112 2602 epus
128 2519 399 2607 sollicitudiuem,
417 2545 485 2612 qua
510 2525 651 2596 timebat
676 2548 718 2596 ne
734 2549 815 2618 grex
840 2547 925 2596 suus
941 2526 1029 2594 sacri
1054 2523 1147 2593 verbi
1169 2523 1295 2611 pabulo

43 2625 96 2690 per
114 2625 221 2681 sancta
238 2614 409 2684 solemnia
425 2628 565 2696 careret,
585 2615 619 2684 in
636 2617 723 2704 ipsis
748 2615 945 2697 dominicae
968 2613 1230 2684 resurrectionis
1247 2614 1295 2681 xi-

38 2693 119 2781 giliis
141 2703 343 2772 mirabiliter
367 2715 508 2772 sanatus
528 2715 589 2772 est.
613 2708 695 2773 Cum
714 2707 806 2772 enim
833 2701 1052 2772 matutinalia
1076 2703 1176 2805 signa
1203 2703 1296 2774 inso-

40 2786 189 2870 nuissent,
211 2803 350 2881 repente
369 2794 469 2879 quasi
495 2791 611 2860 divino
636 2803 765 2861 tractus
791 2792 968 2871 instinctu,
992 2790 1140 2880 prosiliit
1161 2811 1179 2858 e
1197 2789 1294 2868 lecto,

38 2884 66 2938 et
86 2895 103 2940 a
124 2877 329 2949 reclamante
352 2901 457 2970 puero
482 2881 707 2961 cubiculario
737 2882 795 2968 qui
821 2902 899 2950 eum
926 2879 1054 2950 doloris
1075 2880 1210 2950 insania
1241 2903 1305 2975 ευ-Ι

37 2963 263 3048 spirabatura
291 2971 381 3049 itari,
408 2969 639 3038 calceamenta
670 2991 749 3040 cum
770 2970 980 3038 vestimentis
1002 2969 1055 3036 vix
1079 2979 1295 3056 extorquens,

36 3049 71 3115 ad
88 2992 393 3128 ecclesiamqaetus
411 3059 587 3148 processit.
606 3063 707 3127 Porro
725 3058 859 3128 cunctis
885 3055 918 3124 in
938 3057 1202 3127 admirationem
1222 3080 1297 3126 ver·

35 3141 85 3216 sis,
105 3143 176 3231 ipse
194 3167 273 3214 curn
299 3147 377 3217 aliis
397 3160 551 3228 centana,
575 3159 607 3216 et
627 3145 800 3237 psalmum
833 3145 952 3217 dicens
971 3145 1015 3225 ei,
1051 3147 1111 3230 qui
1145 3145 1301 3214 ascendit

36 3250 130 3319 super
145 3255 317 3316 occasum,
345 3236 512 3305 Dominus
529 3257 652 3305 nomeu
680 3235 751 3304 illi:
778 3235 820 3304 ad
848 3235 964 3304 tertiae
983 3255 1120 3321 quoquc
1143 3233 1299 3303 lectionis

35 3322 303 3392 enunciationem
329 3326 485 3406 accessit,
512 3325 611 3394 solito
635 3324 829 3412 jucundius
853 3336 885 3393 et
914 3322 1061 3392 hilarius
1089 3343 1163 3390 cam
1192 3321 1300 3411 perle-

37 3429 126 3492 gens.
149 3414 192 3480 Ex
209 3411 274 3482 hoc
293 3426 409 3501 pastor
428 3413 542 3483 bonus
565 3414 694 3494 ovium,
722 3412 901 3504 pulcriset
917 3411 1069 3502 paschali
1086 3409 1196 3480 cultui
1221 3431 1300 3480 con·

35 3495 145 3584 dignis
163 3499 322 3572 alludens
343 3500 515 3591 tripudiis,
538 3501 697 3592 generale
721 3501 887 3604 gaudium
907 3501 980 3570 suis
996 3498 1117 3568 extulit
1131 3513 1162 3601 et
1178 3519 1301 3568 cumu-

1 3603 3 3673 j
37 3582 110 3653 lavit
156 3589 280 3672 audiis,
308 3601 412 3663 totam
440 3590 665 3660 solemnitatis
690 3590 784 3663 illius
808 3589 1007 3659 instantiam
1038 3601 1106 3657 tam
1130 3587 1298 3674 Jucunde,

2 3688 3 3692 ’
39 3683 98 3741 tam
124 3609 419 3766 desolatamque
451 3679 602 3750 studiose
633 3701 812 3770 peragens,
842 3691 880 3747 ut
909 3677 995 3747 nulli
1028 3676 1174 3746 dubium
1200 3691 1300 3758 esset,

38 3762 114 3918 {ulio
132 3765 173 3862 ad
198 3767 279 3836 haec
296 3767 504 3869 peragenda,
526 3768 672 3840 dextera*
687 3768 809 3838 Christi
836 3766 1045 3856 resurgentis
1071 3787 1149 3834 eum
1176 3766 1303 3836 alecto
1379 3829 1383 3840 .

59 3872 77 3916 o
90 3871 162 3922 oris
182 3869 335 3926 erexerit.

76 3943 94 4026 ἕ
119 3946 202 4014 2⁰.
226 3950 404 4016 Praeterea
427 3946 526 4033 cujus
550 3946 661 4016 lamae
679 3946 729 4014 vel
762 3948 915 4014 nominis
939 3944 991 4012 vir
1015 3915 1187 4014 tantarum
1218 3945 1307 4014 inter

43 4049 116 4096 suos
132 4030 305 4116 virutum,
328 4033 422 4126 apud
438 4047 567 4105 exteras
592 4055 729 4126 quoque
751 4034 986 4121 barbarasque
1011 4033 1166 4102 nationes
1190 4033 1304 4118 luerit,

42 4115 119 4187 hinc
139 4122 304 4193 aestimari
314 4133 445 4282 (potest,
466 4123 558 4210 quod
575 4121 761 4213 Anglorum
781 4127 1025 4208 bacarumque
1049 4121 1200 4210 Regibus
1221 4123 1306 4191 ami·

48 4205 119 4274 uitia
139 4206 288 4298 iunctus,
340 4212 418 4282 onis
441 4225 474 4281 et
490 4213 726 4303 legationibus.
744 4233 863 4282 eorum
882 4212 1000 4280 crebro
1021 4211 1209 4281 honoratus
1231 4224 1305 4281 est:

48 4293 131 4376 cuod
158 4299 333 4371 henricum
360 4306 605 4391 Imperatorem
632 4302 667 4370 in
685 4301 897 4370 Pannoniam
920 4309 1133 4388 persecutus,
1160 4320 1238 4368 cum
1258 4321 1310 4368 rc·

50 4402 112 4464 guo
138 4388 306 4478 patriaque
326 4391 481 4481 pulsum,
507 4403 539 4466 et
562 4390 603 4460 ad
635 4411 670 4460 se
698 4389 881 4480 profugum
908 4393 1150 4477 hungarorum
1180 4391 1307 4474 Regem

123 4507 234 4567 surim
245 4539 258 4556 ·
277 4509 361 4572 Valde
377 4507 430 4573 SS,
446 4507 534 4574 -vol
548 4505 611 4572 Xll.
1211 4503 1229 4562 7
