2954 4816
28 289 98 354 net.
125 289 165 354 25
416 308 455 353 nn
479 307 507 353 s.
534 305 709 354 nnnsrtsnt
733 306 877 352 uanrrsn
1169 290 1233 355 l25

23 391 124 460 lesum
148 390 334 474 Christum,
356 412 507 480 eumque
523 389 741 460 crucilixum.
762 412 866 456 »—«
880 393 962 471 Hoc,
981 390 1105 477 inquit,
1126 411 1180 460 me
1195 414 1278 462 eon-

26 479 135 560 turbat,
160 479 252 568 quod
272 479 377 552 luerit
399 479 599 551 crucifixus.
626 477 804 561 Quomodo
828 478 984 549 Christus
1009 491 1100 558 tuus,
1127 480 1189 567 qui
1212 491 1274 560 est,

24 581 54 637 ut
70 569 164 650 dicis,
191 574 291 650 Deus,
310 590 448 640 crucem
466 568 585 650 subiit,
604 579 636 637 et
656 579 829 657 praeterea
842 566 907 636 luit
928 578 1078 658 punctus
1096 567 1132 639 in
1150 566 1277 638 lateret

22 657 100 744 quod
114 657 252 745 quidem
271 664 403 740 lovem,
422 657 482 746 qui
498 669 549 727 est
567 661 713 726 Deorum
730 666 924 726 nostrorum
943 656 1114 726 maximus
1134 668 1167 726 et
1182 677 1276 726 surn-

22 767 101 826 mus,
121 767 259 836 passum
277 768 432 818 essenon
447 759 541 833 potes
556 744 680 814 dicere.
697 743 875 827 Quomodo
890 765 972 834 ergo
986 765 1054 814 non
1070 766 1149 816 eum
1163 747 1277 835 potius

18 833 148 916 adoras,
172 835 309 926 repulso
333 834 553 905 crucifixol»
579 839 705 924 Martyr
724 845 861 904 autem:
888 834 1114 917 «Quoniam,
1142 833 1274 921 inquit,

16 945 94 992 crux
108 935 137 993 et
161 945 254 994 mors
277 934 328 994 est
350 924 483 994 Christo
506 923 675 1014 gloriatio,
701 935 734 991 et
757 922 920 994 omnibus
944 922 1168 992 Christianis:
1196 944 1275 991 eum

18 1010 73 1080 ille
93 1012 227 1099 quidem
248 1013 537 1082 immortalitatem
561 1022 594 1081 et
616 1010 761 1102 gloriam
784 1032 844 1100 per
867 1011 951 1080 baec
975 1010 1117 1092 dederit,
1137 1009 1172 1078 hi
1199 1033 1277 1080 vero

16 1102 209 1189 acceperint.
237 1102 297 1170 lui
324 1123 400 1170 vero
416 1101 511 1170 lovis
534 1121 648 1190 opera.
677 1099 739 1170 Sed
764 1121 828 1189 ego
854 1099 939 1168 nibil
965 1099 1007 1169 de
1030 1100 1094 1171 bis.
1122 1105 1171 1168 Tu
1191 1121 1276 1189 ergo

18 1209 181 1258 summum
200 1190 340 1277 quidem
358 1189 455 1259 illum
474 1201 572 1259 tuum
593 1189 718 1270 lovem,
739 1189 767 1260 si
787 1189 849 1270 vis,
868 1189 957 1259 sieut
978 1210 1092 1260 revera
1118 1189 1180 1269 vis,
1200 1188 1276 1257 imi·

19 1289 104 1344 tare:
127 1300 177 1346 me
201 1290 315 1348 autern
334 1279 408 1348 siue
430 1299 543 1348 meum
567 1281 673 1347 Deum
691 1278 866 1347 imitari.»

61 1368 77 1452 ξ
96 1370 172 1437 16.
199 1368 260 1436 llis
285 1366 397 1448 dictis,
417 1367 467 1436 ira
488 1364 585 1436 valde
601 1366 665 1437 luit
679 1387 846 1436 accensus
866 1370 1017 1446 Praeses,
1037 1378 1069 1435 et
1082 1365 1182 1453 jubet
1198 1385 1274 1434 eam

17 1457 50 1520 in
73 1475 201 1524 carcere
224 1454 363 1542 quidem
380 1455 513 1526 includi
528 1455 794 1526 obscurissimo:
817 1455 934 1525 omnia
952 1475 1029 1524 vero
1046 1455 1277 1524 instrumenta

13 1553 250 1613 tormentorum
275 1543 399 1614 deduci
423 1545 459 1613 in
483 1545 558 1634 ejus
582 1555 816 1633 conspectum,
839 1554 876 1611 ut
901 1541 950 1612 vel
971 1565 1051 1612 cum
1077 1543 1230 1620 vidisset,
1245 1542 1276 1610 ei

17 1645 103 1701 metu
120 1631 350 1722 persuaderet,
367 1645 406 1703 ut
421 1632 552 1720 aliquid
577 1633 699 1703 desua
724 1632 908 1702 remitteret
932 1632 1141 1700 constantia:
1168 1645 1228 1700 aut
1247 1631 1277 1698 si

18 1721 165 1790 retineret
189 1743 288 1791 suam
317 1722 426 1791 animi
453 1720 742 1812 magnitudinem,
769 1721 902 1789 varium
932 1731 963 1789 et
989 1717 1215 1808 multiplicem
1243 1721 1274 1786 ei

19 1809 141 1880 allerret
154 1809 320 1891 dolorem,
339 1809 572 1882 recordatione
585 1831 703 1879 eorum
723 1831 809 1897 quae
824 1808 980 1879 molestia
992 1807 1159 1877 alliciunt.
1172 1813 1276 1877 Porro

19 1908 120 1966 autem
132 1899 232 1988 jubet
247 1900 349 1968 etiam
365 1899 528 1990 exiguum
553 1900 585 1968 ei
608 1899 684 1968 dari
710 1899 973 1978 nutrimentum,
995 1896 1100 1983 idque
1112 1909 1195 2053 (gost
1219 1917 1276 1965 oe-

19 1988 125 2058 casum'
150 1987 245 2057 solis.
267 1993 393 2078 llartyr
410 2009 487 2059 vero
501 2009 581 2058 curn
596 1999 629 2056 et
645 1986 694 2056 sic
713 1986 891 2066 babitaret,
918 1997 950 2055 et
974 1983 1058 2054 baec
1080 1985 1110 2054 vi
1136 1997 1218 2064 eret,
1244 1997 1277 2053 et

20 2074 270 2146 nolletomnino
292 2098 366 2148 esse
381 2077 449 2146 cibi
467 2078 648 2166 particeps,
673 2097 734 2165 pro
753 2073 916 2145 omnibus
940 2073 1034 2160 apud
1059 2095 1095 2142 se
1120 2072 1277 2143 versabat

20 2185 111 2234 suum
135 2165 360 2235 inebriatum
385 2165 607 2234 desiderium.
631 2163 669 2233 ld
694 2176 809 2233 autem
834 2173 907 2232 erat
930 2162 980 2232 illi
1005 2174 1037 2232 et
1057 2161 1156 2232 cibus
1181 2160 1277 2230 sulli-

20 2253 117 2332 ciens,
132 2265 164 2323 et
182 2253 344 2324 solatium
371 2254 601 2324 obscuritatis.
633 2253 670 2321 Ei
698 2273 775 2322 vero
804 2251 984 2322 videbatur
1007 2251 1109 2322 etiam
1127 2249 1276 2338 singulis

24 2341 166 2412 noctibus
189 2342 283 2414 socia
306 2342 502 2412 certaminis
530 2341 761 2422 Theodoram
787 2361 846 2409 cor
870 2340 945 2430 ejus
972 2339 1108 2430 replens
1135 2337 1274 2418 laetitia,

23 2427 163 2518 viresque
173 2443 208 2500 et
224 2432 379 2501 animum
396 2431 527 2501 addens
544 2430 586 2500 ad
603 2429 802 2500 certamina.
821 2433 929 2512 Quam
948 2429 1049 2498 etiam
1075 2449 1176 2517 saepe
1194 2449 1273 2496 ven·

20 2517 171 2599 titantem,
185 2541 275 2607 quae
289 2519 422 2590 nullum
440 2519 517 2592 sivit
534 2521 662 2590 bonurn
678 2539 744 2588 non
759 2518 991 2588 examinatum
1006 2517 1194 2590 Anastasia.
1211 2516 1274 2585 hoc

19 2627 142 2695 quoque
161 2609 392 2698 interrogavit,
412 2629 563 2696 quonam
585 2606 685 2677 modo
709 2605 750 2675 ad
769 2627 843 2676 eam
870 2607 998 2675 veniret
1017 2616 1091 2695 post
1116 2616 1270 2674 mortem.

21 2693 72 2764 llla
86 2709 198 2766 autem
208 2695 305 2778 dixit,
317 2696 526 2786 hocquoque
538 2695 657 2766 datum
670 2716 776 2766 essea
791 2699 856 2764 Deo
869 2695 1054 2764 animabus
1069 2705 1274 2783 martyrum,

17 2797 56 2864 ut,
74 2797 251 2875 postquam
269 2785 351 2854 binc
374 2785 591 2860 excesserint.
612 2785 750 2853 veniant
766 2783 809 2853 ad
833 2804 921 2871 quos
939 2782 1052 2863 velint,
1070 2793 1198 2852 etcum
1226 2781 1277 2849 eis

18 2893 182 2944 sermones
196 2873 382 2956 conserant,
401 2887 433 2944 et
447 2897 505 2945 eos
523 2872 756 2943 consolentur.

53 2963 69 3048 ᾗ
90 2965 164 3034 tn.
190 2966 273 3032 Cum
291 2963 437 3032 venisset
452 2983 529 3033 vero
549 2962 624 3030 dies
640 2962 845 3041 tricesimus,
865 2959 1065 3030 existimans
1082 2958 1276 3029 Praefectus

19 3046 96 3119 lame
118 3061 153 3120 et
175 3049 244 3121 alia
267 3051 449 3122 afflictione
479 3050 669 3122 conlectam
700 3071 774 3120 esse
803 3061 999 3139 martyrem,
1027 3061 1059 3116 et
1078 3046 1212 3146 aliquid·
1235 3045 1277 3115 de

19 3157 71 3206 sua
94 3139 268 3210 remisisse
287 3141 490 3223 constantia,
509 3139 570 3211 ubi
586 3159 661 3208 earn
681 3139 891 3217 accersisset,
912 3147 944 3205 et
967 3135 1167 3206 alacriorem
1191 3135 1277 3204 libe-

19 3225 146 3314 riusque
169 3249 273 3316 quam
300 3229 396 3319 prius
414 3230 607 3318 loquentem
623 3226 773 3306 vidisset,
795 3226 903 3296 iratus
920 3223 985 3293 luit
1001 3225 1215 3304 custodibus,
1240 3235 1277 3292 ut

20 3315 67 3398 qui
82 3316 111 3384 ei
128 3315 306 3388 dedissent
321 3318 452 3406 aliquid
470 3339 538 3406 quo
563 3338 599 3386 se
619 3315 783 3386 reliceret.
810 3313 954 3384 lllorum
981 3313 1094 3399 itaque
1118 3311 1276 3402 benigni-

21 3409 106 3473 tatem
132 3427 302 3477 accusans
327 3417 502 3494 tamquam
529 3406 679 3484 crimen,
707 3425 765 3474 eos
790 3413 938 3473 removet
960 3401 1171 3482 acustodia;
1198 3422 1273 3469 eam

21 3509 84 3561 tero
106 3494 290 3564 committit
306 3493 395 3575 aliie,
417 3515 503 3582 quos
527 3493 656 3564 sciebat
675 3492 833 3564 lubenter
848 3492 964 3560 omnia
983 3488 1132 3560 lecturos
1144 3511 1184 3558 ex
1200 3487 1277 3575 ejus

21 3581 112 3674 animi
134 3583 317 3654 sententia.
345 3587 430 3652 Cum
462 3603 519 3652 eos
546 3603 627 3673 ergo
653 3582 682 3650 ei
709 3578 947 3671 praefecisset,
973 3590 1006 3648 et
1029 3577 1108 3649 aliis
1137 3577 1277 3666 triginta

23 3663 127 3740 diebus
152 3692 226 3742 eam
245 3671 419 3742 custodire
434 3669 606 3759 jussisset,
626 3682 658 3740 et
677 3669 867 3759 signaculis
883 3667 1076 3738 custodiam
1097 3665 1277 3755 obsignas-

24 3767 72 3836 set,
95 3760 189 3832 abiit.
212 3759 276 3830 llla
293 3772 420 3842 autem,
438 3759 501 3829 etsi
519 3779 636 3828 secum
657 3759 702 3828 ita
725 3770 895 3849 ageretur,
915 3778 983 3827 non
999 3755 1144 3826 cessavit
1163 3767 1275 3823 tamen

25 3839 168 3918 lacereea
181 3870 271 3937 quae
283 3858 521 3918 consueverat:
541 3846 598 3919 sed
618 3847 653 3916 in
671 3846 861 3917 vehementi
881 3846 1045 3926 oratione,
1062 3855 1094 3914 et
1110 3854 1278 3913 nocturna

26 3933 161 4019 statione,
176 3949 210 4007 et
228 3937 369 4008 assidua
383 3936 579 4007 extensione
600 3957 768 4006 manuum
788 3935 1035 4023 perseverabat.
1056 3931 1182 4002 Deinde
1194 3952 1274 4030 cum

29 4019 198 4118 Praelectus
218 4025 315 4096 illinc
338 4047 412 4096 eam
437 4024 621 4108 eduxisset,
641 4023 846 4094 condemnat
858 4045 937 4092 curn
957 4022 1076 4092 multis
1095 4018 1171 4090 aliis
1197 4039 1274 4120 reis,

29 4119 56 4172 tt
69 4130 98 4205 Ιιιι
112 4113 322 4201 pmlundum
341 4114 445 4184 maris
463 4115 698 4204 projiceretur.
716 4117 794 4182 Erat
806 4125 918 4182 autem
936 4131 1100 4181 unacum
1117 4109 1274 4178 iisetram

32 4198 148 4292 qnidam
169 4204 222 4273 vir
239 4203 329 4292 pius,
357 4204 496 4274 nomine
513 4203 766 4292 Eutychianus:
789 4200 849 4288 qui
877 4201 950 4357 iffae
976 4219 1114 4290 quoque
1143 4207 1279 4288 propter

35 4279 112 4355 tidem
129 4291 162 4360 in
180 4291 365 4374 Christum,
382 4291 533 4362 nudatus
552 4289 786 4371 facultatibus,
812 4311 875 4359 con
902 4302 1062 4360 emnatus
1082 4287 1158 4369 luit,
1174 4297 1212 4355 ut
1225 4285 1278 4376 ja·

37 4385 142 4447 teretur
165 4379 199 4449 in
228 4400 333 4448 mare.
