2972 4826
44 269 131 336 llll
302 291 348 336 on
372 291 401 336 s.
427 290 580 338 aasaosro
605 293 656 338 na.
685 291 810 340 aaaron.
837 290 876 338 nu
900 289 989 340 noer.
1176 276 1241 341 ata

41 372 227 464 intauplurn
260 374 325 444 ille
350 377 508 463 quidem;
542 376 601 446 sed
635 376 678 446 ad
713 377 940 466 Episcopum,
974 376 1033 464 qui
1060 376 1094 446 in
1126 377 1284 448 aedicula

41 462 200 534 salutatoria
219 464 386 546 sedebat,
407 465 584 544 accedens,
603 466 760 536 obsecrat
784 477 821 534 ut
846 465 982 534 vincula
1009 465 1077 536 sibi
1105 465 1224 537 solvat.
1247 472 1286 537 tt

42 552 199 624 lubrosius
213 554 295 642 ejus
313 553 500 624 adventum
525 553 612 624 dixit
634 575 709 624 esse
735 555 969 644 tyrannicum,
992 575 1141 642 eumque
1166 555 1283 645 ipsum

46 657 125 712 rantra
146 647 252 712 Deum
279 643 451 724 insanire,
479 656 511 712 et
530 643 627 714 illius
648 643 739 732 leges
763 656 945 732 proterere.
965 649 1050 714 Tum
1071 649 1281 734 Imperator:

54 735 128 800 itm
154 732 330 802 obstinato
355 734 484 811 animo,
512 731 635 819 inquit,
671 731 763 820 leges
787 733 938 804 sancitas
963 734 1144 823 impugno,
1174 755 1284 821 neque

52 840 115 887 sacra
129 819 292 890 vestibula
318 842 383 909 per
404 820 498 890 nasas
522 820 665 890 introire
687 820 803 910 cupio,
829 822 886 892 sed
908 843 979 903 oro,
1001 835 1038 890 ut
1063 822 1148 890 mibi
1172 822 1285 892 solvas

51 909 159 988 vincula,
175 922 207 978 et
230 931 409 998 proponas
436 909 496 979 tibi
523 922 603 978 ante
628 908 746 980 oculos
763 909 981 980 clementiam
1007 910 1121 992 illius,
1149 912 1209 997 qui
1234 923 1286 983 est

45 999 174 1067 mutnus
187 999 413 1079 omnium-et
426 1020 468 1068 ne
482 998 566 1068 mibi
579 998 744 1068 occludas
752 997 910 1086 januam,
927 1020 1030 1086 quarn
1046 998 1105 1070 ille
1121 1001 1284 1072 omnibus

40 1107 104 1170 quos
124 1099 337 1175 peccatorum
362 1109 504 1158 suorum
525 1087 704 1176 poeniteat,
733 1087 902 1176 patefecit.
931 1111 949 1154 a
977 1090 1035 1158 Cui
1057 1090 1281 1159 Ambrosius:

37 1179 156 1255 «Quam
175 1188 222 1256 tu,
241 1175 367 1262 inquit,
388 1177 629 1265 poenitentiam
657 1189 732 1265 post
747 1190 815 1246 tam
836 1199 940 1268 grave
956 1178 1070 1248 scelus
1087 1177 1282 1248 admissum

33 1264 185 1334 ostendis?
199 1269 295 1346 Quae
313 1265 563 1335 medicamenta
583 1265 625 1334 ad
652 1266 880 1336 vulneratam
907 1265 1061 1335 difficilia
1086 1280 1212 1337 curata
1229 1289 1284 1335 sa·-

32 1351 126 1422 nanda
144 1353 365 1422 adhibuisti?
390 1377 469 1421 a·-
493 1375 511 1420 i<
536 1359 646 1424 Tuum
671 1367 733 1436 est,
762 1355 874 1442 inquit
896 1360 1098 1443 Imperator,
1132 1355 1284 1425 medica·

30 1455 122 1510 merita
145 1441 338 1522 ostendere,
360 1465 468 1530 eaque
488 1455 689 1530 temperare,
711 1454 744 1514 et
766 1443 922 1524 vulnera,
942 1465 1031 1530 quae
1059 1445 1196 1534 aegrius
1223 1467 1284 1515 cu·

26 1545 139 1610 rantur,
163 1530 338 1621 obligare3
371 1553 486 1600 mcum
511 1545 638 1612 autem,
657 1553 745 1619 quae
775 1548 857 1603 sunt
880 1532 1047 1613 adhibita,
1066 1533 1234 1623 accipere.
1263 1557 1280 1600 »

25 1621 93 1686 lum
113 1633 257 1689 sanctus
275 1620 493 1690 Ambrosius:
511 1645 523 1684 r
544 1621 726 1702 Quoniam,
740 1621 865 1708 inquit,
880 1621 1079 1692 iracundiae
1097 1623 1284 1711 permisisti

19 1705 193 1790 judicium,
215 1721 249 1776 et
272 1731 338 1779 non
365 1720 477 1778 rectae
504 1709 639 1790 rationi,
656 1709 715 1778 sed
740 1711 857 1780 animo
886 1711 972 1780 irato
995 1709 1180 1780 obsecutus
1204 1733 1283 1780 sen-

24 1798 147 1866 tentiam
186 1797 434 1886 pronunciasti,
461 1797 639 1868 conscribe
665 1797 787 1889 legem.
810 1821 878 1886 qua
907 1799 1070 1888 deinceps
1094 1801 1283 1869 sententiae

23 1905 71 1972 par
85 1885 303 1956 iracundiam
327 1888 573 1975 pronunciatae
598 1887 714 1957 irritae
733 1889 803 1957 sint
819 1901 851 1957 et
869 1888 1001 1958 nullius
1018 1890 1202 1958 momenti:
1223 1911 1281 1958 co·

21 1975 250 2061 gnitionesque
267 1997 454 2046 causarum
475 1975 516 2044 de
535 1975 652 2056 caede,
670 1990 703 2046 et
719 1976 953 2066 publicatione
971 1977 1140 2046 bonorum
1162 1977 1202 2044 ad
1224 1978 1283 2044 tri-

22 2063 102 2150 ginta
124 2065 203 2132 dies
233 2065 372 2152 scriptis
403 2063 557 2152 proditae
585 2077 768 2146 maneant,
791 2067 841 2135 uti
863 2078 953 2135 recta
986 2065 1116 2134 ratione
1140 2063 1182 2132 de
1214 2062 1284 2134 illis

18 2151 177 2236 judicium
205 2151 278 2221 des.
301 2157 407 2240 litque
431 2151 553 2220 diebus
578 2151 648 2221 illis
671 2153 846 2235 conlectis,
872 2155 932 2241 qui
957 2152 1092 2222 decreta
1118 2151 1175 2220 illa
1198 2153 1284 2221 scri-

22 2242 149 2324 pserint,
169 2241 333 2311 mandata
360 2255 419 2310 tua
445 2240 504 2310 tibi
529 2241 724 2312 ostendant.
743 2247 787 2312 lc
810 2265 889 2312 cum
918 2241 1058 2334 quidem
1084 2262 1283 2330 compressa

24 2325 200 2410 iracundia,
224 2331 357 2400 ratione
381 2329 452 2399 sola
473 2351 616 2399 causam
633 2332 842 2420 expendens,
861 2329 1015 2417 inquires
1034 2331 1068 2399 in
1089 2330 1236 2408 decreta,
1251 2343 1284 2399 et

27 2415 67 2483 ita
81 2419 261 2508 perspicies
279 2419 399 2506 iniqua
416 2440 458 2487 ne
476 2419 555 2500 sint,
571 2439 615 2489 an
636 2441 758 2507 aequa.
774 2418 870 2502 Quod
895 2422 923 2488 si
945 2420 1064 2506 iniqua
1092 2419 1283 2509 depreben-

25 2502 115 2584 deris‚
135 2521 266 2578 certum
292 2521 344 2578 est
366 2530 406 2578 ea
430 2507 566 2578 decreta
589 2509 729 2598 scriptis
755 2508 916 2578 mandata
942 2521 972 2578 te
988 2508 1280 2579 dilaceraturum:

20 2593 67 2660 sin
86 2617 207 2684 aequa,
234 2598 536 2679 confirmaturum,
565 2597 684 2684 sicque
708 2597 889 2667 manifesto
913 2597 1187 2674 intellecturum,
1219 2618 1283 2665 nu-

19 2703 99 2752 mero
123 2687 263 2756 dierum
281 2687 553 2774 interjectorum,
573 2685 659 2756 nihil
684 2686 726 2755 de
741 2687 941 2757 auctoritate
961 2687 1174 2756 decretorum
1196 2699 1283 2756 recte

15 2776 223 2844 sancitorum
248 2776 391 2844 omnino
414 2774 606 2846 detractum
633 2796 720 2845 esse.
747 2799 765 2842 »
1341 2841 1344 2848 .

49 2863 66 2946 ξ
88 2869 136 2934 0.
155 2862 256 2932 Istud
274 2864 460 2934 eonsilium
479 2868 680 2953 Imperator,
696 2863 859 2951 quoniam
879 2863 1191 2954 prudentissimum
1208 2885 1284 2933 esse

12 2953 195 3033 censebat,
216 2951 360 3021 libenter
384 2949 623 3041 amplexatus,
643 2952 742 3040 jubet
765 2952 934 3042 externplo
960 2953 1068 3043 legem
1094 2953 1280 3034 conscribi,

13 3057 138 3125 suaque
170 3041 425 3130 subscriptione
449 3039 642 3110 confirmat.
666 3045 737 3123 Qua
764 3061 798 3110 re
823 3041 993 3122 conlecta,
1021 3046 1053 3110 S.
1080 3043 1282 3112 ambrosius

10 3125 75 3212 rjus
92 3127 237 3198 vincula
255 3128 366 3199 solvit.
385 3134 505 3217 ltaque
518 3133 710 3218 Imperator
730 3129 954 3200 fidelissimus
972 3131 1005 3198 in
1025 3141 1183 3199 sanctum
1201 3143 1284 3198 tem·

12 3213 98 3298 plum
126 3219 321 3307 ingressus,
343 3239 409 3288 non
431 3233 525 3288 stans
547 3219 729 3288 Dominum
751 3229 911 3307 precatus
927 3232 989 3299 est,
1010 3238 1121 3304 neque
1136 3218 1284 3309 genibus

13 3301 120 3375 lexis:
149 3304 211 3375 sed
239 3327 368 3396 pronus
385 3307 482 3376 humi
504 3306 670 3396 abjectus,
684 3328 821 3376 versum
840 3305 937 3376 illum
960 3306 1095 3376 Doridis
1111 3306 1281 3376 recitavit:

14 3393 169 3464 ldlroesit
200 3399 389 3483 pavimento
417 3397 533 3466 animo
557 3418 655 3476 mco,
681 3397 818 3486 vivifico
855 3417 908 3464 me
933 3397 1115 3465 secandum
1146 3395 1284 3463 verdum

14 3489 100 3550 tunm
116 3485 191 3573 (Pa.
210 3483 307 3573 tt8);
325 3497 427 3571 atque
443 3483 610 3575 capillum
632 3485 796 3554 manibus
812 3483 979 3565 lacerans,
1003 3483 1146 3554 frontem
1168 3483 1281 3564 ferire,

16 3565 244 3659 lacrymarum
264 3574 370 3663 guttis
394 3572 506 3644 solum
528 3573 555 3641 ri
581 3594 651 3654 are,
680 3573 885 3661 veniamque
909 3573 1055 3663 supplex
1073 3586 1185 3662 petere
1205 3593 1283 3641 coe-

20 3657 68 3740 pit.
85 3661 151 3730 Ubi
175 3675 290 3731 autem
315 3675 449 3752 tempus
466 3595 661 3751 postulavit,
677 3673 714 3731 ut
734 3661 825 3732 dona
845 3684 962 3733 sacrae
980 3683 1118 3731 mensae
1134 3661 1281 3741 offerret,

21 3749 128 3838 surgit,
151 3762 257 3837 atqua
280 3771 350 3820 non
375 3751 543 3820 minorem
569 3749 802 3840 lacrymarum
821 3751 902 3831 vim,
921 3771 1026 3837 quam
1042 3763 1154 3830 antea,
1173 3749 1285 3819 effun-

24 3835 101 3918 dens,
125 3840 161 3908 in
193 3839 429 3909 sanctuarium
456 3837 634 3929 ingressus
649 3853 712 3908 est.
733 3845 817 3908 Cum
836 3859 913 3908 vero
939 3838 1110 3918 donanti
1138 3837 1281 3919 solebat,

27 3921 198 4010 obtulisset,
226 3929 321 3998 intus
347 3947 453 4028 prope
477 3925 649 3997 cancellos
674 3928 813 3999 mansit.
840 3933 879 3996 tlt
903 3949 1026 3997 rursus
1050 3949 1200 4015 magnus
1226 3927 1285 3996 ille

35 4013 206 4089 ltebrosius
231 4039 299 4088 non
325 4014 495 4086 conticuit
510 4015 662 4102 quidem,
690 4016 749 4086 sed
775 4015 929 4086 locorum
955 4015 1181 4086 differentiam
1203 4029 1283 4085 eum

35 4093 136 4192 lame
163 4129 204 4178 ac
228 4108 386 4199 primum
413 4104 622 4185 sciscitatur,
642 4126 750 4191 ecqua
769 4107 811 4174 be
833 4116 964 4194 egerem
989 4117 1117 4175 etcum
1144 4125 1284 4194 respon-

27 4185 105 4268 ltset
123 4203 329 4290 Imperator,
348 4216 385 4265 se
405 4206 605 4283 exspectare
619 4191 817 4263 divinorum
835 4194 1077 4282 mysteriorum
1097 4195 1285 4294 perceptio-

22 4303 91 4366 nen,
108 4288 318 4452 siqnilicavit
345 4283 400 4354 illi
426 4303 489 4373 per
506 4282 710 4372 primarium
737 4281 937 4362 diaconum,
964 4283 1024 4372 qui
1047 4283 1078 4350 ei
1109 4282 1284 4352 ministra-

23 4369 123 4457 botad
155 4403 214 4454 oca
240 4377 421 4452 interiora
439 4370 523 4439 solis
543 4368 782 4440 sacerdotibus
800 4369 931 4440 aditum
950 4384 1076 4460 patere,
1093 4369 1283 4462 eademque
