2954 4816
239 287 303 352 388
597 301 636 351 an
661 267 777 352 viennen
803 303 934 350 narnias
959 305 1070 351 nonme
1310 286 1383 350 bet..
1406 287 1435 348 dl

193 400 319 479 pentes,
342 393 443 481 quasi
465 413 529 459 noa
546 391 626 470 sint,
653 393 701 458 sic
720 401 796 460 sunt
813 413 925 460 coram
948 413 984 459 co
998 415 1008 458 .·
1034 392 1135 482 quasi
1148 390 1295 458 nihilum
1311 399 1339 458 et
1359 391 1436 456 inane

193 489 372 570 reputatae
394 489 470 548 sant
486 481 519 548 ei
530 479 613 568 (lso.
634 483 697 562 xe).
724 479 892 548 ieremias
910 480 943 546 in
963 500 1079 548 vocem
1097 477 1365 568 gratulabundae
1381 477 1438 544 len-

195 566 263 648 dis,
282 567 443 636 adverbio
463 567 719 637 demonstrante
746 589 997 657 prorumpens:
1026 573 1117 647 Ecce,
1137 567 1261 656 inquit,
1287 569 1378 656 saciet
1392 571 1439 633 lle·

194 658 306 725 minur
320 679 442 726 novam
452 679 553 746 saper
568 667 705 736 terram,
726 667 756 724 ct
769 657 893 725 mulier
908 657 1128 726 circumdabit
1142 657 1344 746 virum(.lcr.
1360 676 1438 738 1111„

197 744 260 813 Sed
280 759 392 814 tamen
413 744 608 834 repentinae
627 745 861 815 subversionis
878 744 1042 834 lacrymis
1060 745 1234 826 edocetur,
1253 757 1291 814 ut
1307 743 1391 833 prius
1407 741 1441 809 la·

197 846 351 901 mentum
370 835 574 922 suscipiens,
594 855 699 920 quam
715 833 913 914 adventum,
936 832 1072 922 penitus
1091 834 1310 903 conticescat.
1339 830 1440 901 Danieli

196 921 345 990 dicitur:
378 924 462 990 Visio
482 933 528 990 est
546 925 580 991 in
597 923 677 1002 dics,
696 933 727 992 et
744 925 779 991 in
796 934 945 1023 temporo
959 926 1060 1012 longo
1073 922 1174 1011 (Dan.
1193 923 1243 1010 x).
1266 927 1303 992 Et
1318 917 1440 990 Ezechiel

197 1011 301 1078 tantis
320 1009 530 1099 caliginibus
555 1011 751 1089 involvitur,
779 1026 816 1080 ut
838 1033 889 1080 vnr
906 1012 1062 1102 dignosci
1086 1013 1204 1098 possit,
1233 1011 1324 1080 unde
1341 1010 1438 1077 veniat.

195 1111 255 1166 aut
270 1119 339 1184 quo
364 1099 474 1168 vadat.
505 1101 654 1186 lienique
676 1101 792 1169 omnis
820 1099 878 1168 ille
901 1099 1114 1188 Prophetalis
1138 1115 1338 1180 conventus,
1363 1097 1441 1185 longa

197 1186 364 1255 tardantis
389 1189 517 1278 gratiae
542 1189 737 1258 morositate
758 1201 945 1277 pertaesus,
965 1211 1059 1258 nunc
1085 1189 1252 1280 rogando,
1277 1210 1364 1258 nune
1384 1207 1442 1282 con-

196 1274 384 1362 querendo,
412 1277 520 1346 variat
543 1278 744 1356 orationem,
770 1291 803 1346 et
824 1277 1027 1365 plerumque
1051 1279 1274 1348 sermonibus
1292 1275 1443 1347 exoranns

198 1363 449 1454 indignatorios
472 1367 693 1436 intermiscet.
721 1370 786 1435 Nos
813 1389 950 1453 qnoque
973 1368 1056 1437 satis
1081 1367 1235 1456 satisque
1258 1387 1315 1436 eos
1337 1363 1443 1434 audivi·

197 1473 286 1532 mus,
304 1464 337 1522 et
354 1455 453 1524 nobis
469 1455 503 1524 in
522 1454 698 1524 fastidium
716 1454 928 1545 releguntur.
949 1455 1023 1524 lam
1048 1453 1159 1544 lugiet
1178 1461 1333 1544 lloyses:
1358 1455 1443 1540 impe·

196 1540 330 1612 ditioris
355 1542 525 1629 siquidem
552 1543 691 1632 linguae
708 1543 819 1613 laetus
835 1557 886 1614 est
906 1545 1015 1614 nobis.
1044 1545 1153 1613 lsaiae
1170 1544 1264 1614 labia
1288 1538 1442 1612 immunda

86 1699 94 1716 ,
197 1641 289 1700 sunt.
314 1631 486 1700 Jeremias
507 1634 615 1702 nescit
639 1631 744 1718 loqui,
766 1631 848 1722 quia
889 1654 950 1700 uer
965 1645 1027 1701 est.
1054 1631 1207 1702 Ezechiel
1229 1632 1356 1722 polluto
1379 1647 1444 1728 pane

196 1720 355 1790 vescitur.
383 1724 486 1790 Oseas
514 1721 747 1802 fornicariam,
774 1734 848 1790 eta
878 1721 1021 1790 alteram
1047 1720 1143 1791 ducit
1168 1743 1326 1792 uxorem.
1353 1715 1440 1788 hartrel

198 1818 275 1896 post
290 1808 454 1878 visionem
474 1811 622 1898 graviter
641 1810 848 1880 infirmatur.
864 1813 991 1880 Omnes
1008 1809 1205 1900 Prophetae,
1222 1811 1292 1880 elin
1343 1815 1443 1878 essunt

197 1908 229 1965 et
255 1897 352 1967 muti.
379 1896 453 1966 lam
473 1897 590 1968 laetari
607 1910 640 1966 et
655 1898 807 1968 exultare
829 1920 896 1968 non
915 1920 1112 1988 possumus,
1136 1899 1199 1968 nisi
1220 1922 1305 1970 osca
1321 1913 1443 1968 eternos

197 1985 316 2056 osculo
340 1987 410 2055 oris
434 1987 500 2056 sui.
528 1987 653 2067 tuditi,
679 1999 711 2056 et
727 1986 878 2057 exauditi
894 1987 989 2056 estis.
1011 1987 1112 2058 Adest
1136 1987 1335 2080 benignitas
1352 2001 1380 2055 et
1400 1985 1442 2052 hu·

198 2075 346 2144 manitas
363 2074 546 2146 Salvatoris
568 2075 673 2146 nostri
690 2077 759 2156 Dei,
777 2097 864 2164 quae
883 2075 931 2145 vel
951 2076 1093 2157 dillerri,
1112 2076 1161 2146 vel
1179 2077 1311 2148 aulerci
1328 2096 1387 2146 non
1401 2093 1441 2161 pe·
1460 2155 1461 2158 Ἴ

196 2163 302 2232 tintur
325 2163 478 2252 amplius
495 2185 646 2234 amorem
666 2164 918 2254 languentium.
1460 2163 1461 2178 ²

239 2253 327 2338 58.
354 2251 441 2334 Quid
468 2253 559 2321 enim
585 2252 759 2323 audistis?
782 2255 1058 2342 Sanctificamt'nt',
1084 2255 1153 2344 filii
1170 2259 1293 2333 lsrael,
1320 2263 1350 2322 et
1370 2257 1442 2320 ertnlr

194 2343 336 2430 parati:
352 2343 435 2431 quia
448 2345 596 2411 crastino
613 2343 666 2410 dic
682 2343 855 2412 descendet
875 2345 1043 2412 Dominae.
1063 2342 1253 2412 Residuum
1271 2343 1338 2412 diei
1353 2339 1440 2425 hujus.

196 2443 229 2496 et
246 2441 515 2519 superventurae
540 2432 649 2500 noctis
673 2431 727 2500 vix
743 2431 926 2500 medianda
952 2433 1157 2521 progressio,
1175 2431 1347 2501 dirimunt
1369 2444 1460 2514 rnna¹

197 2516 296 2588 vultu
312 2517 452 2608 gloriae,
473 2539 492 2587 a
510 2541 616 2608 puero
632 2523 709 2600 Deo,
731 2521 948 2611 apuerperio
966 2520 1146 2610 singulari.
1174 2521 1319 2600 Currite,
1344 2517 1440 2588 celeres
1459 2537 1460 2588 t

197 2605 314 2687 horae,
340 2619 374 2678 et
390 2606 552 2696 rapidiori
576 2629 681 2696 passu
697 2608 856 2678 conficite
880 2621 987 2678 metas
1007 2622 1146 2690 vestras,
1175 2621 1214 2678 ut
1235 2610 1334 2680 liceat
1355 2603 1440 2673 viden

197 2693 308 2764 lilium
336 2697 406 2776 Dei,
424 2697 614 2786 vagientem
634 2697 668 2766 in
686 2697 799 2775 cunis,
825 2709 858 2766 et
874 2697 1045 2766 salvatrici
1065 2698 1233 2767 nativitati
1257 2696 1440 2786 qualiacun-

195 2805 262 2869 que
278 2784 443 2871 obsequia
460 2807 676 2874 praeparare.
697 2786 802 2855 Credo
817 2808 876 2855 vos
890 2807 965 2856 esse
984 2785 1075 2856 lilios
1098 2787 1214 2870 lsrael,
1240 2785 1440 2857 sanctificatos

197 2871 241 2940 ab
254 2873 349 2940 omni
363 2873 625 2960 inquinamento
641 2875 756 2944 carnis
776 2887 808 2944 et
827 2875 982 2965 spiritns,
1002 2888 1136 2966 paratos
1154 2875 1195 2945 ad
1213 2875 1283 2946 diei
1303 2870 1439 2964 crastinae

197 2972 424 3042 sacramenta,
452 2975 484 3031 et
513 2961 659 3032 sollicita
686 2963 876 3044 devotione,
907 2977 939 3034 et
966 2951 1439 3040 devotasotticitudine.ou1d

197 3048 288 3118 enim
308 3048 402 3118 aliud
429 3049 483 3120 his
512 3052 619 3120 sacris
642 3051 789 3132 diebus,
821 3053 895 3141 ejus
919 3053 1080 3123 adventui
1105 3053 1295 3134 dedicatis,
1320 3045 1438 3142 egistis}

198 3137 273 3206 vidi
296 3159 360 3228 ego
384 3159 482 3208 senes
507 3142 692 3210 senectutis
718 3140 854 3222 oblitos,
880 3141 1016 3211 adstare
1039 3141 1167 3244 vigiliis
1194 3143 1303 3212 sacris
1321 3131 1439 3228 juventlt

199 3224 385 3327 alacritate,
408 3241 440 3298 et
459 3228 616 3318 juvenes,
638 3230 818 3322 juventute
842 3230 987 3320 sepulta,
1015 3231 1115 3302 senili
1139 3232 1304 3322 gravitate
1320 3239 1440 3296 reveren·

199 3328 265 3385 trae
288 3316 478 3387 divinitatis
501 3317 672 3388 assistere.
699 3316 801 3388 Plena
825 3331 923 3388 erant
946 3319 1111 3390 subsellia
1134 3319 1394 3390 continentibus,
1415 3317 1438 3408 ,εἰ

198 3415 367 3475 concentu
385 3406 484 3494 parili
510 3429 607 3477 voees
632 3409 667 3476 in
683 3407 893 3478 sublimibus
910 3407 1133 3490 resultabant,
1161 3421 1198 3479 ut
1222 3407 1312 3478 lelici
1335 3397 1437 3473 invida

196 3516 255 3564 ros
267 3515 441 3564 cernerem
461 3495 606 3565 'nbilare
620 3501 686 3567 Deo
702 3497 737 3564 in
755 3518 834 3566 voce
848 3497 1077 3567 exultationis.
1094 3497 1257 3568 Psalteria
1276 3506 1364 3567 erant
1377 3505 1437 3588 ortt

198 3583 371 3665 manibus,
393 3603 452 3673 psa
473 3583 517 3652 mi
536 3584 569 3653 in
590 3585 702 3666 labiis,
722 3585 756 3654 in
778 3586 880 3655 eorde
899 3585 1054 3656 devotio:
1083 3585 1329 3656 solemnitatem
1351 3593 1434 3650 anunl

197 3671 399 3742 indicabant
416 3671 572 3742 hilaritas
589 3673 715 3754 vultus,
738 3674 909 3744 discursio
932 3677 1097 3765 corporis,
1119 3676 1234 3766 operis
1257 3661 1433 3764 sollicitudo·

199 3761 335 3849 lnspexi
358 3761 552 3832 sacerdotes
569 3763 793 3850 vigilantibus
809 3763 921 3833 oculis
943 3765 1072 3854 primos
1094 3765 1161 3834 diei
1178 3779 1274 3836 ortus
1296 3756 1435 3832 subtihter

198 3849 386 3940 indagare,
419 3851 728 3922 sacramentalibus
749 3851 847 3921 indui
872 3854 1105 3935 vestimentis,
1132 3855 1273 3924 introire
1294 3849 1332 3921 ad
1353 3843 1433 3942 altare

199 3939 267 4019 Dei,
287 3939 329 4006 ad
349 3938 614 4009 sacrificandum
633 3961 760 4031 corpus
775 3955 808 4012 et
832 3943 1037 4032 sanguinem
1059 3942 1303 4032 Redemptoris.
1318 3934 1381 4005 Vidr
1394 3947 1432 3996 as-

198 4029 390 4096 sistentium
422 4028 579 4110 turbam,
612 4029 828 4100 ministeriali
851 4029 1029 4102 devotione
1057 4053 1151 4101 nunc
1177 4031 1309 4102 flectere
1331 4035 1429 4115 genae
1455 4087 1456 4092 ,

198 4137 290 4184 nunc
310 4115 460 4186 osculari
482 4139 617 4198 manus,
637 4130 669 4187 et
688 4117 730 4186 ad
749 4119 993 4210 imperantium
1016 4133 1137 4190 nutum
1157 4131 1245 4191 nutu
1259 4117 1350 4190 citius
1369 4105 1430 4177 obt·

197 4203 282 4272 dire.
309 4205 372 4274 Sed
398 4218 430 4274 ct
456 4225 579 4294 pueros
602 4206 766 4297 adspexi,
792 4209 852 4298 qui
878 4209 1036 4278 nesciunt
1059 4209 1142 4297 quid
1167 4211 1211 4280 sit
1238 4210 1320 4278 inter
1339 4200 1428 4270 derta-

197 4312 269 4359 ram
295 4304 328 4361 et
351 4295 539 4374 sinistram,
567 4295 634 4365 sibi
658 4296 848 4366 adinvicem
869 4298 1029 4387 psalteria
1053 4297 1216 4380 invidere,
1238 4311 1269 4368 et
1284 4295 1427 4382 teporata

197 4379 239 4447 ad
267 4379 409 4452 lectulos
433 4403 535 4461 suos,
563 4382 668 4453 iurari
703 4407 862 4456 somnum
890 4387 932 4458 ab
957 4387 1066 4456 oculis
1090 4388 1187 4470 suis,
1214 4387 1300 4458 etin
1329 4367 1426 4447 lectulo
