2946 4798
31 286 97 350 tut.
119 286 157 349 at
354 305 393 350 nu
417 305 444 349 s.
471 303 592 350 roenna
616 303 666 349 ar.
694 305 730 350 ar
755 302 907 350 evanum.
1162 287 1223 351 t87

28 386 195 458 mittebatur
217 409 233 457 e
255 388 376 468 coelo,
404 409 496 457 nunc
533 388 700 457 scaturire
729 387 963 478 conspiciatur
989 409 1007 456 ε
1034 387 1203 477 sepulcro.
1235 391 1267 458 Si

27 477 98 544 enim
117 498 271 567 magnum
295 476 504 546 miraculum
535 499 662 546 manna
688 499 755 546 non
782 489 881 554 esset,
914 497 1131 564 nequaquam
1161 480 1268 566 Moysi

25 565 162 635 llominus
185 567 311 636 serrari
334 587 394 654 per
411 565 525 636 secula
551 565 635 635 illud
660 566 898 655 praecepisset.
922 569 1040 656 imple,
1062 566 1185 652 inquit,
1206 571 1269 637 Go-

24 675 78 722 nor
91 678 131 722 ero
145 677 189 734 eo,
213 666 242 724 ct
266 656 478 724 custodiam-r
492 657 528 723 in
539 658 676 744 suturas
695 665 784 724 retro
799 657 1042 746 generatione&
1063 665 1101 723 ul
1117 659 1269 724 noverint

20 765 129 830 ponent,
147 767 208 834 quo
224 747 302 813 alui
313 767 367 814 eos
387 746 422 812 in
437 745 630 824 solitudine,
651 745 785 834 quondo
801 745 910 812 edoni
921 765 974 812 cos
990 744 1029 812 de
1050 753 1141 813 terro
1161 749 1270 836 Aepy-

20 833 195 920 ptilllood.
224 832 310 921 rer).
346 837 429 902 Ecce
460 832 543 919 quid
574 845 724 902 meretur
758 833 925 921 pudicitia
959 832 1151 921 virginalis.¹
1185 837 1269 902 Ecce

20 933 143 1004 quantae
159 920 411 1011 magnitudinis
435 936 486 989 cst
509 921 687 1012 integritas
708 921 890 990 inviolatae
905 921 1179 1002 carnisllidetc,
1199 920 1266 991 sra-

21 1022 75 1076 tres
95 1011 153 1078 mei
169 1065 176 1089 ‚
202 1009 441 1090 considerate,
469 1010 685 1100 perpendite,
712 1010 794 1097 quid
821 1010 1023 1080 deliciarum
1054 1011 1268 1100 incorruptio

20 1098 115 1166 caruis
142 1100 241 1168 babet
276 1100 311 1166 in
347 1098 465 1178 coelo,
497 1100 523 1168 si
553 1099 669 1168 cibum
703 1098 789 1168 coeli
821 1100 992 1188 germinat
1020 1099 1055 1166 in
1090 1098 1271 1199 sepulcro?

21 1188 140 1266 Quantis
161 1188 232 1257 illic
249 1188 441 1258 bonoribus
457 1187 668 1257 sublimatur
686 1188 782 1258 beata
802 1189 993 1279 virginitas,
1022 1187 1079 1256 ubi
1103 1189 1268 1257 nimirum

23 1273 82 1342 sola
101 1289 142 1345 εει
163 1277 286 1367 gloria,
309 1278 338 1346 si
362 1290 395 1347 et
418 1278 452 1344 in
479 1277 554 1346 loco
578 1277 716 1346 foetoris
733 1291 835 1364 atque
854 1275 1046 1366 putredinis
1071 1288 1139 1344 tam
1167 1277 1270 1346 mira-

24 1362 115 1433 biliter
127 1379 175 1435 cst
190 1366 365 1455 gloriosa?

55 1453 129 1537 ξι).
155 1456 251 1525 Unde
271 1467 304 1525 et
323 1455 353 1524 si
370 1476 434 1524 non
461 1455 653 1523 audeamus
672 1454 815 1544 pleniter
839 1453 1000 1535 diffinire,
1033 1454 1129 1544 pium
1156 1467 1269 1524 tamen

19 1544 231 1626 cstarbitrari,
265 1557 304 1613 ut
332 1545 422 1612 sicut
444 1542 603 1612 debeata
630 1545 687 1612 Dei
712 1543 882 1613 Genitrice
906 1541 1069 1624 creditur,
1097 1544 1142 1612 ita
1167 1544 1268 1613 etiam

19 1627 119 1726 beatus
139 1639 291 1702 loannes
303 1632 377 1722 jam
404 1632 630 1701 resurrexisse
648 1632 871 1722 probabiliter
895 1645 1080 1712 asseratur,
1099 1645 1272 1718 quatenus

21 1731 91 1814 sicut
111 1721 142 1790 in
166 1722 320 1813 virginea
346 1720 486 1790 luerunt
510 1721 704 1811 integritate
730 1721 935 1811 participes,
962 1721 1007 1790 ita
1040 1720 1271 1791 nibilominus

22 1827 47 1871 m
65 1811 233 1898 anticipata
254 1810 505 1880 resurrectione
530 1811 651 1880 meritc
677 1810 857 1880 videantur
880 1808 1052 1896 aequales,
1081 1831 1143 1880 nec
1167 1811 1211 1878 sit
1235 1810 1270 1878 in

22 1900 242 1970 resurrectione
268 1897 461 1980 diversitas
488 1899 617 1986 quibus
638 1913 730 1969 tauta
756 1899 867 1969 fuerat
895 1899 1107 1968 unanimitas
1132 1919 1272 1968 conver-

23 1985 139 2056 sationis
162 1989 194 2056 in
222 1989 304 2057 rita.
325 1987 359 2057 Si
373 1989 466 2057 enim
486 1987 676 2058 beatissimi
695 1989 844 2079 virgines
861 1987 929 2068 isti,
950 1987 1107 2056 videlicet
1120 1993 1272 2056 loannes

23 2081 47 2137 et
66 2077 167 2156 llaria,
187 2076 389 2148 nullatenus
413 2077 654 2158 surrexissent,
681 2099 743 2146 cur
768 2078 800 2146 iu
827 2099 946 2146 eorum
969 2076 1113 2145 tumulis
1138 2075 1273 2164 sepulta

24 2160 159 2234 cadavera
183 2188 251 2236 non
279 2166 441 2254 jacerent,
463 2189 542 2235 cum
560 2165 692 2235 scilicet
708 2168 885 2236 beatorum
911 2167 1000 2234 Petri
1019 2178 1051 2234 et
1066 2165 1175 2246 Pauli,
1196 2186 1272 2233 cae-

27 2258 215 2343 terorumque
239 2254 479 2342 Apostolorum
498 2278 538 2324 ac
555 2268 744 2344 martyrum
766 2276 909 2346 corpora
935 2255 1008 2324 suis
1033 2275 1188 2341 quaeque
1214 2274 1272 2321 no-

27 2353 138 2411 scantur
166 2343 354 2414 mausoleis
385 2343 583 2414 tumulata?
618 2343 821 2430 uam-quod
860 2365 936 2412 vere
969 2345 1090 2412 beatus
1120 2348 1272 2412 loannes

26 2423 132 2511 obierit,
149 2455 188 2502 ac
210 2432 442 2524 proculdubio
461 2433 579 2503 mortis
586 2433 665 2589 {jura
681 2433 891 2521 persolverit,
913 2432 1008 2501 nullo
1030 2430 1131 2500 modo
1148 2430 1273 2500 melius

24 2533 105 2597 luam
129 2543 186 2609 per
208 2524 286 2612 ejus
305 2520 404 2590 verba
423 2520 509 2590 valet
526 2543 585 2610 pro
613 2522 674 2590 ari.
699 2526 780 2591 Cum
799 2522 890 2589 enim
913 2523 1038 2592 exisset
1054 2541 1167 2588 sermo
1184 2520 1274 2588 inter

22 2599 130 2687 iratres,
154 2613 243 2699 quod
273 2609 468 2700 discipulus
487 2610 544 2679 ille
570 2631 635 2679 non
660 2610 816 2689 moritur,
839 2630 902 2680 cur
927 2611 999 2700 ipse
1024 2630 1101 2677 vera
1126 2607 1272 2677 dicenti-

23 2689 74 2760 bus
85 2697 256 2780 obviasset,
276 2701 395 2768 dicens
409 2722 415 2765 :
431 2704 471 2768 lit
487 2721 551 2769 non
568 2699 658 2768 dt'aoit
673 2704 781 2779 Jecur,
802 2722 867 2770 non
885 2701 1029 2768 moritur
1040 2699 1056 2765 l
1069 2697 1181 2787 (donn.
1194 2697 1271 2787 uxr).

23 2783 137 2854 Frustra
162 2789 327 2858 nimirum
354 2787 409 2856 hic
428 2809 557 2856 moram
584 2800 705 2868 texere,
734 2810 773 2857 ac
798 2789 899 2857 verba
926 2786 1156 2887 multiplicare
1182 2785 1275 2853 vide·

22 2883 108 2954 retur,
125 2876 149 2946 si
166 2876 250 2946 dum
275 2875 324 2944 illi
350 2897 427 2944 vera
450 2876 615 2957 dicerent,
642 2889 680 2945 ut
705 2898 772 2944 non
800 2888 1000 2956 moreretur,
1031 2887 1092 2944 rste
1117 2876 1274 2965 protinus

22 2958 184 3034 obstitisset
205 2965 342 3034 dicens:
361 2969 433 3035 lllon
452 2966 542 3034 dimit
558 2966 655 3035 desua
670 2989 735 3034 non
749 2969 903 3045 moritur,
927 2986 966 3033 ac
982 2986 1042 3054 per
1059 2965 1123 3034 hoc
1140 2965 1272 3034 veritati

22 3049 252 3130 quodammodo
274 3052 537 3133 contradiceret,
569 3055 596 3124 si
624 3077 701 3123 vera
734 3054 958 3124 referentibus
983 3054 1179 3123 contrairet.
1208 3053 1271 3123 Sed

23 3133 88 3206 dum
111 3163 144 3209 se
168 3164 233 3212 non
262 3143 482 3226 moriturum,
510 3142 716 3212 salvatorem
743 3143 870 3212 dixisse
897 3143 1041 3232 negavit,
1067 3142 1273 3212 moriturum

23 3241 50 3289 se
65 3225 288 3301 indubitanter
310 3233 468 3301 asseruit.
488 3235 591 3301 Porro
614 3247 728 3302 autern
747 3232 837 3318 quod
866 3232 898 3299 in
927 3230 1087 3320 sepulcro
1113 3243 1272 3300 sanctum

23 3332 128 3402 corpus
150 3321 224 3408 ejus
244 3319 391 3390 ulterius
424 3341 490 3388 non
528 3323 707 3411 apparuit,
741 3321 878 3389 divinae
908 3321 981 3387 sine
1009 3318 1116 3389 dubio
1140 3319 1276 3387 virtutis

24 3406 153 3488 operatio
168 3409 245 3478 luit.
265 3409 437 3498 Scriptum
462 3421 513 3479 est
539 3409 571 3477 in
599 3410 881 3480 Deuteronomio:
908 3413 1057 3478 ,llortcua
1082 3419 1129 3476 cst
1153 3408 1275 3497 Moysis

24 3489 154 3586 [unctus
170 3497 307 3567 domini
327 3501 364 3568 in
388 3508 479 3567 terro
498 3500 603 3576 Moab,
630 3501 768 3591 jubente
794 3501 940 3577 Domino,
970 3508 1001 3565 ct
1015 3521 1059 3576 ¹se
1084 3498 1178 3565 elicit
1202 3518 1276 3564 cunr

25 3597 51 3643 tn
69 3587 152 3653 colle
174 3597 285 3655 terroe
309 3588 401 3656 lloob
426 3597 541 3657 contro
565 3589 707 3690 Pbopor,
731 3599 762 3657 et
776 3611 842 3658 non
862 3588 1014 3678 cognovit
1057 3609 1140 3654 tomo
1165 3589 1277 3676 sepul·

25 3687 100 3760 gum
121 3675 192 3764 ejus
207 3697 312 3764 usque
333 3679 367 3744 in
379 3687 591 3767 praesentem
608 3678 695 3746 diem
717 3677 830 3766 (Dent.
850 3674 969 3764 xxxiv).
999 3679 1209 3743 Renovatum
1226 3684 1277 3742 est

26 3764 121 3843 itaque
141 3762 224 3833 illud
246 3765 287 3832 de
311 3785 454 3854 corpore
470 3767 575 3854 Moysi
602 3766 816 3835 nuncetiam
842 3765 877 3832 in
903 3764 1032 3832 loanne
1054 3762 1275 3832 miraculum.
1379 3828 1382 3835 .

27 3843 55 3936 Et
73 3849 127 3935 qui
144 3849 370 3944 legislatorem
391 3866 473 3924 tunc
489 3852 653 3944 dignatus
677 3867 738 3936 cst,
760 3852 865 3923 nullis
890 3853 1091 3933 scientibus,
1119 3850 1276 3940 sepelire,

27 3938 193 4030 tuscctiam
218 3963 345 4032 corpus
369 3942 604 4034 Evangelistae
621 3943 675 4013 sui
701 3953 828 4014 secreto
852 3941 1001 4031 quodam
1029 3942 1193 4030 mysterio
1217 3959 1274 4006 vo-

30 4015 78 4088 lurt
98 4030 289 4128 sepulturae
313 4031 518 4102 subducere.
550 4037 696 4120 Uterque
720 4031 850 4102 scilicet
876 4031 934 4100 lux
962 4030 1108 4117 mundi,
1134 4041 1279 4114 uterque

31 4110 201 4186 coelestrum
228 4119 468 4191 mandatorum
487 4121 637 4211 bajulus,
658 4133 802 4208 uterque
816 4120 924 4188 divini
943 4119 1079 4188 consilii
1097 4117 1273 4187 revelator.

34 4195 259 4288 lecimmertto
275 4209 310 4277 in
327 4209 494 4302 dignitate
517 4209 590 4280 suis
609 4207 721 4279 delata
737 4208 963 4279 cadaveribus
986 4219 1196 4298 congruunt,
1218 4207 1278 4294 qui

37 4299 62 4348 ιιι
80 4293 276 4388 sublimibus
296 4301 380 4368 vitae
404 4321 488 4370 suae
514 4299 655 4379 meritis,
676 4297 753 4368 licat
777 4297 923 4367 dirersis
946 4297 1171 4386 temporibus,
1198 4317 1280 4366 con·

37 4375 156 4450 corditer
170 4383 379 4457 claruerunt.
