<?xml version="1.0" encoding="UTF-8"?>
<!DOCTYPE html PUBLIC "-//W3C//DTD XHTML 1.0 Transitional//EN"
    "http://www.w3.org/TR/xhtml1/DTD/xhtml1-transitional.dtd">
<html xmlns="http://www.w3.org/1999/xhtml" xml:lang="en" lang="en">
 <head>
  <title>
</title>
<meta http-equiv="Content-Type" content="text/html;charset=utf-8" />
  <meta name='ocr-system' content='tesseract 3.04.00' />
  <meta name='ocr-capabilities' content='ocr_page ocr_carea ocr_par ocr_line ocrx_word'/>
</head>
<body>
  <div class='ocr_page' id='page_1' title='image "./historiaeseuvit00lippgoog_0722.png"; bbox 0 0 2920 4810; ppageno 0'>
   <div class='ocr_carea' id='block_1_1' title="bbox 15 275 1253 350">
    <p class='ocr_par' dir='ltr' id='par_1_1' title="bbox 15 275 1253 350">
     <span class='ocr_line' id='line_1_1' title="bbox 15 275 1253 350; baseline 0.004 -11"><span class='ocrx_word' id='word_1_1' title='bbox 15 275 133 342; x_wconf 70' lang='lat' dir='ltr'>lolli</span> <span class='ocrx_word' id='word_1_2' title='bbox 392 295 654 346; x_wconf 83' lang='lat' dir='ltr'>uanrrnouocruu</span> <span class='ocrx_word' id='word_1_3' title='bbox 684 297 899 350; x_wconf 79' lang='lat' dir='ltr'>uuusrmrun</span> <span class='ocrx_word' id='word_1_4' title='bbox 1170 275 1253 344; x_wconf 80' lang='lat'>979*</span> 
     </span>
    </p>
   </div>
   <div class='ocr_carea' id='block_1_2' title="bbox 14 374 1298 617">
    <p class='ocr_par' dir='ltr' id='par_1_2' title="bbox 14 374 1298 617">
     <span class='ocr_line' id='line_1_2' title="bbox 16 374 1298 458; baseline 0.003 -22"><span class='ocrx_word' id='word_1_5' title='bbox 16 374 89 436; x_wconf 85' lang='lat' dir='ltr'>leodi</span> <span class='ocrx_word' id='word_1_6' title='bbox 110 374 295 453; x_wconf 78' lang='lat' dir='ltr'>elegantiam</span> <span class='ocrx_word' id='word_1_7' title='bbox 316 385 347 440; x_wconf 89' lang='lat' dir='ltr'>et</span> <span class='ocrx_word' id='word_1_8' title='bbox 362 379 534 440; x_wconf 77' lang='lat' dir='ltr'>facilitatem</span> <span class='ocrx_word' id='word_1_9' title='bbox 550 395 636 442; x_wconf 91' lang='lat' dir='ltr'>com·</span> <span class='ocrx_word' id='word_1_10' title='bbox 664 385 813 458; x_wconf 76' lang='lat' dir='ltr'><strong>quiverat.</strong></span> <span class='ocrx_word' id='word_1_11' title='bbox 829 379 926 457; x_wconf 81' lang='lat' dir='ltr'>Digna</span> <span class='ocrx_word' id='word_1_12' title='bbox 938 376 1020 441; x_wconf 91' lang='lat' dir='ltr'>illico</span> <span class='ocrx_word' id='word_1_13' title='bbox 1035 377 1157 440; x_wconf 87' lang='lat' dir='ltr'>Praeses</span> <span class='ocrx_word' id='word_1_14' title='bbox 1172 379 1298 440; x_wconf 88' lang='lat' dir='ltr'>immitis</span> 
     </span>
     <span class='ocr_line' id='line_1_3' title="bbox 14 456 1296 539; baseline 0.005 -25"><span class='ocrx_word' id='word_1_15' title='bbox 14 457 128 528; x_wconf 83' lang='lat' dir='ltr'>memet,</span> <span class='ocrx_word' id='word_1_16' title='bbox 143 456 313 520; x_wconf 86' lang='lat' dir='ltr'>niclibrum</span> <span class='ocrx_word' id='word_1_17' title='bbox 326 467 479 536; x_wconf 63' lang='lat' dir='ltr'>praeterea</span> <span class='ocrx_word' id='word_1_18' title='bbox 494 461 529 520; x_wconf 76' lang='lat' dir='ltr'>aul</span> <span class='ocrx_word' id='word_1_19' title='bbox 545 459 637 536; x_wconf 80' lang='lat' dir='ltr'>exoli·</span> <span class='ocrx_word' id='word_1_20' title='bbox 665 476 757 539; x_wconf 85' lang='lat' dir='ltr'>poena</span> <span class='ocrx_word' id='word_1_21' title='bbox 791 457 974 535; x_wconf 72' lang='lat' dir='ltr'>percellitur.</span> <span class='ocrx_word' id='word_1_22' title='bbox 1001 458 1078 522; x_wconf 89' lang='lat' dir='ltr'>Nam</span> <span class='ocrx_word' id='word_1_23' title='bbox 1107 459 1270 522; x_wconf 73' lang='lat' dir='ltr'>cathedrae</span> <span class='ocrx_word' id='word_1_24' title='bbox 1287 505 1296 534; x_wconf 97' lang='lat'>,</span> 
     </span>
     <span class='ocr_line' id='line_1_4' title="bbox 14 535 1297 617; baseline 0.003 -20"><span class='ocrx_word' id='word_1_25' title='bbox 14 536 124 598; x_wconf 87' lang='lat' dir='ltr'>nodum</span> <span class='ocrx_word' id='word_1_26' title='bbox 136 535 167 597; x_wconf 89' lang='lat' dir='ltr'>S.</span> <span class='ocrx_word' id='word_1_27' title='bbox 182 535 282 600; x_wconf 88' lang='lat' dir='ltr'>Lucae</span> <span class='ocrx_word' id='word_1_28' title='bbox 294 538 494 615; x_wconf 72' lang='lat' dir='ltr'>evangelium</span> <span class='ocrx_word' id='word_1_29' title='bbox 506 539 633 602; x_wconf 86' lang='lat' dir='ltr'>edidit*.</span> <span class='ocrx_word' id='word_1_30' title='bbox 663 541 710 601; x_wconf 93' lang='lat' dir='ltr'>cui</span> <span class='ocrx_word' id='word_1_31' title='bbox 733 539 821 602; x_wconf 88' lang='lat' dir='ltr'>altius</span> <span class='ocrx_word' id='word_1_32' title='bbox 849 538 1020 611; x_wconf 79' lang='lat' dir='ltr'>insederat,</span> <span class='ocrx_word' id='word_1_33' title='bbox 1049 538 1137 600; x_wconf 88' lang='lat' dir='ltr'>miris</span> <span class='ocrx_word' id='word_1_34' title='bbox 1169 546 1297 617; x_wconf 83' lang='lat' dir='ltr'>repente</span> 
     </span>
    </p>
   </div>
   <div class='ocr_carea' id='block_1_3' title="bbox 12 617 1298 4442">
    <p class='ocr_par' dir='ltr' id='par_1_3' title="bbox 663 617 1298 697">
     <span class='ocr_line' id='line_1_5' title="bbox 663 617 1298 697; baseline 0 -17"><span class='ocrx_word' id='word_1_35' title='bbox 663 619 759 682; x_wconf 90' lang='lat' dir='ltr'>modis</span> <span class='ocrx_word' id='word_1_36' title='bbox 782 619 939 697; x_wconf 85' lang='lat' dir='ltr'>affigitur,</span> <span class='ocrx_word' id='word_1_37' title='bbox 968 619 1078 681; x_wconf 89' lang='lat' dir='ltr'>deserit</span> <span class='ocrx_word' id='word_1_38' title='bbox 1109 635 1172 680; x_wconf 92' lang='lat' dir='ltr'>ossa</span> <span class='ocrx_word' id='word_1_39' title='bbox 1195 617 1298 680; x_wconf 86' lang='lat' dir='ltr'>uitalis</span> 
     </span>
    </p>

    <p class='ocr_par' dir='ltr' id='par_1_4' title="bbox 12 695 1298 4442">
     <span class='ocr_line' id='line_1_6' title="bbox 89 695 1297 789; baseline 0.001 -33"><span class='ocrx_word' id='word_1_40' title='bbox 89 695 118 756; x_wconf 88' lang='lat' dir='ltr'>S.</span> <span class='ocrx_word' id='word_1_41' title='bbox 139 695 341 760; x_wconf 72' lang='lat' dir='ltr'>nunnitus</span> <span class='ocrx_word' id='word_1_42' title='bbox 362 697 539 789; x_wconf 71' lang='lat' dir='ltr'>Beroeaeus,</span> <span class='ocrx_word' id='word_1_43' title='bbox 662 698 768 772; x_wconf 88' lang='lat' dir='ltr'>calor,</span> <span class='ocrx_word' id='word_1_44' title='bbox 796 706 827 760; x_wconf 91' lang='lat' dir='ltr'>et</span> <span class='ocrx_word' id='word_1_45' title='bbox 853 697 950 761; x_wconf 87' lang='lat' dir='ltr'>soluta</span> <span class='ocrx_word' id='word_1_46' title='bbox 986 698 1091 760; x_wconf 87' lang='lat' dir='ltr'>nervis</span> <span class='ocrx_word' id='word_1_47' title='bbox 1118 697 1297 774; x_wconf 77' lang='lat' dir='ltr'>rigentibus</span> 
     </span>
     <span class='ocr_line' id='line_1_7' title="bbox 153 777 1297 920; baseline -0.002 0"><span class='ocrx_word' id='word_1_48' title='bbox 153 803 285 865; x_wconf 55' lang='lat' dir='ltr'>Steti</span> <span class='ocrx_word' id='word_1_49' title='bbox 313 803 472 883; x_wconf 55' lang='lat' dir='ltr'>Victi·</span> <span class='ocrx_word' id='word_1_50' title='bbox 662 777 809 920; x_wconf 70' lang='lat' dir='ltr'>liniti</span> <span class='ocrx_word' id='word_1_51' title='bbox 831 777 1297 920; x_wconf 72' lang='lat' dir='ltr'>tltlldtlttllttlttt:</span> 
     </span>
     <span class='ocr_line' id='line_1_8' title="bbox 44 905 1296 1016; baseline 0.002 -22"><span class='ocrx_word' id='word_1_52' title='bbox 44 933 215 998; x_wconf 81' lang='lat' dir='ltr'>llnnrrnor..</span> <span class='ocrx_word' id='word_1_53' title='bbox 241 971 280 982; x_wconf 91' lang='lat'>-</span> <span class='ocrx_word' id='word_1_54' title='bbox 303 937 387 1016; x_wconf 80' lang='lat' dir='ltr'>noun</span> <span class='ocrx_word' id='word_1_55' title='bbox 415 937 570 1001; x_wconf 83' lang='lat' dir='ltr'>llutireoos</span> <span class='ocrx_word' id='word_1_56' title='bbox 602 939 631 999; x_wconf 93' lang='lat' dir='ltr'>in</span> <span class='ocrx_word' id='word_1_57' title='bbox 663 939 771 1000; x_wconf 86' lang='lat' dir='ltr'>tissimi</span> <span class='ocrx_word' id='word_1_58' title='bbox 795 905 1079 1012; x_wconf 60' lang='lat' dir='ltr'>uiriconcurritum</span> <span class='ocrx_word' id='word_1_59' title='bbox 1100 937 1139 1000; x_wconf 85' lang='lat' dir='ltr'>ab</span> <span class='ocrx_word' id='word_1_60' title='bbox 1159 937 1296 1000; x_wconf 87' lang='lat' dir='ltr'>cretione</span> 
     </span>
     <span class='ocr_line' id='line_1_9' title="bbox 12 1011 1293 1096; baseline 0.005 -25"><span class='ocrx_word' id='word_1_61' title='bbox 12 1011 93 1076; x_wconf 80' lang='lat' dir='ltr'>Gallia</span> <span class='ocrx_word' id='word_1_62' title='bbox 114 1015 193 1077; x_wconf 87' lang='lat' dir='ltr'>beati</span> <span class='ocrx_word' id='word_1_63' title='bbox 218 1015 355 1080; x_wconf 76' lang='lat' dir='ltr'>Aranni</span> <span class='ocrx_word' id='word_1_64' title='bbox 376 1017 524 1096; x_wconf 78' lang='lat' dir='ltr'>Episcopr,</span> <span class='ocrx_word' id='word_1_65' title='bbox 548 1015 634 1094; x_wconf 82' lang='lat' dir='ltr'>cujus</span> <span class='ocrx_word' id='word_1_66' title='bbox 661 1018 841 1096; x_wconf 78' lang='lat' dir='ltr'>consurgit,</span> <span class='ocrx_word' id='word_1_67' title='bbox 871 1018 907 1080; x_wconf 89' lang='lat' dir='ltr'>ad</span> <span class='ocrx_word' id='word_1_68' title='bbox 943 1017 1046 1079; x_wconf 87' lang='lat' dir='ltr'>lorum</span> <span class='ocrx_word' id='word_1_69' title='bbox 1083 1017 1293 1094; x_wconf 73' lang='lat' dir='ltr'>progreditur.</span> 
     </span>
     <span class='ocr_line' id='line_1_10' title="bbox 14 1093 1295 1174; baseline 0.008 -26"><span class='ocrx_word' id='word_1_70' title='bbox 14 1093 63 1152; x_wconf 88' lang='lat' dir='ltr'>rita</span> <span class='ocrx_word' id='word_1_71' title='bbox 77 1097 233 1158; x_wconf 86' lang='lat' dir='ltr'>sanctitate</span> <span class='ocrx_word' id='word_1_72' title='bbox 246 1105 276 1158; x_wconf 92' lang='lat' dir='ltr'>et</span> <span class='ocrx_word' id='word_1_73' title='bbox 289 1097 443 1160; x_wconf 83' lang='lat' dir='ltr'>miraculis</span> <span class='ocrx_word' id='word_1_74' title='bbox 459 1097 630 1174; x_wconf 80' lang='lat' dir='ltr'>extititglo·</span> <span class='ocrx_word' id='word_1_75' title='bbox 660 1095 758 1158; x_wconf 90' lang='lat' dir='ltr'>Sensit</span> <span class='ocrx_word' id='word_1_76' title='bbox 790 1096 959 1160; x_wconf 85' lang='lat' dir='ltr'>adrentum</span> <span class='ocrx_word' id='word_1_77' title='bbox 992 1096 1049 1156; x_wconf 86' lang='lat' dir='ltr'>riri</span> <span class='ocrx_word' id='word_1_78' title='bbox 1071 1095 1124 1158; x_wconf 88' lang='lat' dir='ltr'>Dei</span> <span class='ocrx_word' id='word_1_79' title='bbox 1146 1097 1295 1170; x_wconf 87' lang='lat' dir='ltr'>Praeses,</span> 
     </span>
     <span class='ocr_line' id='line_1_11' title="bbox 18 1173 1294 1255; baseline 0.003 -25"><span class='ocrx_word' id='word_1_80' title='bbox 18 1173 92 1234; x_wconf 72' lang='lat' dir='ltr'>riost.</span> <span class='ocrx_word' id='word_1_81' title='bbox 662 1193 769 1254; x_wconf 89' lang='lat' dir='ltr'>magna</span> <span class='ocrx_word' id='word_1_82' title='bbox 792 1177 855 1254; x_wconf 82' lang='lat' dir='ltr'>jam</span> <span class='ocrx_word' id='word_1_83' title='bbox 884 1179 930 1238; x_wconf 87' lang='lat' dir='ltr'>sui</span> <span class='ocrx_word' id='word_1_84' title='bbox 953 1183 1038 1255; x_wconf 85' lang='lat' dir='ltr'>parte</span> <span class='ocrx_word' id='word_1_85' title='bbox 1070 1183 1294 1254; x_wconf 83' lang='lat' dir='ltr'>praemortuus.</span> 
     </span>
     <span class='ocr_line' id='line_1_12' title="bbox 50 1251 1297 1334; baseline 0.005 -24"><span class='ocrx_word' id='word_1_86' title='bbox 50 1251 107 1328; x_wconf 73' lang='lat' dir='ltr'>ljjus</span> <span class='ocrx_word' id='word_1_87' title='bbox 127 1255 223 1328; x_wconf 87' lang='lat' dir='ltr'>Vita,</span> <span class='ocrx_word' id='word_1_88' title='bbox 249 1271 341 1333; x_wconf 79' lang='lat' dir='ltr'>uuam</span> <span class='ocrx_word' id='word_1_89' title='bbox 365 1255 413 1318; x_wconf 84' lang='lat' dir='ltr'>iric</span> <span class='ocrx_word' id='word_1_90' title='bbox 433 1272 451 1317; x_wconf 90' lang='lat' dir='ltr'>e</span> <span class='ocrx_word' id='word_1_91' title='bbox 471 1254 563 1318; x_wconf 89' lang='lat' dir='ltr'>Surio</span> <span class='ocrx_word' id='word_1_92' title='bbox 583 1271 633 1318; x_wconf 79' lang='lat' dir='ltr'>er·</span> <span class='ocrx_word' id='word_1_93' title='bbox 661 1257 771 1319; x_wconf 86' lang='lat' dir='ltr'>Amissi</span> <span class='ocrx_word' id='word_1_94' title='bbox 799 1259 902 1334; x_wconf 85' lang='lat' dir='ltr'>itaque</span> <span class='ocrx_word' id='word_1_95' title='bbox 922 1257 1096 1318; x_wconf 88' lang='lat' dir='ltr'>redduntur</span> <span class='ocrx_word' id='word_1_96' title='bbox 1116 1271 1243 1328; x_wconf 90' lang='lat' dir='ltr'>sensus,</span> <span class='ocrx_word' id='word_1_97' title='bbox 1265 1263 1297 1316; x_wconf 84' lang='lat' dir='ltr'>et</span> 
     </span>
     <span class='ocr_line' id='line_1_13' title="bbox 17 1331 1296 1412; baseline 0.005 -23"><span class='ocrx_word' id='word_1_98' title='bbox 17 1331 168 1410; x_wconf 82' lang='lat' dir='ltr'>surllnmus,</span> <span class='ocrx_word' id='word_1_99' title='bbox 190 1352 206 1396; x_wconf 92' lang='lat' dir='ltr'>a</span> <span class='ocrx_word' id='word_1_100' title='bbox 229 1335 411 1410; x_wconf 85' lang='lat' dir='ltr'>Fortunato,</span> <span class='ocrx_word' id='word_1_101' title='bbox 433 1337 484 1412; x_wconf 81' lang='lat' dir='ltr'>nni</span> <span class='ocrx_word' id='word_1_102' title='bbox 507 1345 631 1398; x_wconf 90' lang='lat' dir='ltr'>centum</span> <span class='ocrx_word' id='word_1_103' title='bbox 662 1334 837 1398; x_wconf 84' lang='lat' dir='ltr'>temulentia</span> <span class='ocrx_word' id='word_1_104' title='bbox 864 1335 968 1398; x_wconf 87' lang='lat' dir='ltr'>usibus</span> <span class='ocrx_word' id='word_1_105' title='bbox 988 1338 1072 1410; x_wconf 90' lang='lat' dir='ltr'>suis,</span> <span class='ocrx_word' id='word_1_106' title='bbox 1096 1335 1132 1398; x_wconf 92' lang='lat' dir='ltr'>ad</span> <span class='ocrx_word' id='word_1_107' title='bbox 1155 1337 1296 1412; x_wconf 88' lang='lat' dir='ltr'>rigorem</span> 
     </span>
     <span class='ocr_line' id='line_1_14' title="bbox 15 1413 1295 1495; baseline 0.004 -26"><span class='ocrx_word' id='word_1_108' title='bbox 15 1427 94 1471; x_wconf 84' lang='lat' dir='ltr'>annos</span> <span class='ocrx_word' id='word_1_109' title='bbox 115 1425 181 1490; x_wconf 80' lang='lat' dir='ltr'>nost</span> <span class='ocrx_word' id='word_1_110' title='bbox 192 1413 224 1476; x_wconf 89' lang='lat' dir='ltr'>S.</span> <span class='ocrx_word' id='word_1_111' title='bbox 242 1415 419 1478; x_wconf 80' lang='lat' dir='ltr'>Amantium</span> <span class='ocrx_word' id='word_1_112' title='bbox 432 1415 549 1490; x_wconf 84' lang='lat' dir='ltr'>floruit,</span> <span class='ocrx_word' id='word_1_113' title='bbox 562 1431 632 1478; x_wconf 88' lang='lat' dir='ltr'>con·</span> <span class='ocrx_word' id='word_1_114' title='bbox 660 1417 827 1495; x_wconf 87' lang='lat' dir='ltr'>pristinum</span> <span class='ocrx_word' id='word_1_115' title='bbox 838 1415 970 1478; x_wconf 88' lang='lat' dir='ltr'>redeunt</span> <span class='ocrx_word' id='word_1_116' title='bbox 984 1416 1135 1478; x_wconf 87' lang='lat' dir='ltr'>membra.</span> <span class='ocrx_word' id='word_1_117' title='bbox 1146 1414 1295 1478; x_wconf 80' lang='lat' dir='ltr'>Redditur</span> 
     </span>
     <span class='ocr_line' id='line_1_15' title="bbox 14 1493 1297 1572; baseline 0.005 -24"><span class='ocrx_word' id='word_1_118' title='bbox 14 1493 108 1568; x_wconf 81' lang='lat' dir='ltr'>scripta</span> <span class='ocrx_word' id='word_1_119' title='bbox 124 1493 237 1557; x_wconf 90' lang='lat' dir='ltr'>lertur.</span> <span class='ocrx_word' id='word_1_120' title='bbox 660 1511 735 1572; x_wconf 89' lang='lat' dir='ltr'>ergo</span> <span class='ocrx_word' id='word_1_121' title='bbox 755 1494 888 1558; x_wconf 87' lang='lat' dir='ltr'>Praesidi</span> <span class='ocrx_word' id='word_1_122' title='bbox 903 1494 992 1567; x_wconf 88' lang='lat' dir='ltr'>salus,</span> <span class='ocrx_word' id='word_1_123' title='bbox 1009 1497 1070 1557; x_wconf 85' lang='lat' dir='ltr'>uita</span> <span class='ocrx_word' id='word_1_124' title='bbox 1086 1494 1248 1558; x_wconf 89' lang='lat' dir='ltr'>damnato:</span> <span class='ocrx_word' id='word_1_125' title='bbox 1265 1499 1297 1556; x_wconf 93' lang='lat' dir='ltr'>et</span> 
     </span>
     <span class='ocr_line' id='line_1_16' title="bbox 52 1570 1297 1659; baseline 0.005 -29"><span class='ocrx_word' id='word_1_126' title='bbox 52 1570 632 1659; x_wconf 14' lang='lat' dir='ltr'>«kBeatissimusllmantiusRutenael&#39;*</span> <span class='ocrx_word' id='word_1_127' title='bbox 660 1575 803 1654; x_wconf 83' lang='lat' dir='ltr'>quicquid</span> <span class='ocrx_word' id='word_1_128' title='bbox 817 1573 865 1636; x_wconf 84' lang='lat' dir='ltr'>vel</span> <span class='ocrx_word' id='word_1_129' title='bbox 888 1575 1076 1636; x_wconf 87' lang='lat' dir='ltr'>admittendo</span> <span class='ocrx_word' id='word_1_130' title='bbox 1097 1574 1160 1648; x_wconf 90' lang='lat' dir='ltr'>ille,</span> <span class='ocrx_word' id='word_1_131' title='bbox 1183 1573 1231 1636; x_wconf 86' lang='lat' dir='ltr'>rel</span> <span class='ocrx_word' id='word_1_132' title='bbox 1247 1573 1297 1636; x_wconf 88' lang='lat' dir='ltr'>hic</span> 
     </span>
     <span class='ocr_line' id='line_1_17' title="bbox 16 1649 1296 1731; baseline 0.006 -23"><span class='ocrx_word' id='word_1_133' title='bbox 16 1649 87 1710; x_wconf 80' lang='lat' dir='ltr'>urhis</span> <span class='ocrx_word' id='word_1_134' title='bbox 105 1655 257 1730; x_wconf 81' lang='lat' dir='ltr'>quondam</span> <span class='ocrx_word' id='word_1_135' title='bbox 279 1655 338 1718; x_wconf 91' lang='lat' dir='ltr'>luit</span> <span class='ocrx_word' id='word_1_136' title='bbox 359 1655 434 1716; x_wconf 88' lang='lat' dir='ltr'>ciris</span> <span class='ocrx_word' id='word_1_137' title='bbox 455 1661 539 1728; x_wconf 88' lang='lat' dir='ltr'>ortu,</span> <span class='ocrx_word' id='word_1_138' title='bbox 568 1657 632 1718; x_wconf 77' lang='lat' dir='ltr'>riti</span> <span class='ocrx_word' id='word_1_139' title='bbox 661 1671 722 1718; x_wconf 89' lang='lat' dir='ltr'>non</span> <span class='ocrx_word' id='word_1_140' title='bbox 744 1655 927 1716; x_wconf 89' lang='lat' dir='ltr'>dimittendo</span> <span class='ocrx_word' id='word_1_141' title='bbox 948 1661 1150 1728; x_wconf 87' lang='lat' dir='ltr'>contraxerat,</span> <span class='ocrx_word' id='word_1_142' title='bbox 1173 1655 1218 1731; x_wconf 82' lang='lat' dir='ltr'>pia</span> <span class='ocrx_word' id='word_1_143' title='bbox 1240 1653 1296 1716; x_wconf 87' lang='lat' dir='ltr'>Do·</span> 
     </span>
     <span class='ocr_line' id='line_1_18' title="bbox 15 1731 1294 1813; baseline 0.005 -26"><span class='ocrx_word' id='word_1_144' title='bbox 15 1735 118 1804; x_wconf 82' lang='lat' dir='ltr'>pastor,</span> <span class='ocrx_word' id='word_1_145' title='bbox 139 1749 220 1796; x_wconf 89' lang='lat' dir='ltr'>nunc</span> <span class='ocrx_word' id='word_1_146' title='bbox 244 1733 323 1797; x_wconf 88' lang='lat' dir='ltr'>lelici</span> <span class='ocrx_word' id='word_1_147' title='bbox 348 1741 493 1813; x_wconf 81' lang='lat' dir='ltr'>patronus</span> <span class='ocrx_word' id='word_1_148' title='bbox 514 1741 560 1798; x_wconf 88' lang='lat' dir='ltr'>est</span> <span class='ocrx_word' id='word_1_149' title='bbox 580 1752 630 1798; x_wconf 83' lang='lat' dir='ltr'>er·</span> <span class='ocrx_word' id='word_1_150' title='bbox 662 1736 737 1796; x_wconf 88' lang='lat' dir='ltr'>mini</span> <span class='ocrx_word' id='word_1_151' title='bbox 759 1735 960 1796; x_wconf 88' lang='lat' dir='ltr'>miseratione</span> <span class='ocrx_word' id='word_1_152' title='bbox 991 1734 1130 1797; x_wconf 87' lang='lat' dir='ltr'>diluitur.</span> <span class='ocrx_word' id='word_1_153' title='bbox 1155 1731 1294 1812; x_wconf 85' lang='lat' dir='ltr'>Denique</span> 
     </span>
     <span class='ocr_line' id='line_1_19' title="bbox 16 1809 1295 1892; baseline 0.003 -22"><span class='ocrx_word' id='word_1_154' title='bbox 16 1823 97 1870; x_wconf 86' lang='lat' dir='ltr'>ccssu.</span> <span class='ocrx_word' id='word_1_155' title='bbox 118 1809 171 1885; x_wconf 82' lang='lat' dir='ltr'>Qui</span> <span class='ocrx_word' id='word_1_156' title='bbox 188 1814 222 1876; x_wconf 87' lang='lat' dir='ltr'>in</span> <span class='ocrx_word' id='word_1_157' title='bbox 246 1816 405 1892; x_wconf 86' lang='lat' dir='ltr'>primaeuo</span> <span class='ocrx_word' id='word_1_158' title='bbox 426 1813 532 1876; x_wconf 85' lang='lat' dir='ltr'>aetatis</span> <span class='ocrx_word' id='word_1_159' title='bbox 545 1816 630 1888; x_wconf 84' lang='lat' dir='ltr'>flore,</span> <span class='ocrx_word' id='word_1_160' title='bbox 660 1815 827 1876; x_wconf 88' lang='lat' dir='ltr'>condonata</span> <span class='ocrx_word' id='word_1_161' title='bbox 843 1821 887 1876; x_wconf 91' lang='lat' dir='ltr'>est</span> <span class='ocrx_word' id='word_1_162' title='bbox 900 1829 953 1874; x_wconf 90' lang='lat' dir='ltr'>reo</span> <span class='ocrx_word' id='word_1_163' title='bbox 968 1815 1029 1875; x_wconf 87' lang='lat' dir='ltr'>rita</span> <span class='ocrx_word' id='word_1_164' title='bbox 1050 1829 1121 1876; x_wconf 90' lang='lat' dir='ltr'>cum</span> <span class='ocrx_word' id='word_1_165' title='bbox 1142 1813 1295 1888; x_wconf 89' lang='lat' dir='ltr'>crimine,</span> 
     </span>
     <span class='ocr_line' id='line_1_20' title="bbox 17 1885 1294 1975; baseline 0.005 -30"><span class='ocrx_word' id='word_1_166' title='bbox 17 1885 633 1975; x_wconf 76' lang='lat' dir='ltr'>alruptissaeculilaqueis,militiamChri·</span> <span class='ocrx_word' id='word_1_167' title='bbox 661 1894 782 1956; x_wconf 89' lang='lat' dir='ltr'>Praeses</span> <span class='ocrx_word' id='word_1_168' title='bbox 803 1894 919 1956; x_wconf 86' lang='lat' dir='ltr'>meruit</span> <span class='ocrx_word' id='word_1_169' title='bbox 940 1893 1063 1954; x_wconf 85' lang='lat' dir='ltr'>reniam</span> <span class='ocrx_word' id='word_1_170' title='bbox 1094 1909 1166 1954; x_wconf 90' lang='lat' dir='ltr'>cum</span> <span class='ocrx_word' id='word_1_171' title='bbox 1187 1889 1294 1954; x_wconf 89' lang='lat' dir='ltr'>salute.</span> 
     </span>
     <span class='ocr_line' id='line_1_21' title="bbox 18 1973 1296 2052; baseline 0.008 -28"><span class='ocrx_word' id='word_1_172' title='bbox 18 1973 47 2052; x_wconf 85' lang='lat' dir='ltr'>sn</span> <span class='ocrx_word' id='word_1_173' title='bbox 67 1975 303 2044; x_wconf 82' lang='lat' dir='ltr'>perseuerantiae</span> <span class='ocrx_word' id='word_1_174' title='bbox 322 1973 504 2036; x_wconf 85' lang='lat' dir='ltr'>delinitione</span> <span class='ocrx_word' id='word_1_175' title='bbox 534 1989 629 2036; x_wconf 89' lang='lat' dir='ltr'>susce·</span> <span class='ocrx_word' id='word_1_176' title='bbox 663 1975 729 2034; x_wconf 82' lang='lat' dir='ltr'>Non</span> <span class='ocrx_word' id='word_1_177' title='bbox 756 1973 850 2050; x_wconf 91' lang='lat' dir='ltr'>longo</span> <span class='ocrx_word' id='word_1_178' title='bbox 881 1979 948 2052; x_wconf 77' lang='lat' dir='ltr'>post</span> <span class='ocrx_word' id='word_1_179' title='bbox 983 1980 1120 2050; x_wconf 84' lang='lat' dir='ltr'>tempore</span> <span class='ocrx_word' id='word_1_180' title='bbox 1156 1974 1296 2048; x_wconf 85' lang='lat' dir='ltr'>sequitur</span> 
     </span>
     <span class='ocr_line' id='line_1_22' title="bbox 17 2050 1298 2131; baseline 0.009 -28"><span class='ocrx_word' id='word_1_181' title='bbox 17 2052 62 2120; x_wconf 81' lang='lat' dir='ltr'>ort,</span> <span class='ocrx_word' id='word_1_182' title='bbox 75 2059 102 2108; x_wconf 89' lang='lat' dir='ltr'>et</span> <span class='ocrx_word' id='word_1_183' title='bbox 116 2050 200 2122; x_wconf 87' lang='lat' dir='ltr'>ritia,</span> <span class='ocrx_word' id='word_1_184' title='bbox 216 2052 330 2131; x_wconf 85' lang='lat' dir='ltr'>quibus</span> <span class='ocrx_word' id='word_1_185' title='bbox 344 2052 481 2130; x_wconf 76' lang='lat' dir='ltr'>pulsatur</span> <span class='ocrx_word' id='word_1_186' title='bbox 496 2053 631 2116; x_wconf 86' lang='lat' dir='ltr'>humana</span> <span class='ocrx_word' id='word_1_187' title='bbox 662 2052 752 2130; x_wconf 91' lang='lat' dir='ltr'>longe</span> <span class='ocrx_word' id='word_1_188' title='bbox 772 2053 884 2116; x_wconf 91' lang='lat' dir='ltr'>clarior</span> <span class='ocrx_word' id='word_1_189' title='bbox 904 2053 1011 2124; x_wconf 86' lang='lat' dir='ltr'>uirtus,</span> <span class='ocrx_word' id='word_1_190' title='bbox 1032 2059 1064 2114; x_wconf 91' lang='lat' dir='ltr'>et</span> <span class='ocrx_word' id='word_1_191' title='bbox 1076 2059 1159 2113; x_wconf 88' lang='lat' dir='ltr'>tanto</span> <span class='ocrx_word' id='word_1_192' title='bbox 1171 2066 1222 2128; x_wconf 80' lang='lat' dir='ltr'>gar</span> <span class='ocrx_word' id='word_1_193' title='bbox 1237 2066 1298 2114; x_wconf 88' lang='lat' dir='ltr'>me·</span> 
     </span>
     <span class='ocr_line' id='line_1_23' title="bbox 19 2123 1297 2209; baseline 0.006 -24"><span class='ocrx_word' id='word_1_194' title='bbox 19 2123 152 2202; x_wconf 78' lang='lat' dir='ltr'>fragilitas,</span> <span class='ocrx_word' id='word_1_195' title='bbox 171 2133 338 2208; x_wconf 82' lang='lat' dir='ltr'>patientiae</span> <span class='ocrx_word' id='word_1_196' title='bbox 358 2132 472 2196; x_wconf 79' lang='lat' dir='ltr'>virtute</span> <span class='ocrx_word' id='word_1_197' title='bbox 495 2131 630 2196; x_wconf 86' lang='lat' dir='ltr'>calcarit.</span> <span class='ocrx_word' id='word_1_198' title='bbox 661 2134 731 2196; x_wconf 90' lang='lat' dir='ltr'>rito.</span> <span class='ocrx_word' id='word_1_199' title='bbox 747 2131 817 2194; x_wconf 81' lang='lat' dir='ltr'>Erat</span> <span class='ocrx_word' id='word_1_200' title='bbox 828 2147 961 2209; x_wconf 82' lang='lat' dir='ltr'>namque</span> <span class='ocrx_word' id='word_1_201' title='bbox 976 2133 1055 2194; x_wconf 89' lang='lat' dir='ltr'>haud</span> <span class='ocrx_word' id='word_1_202' title='bbox 1068 2132 1159 2206; x_wconf 89' lang='lat' dir='ltr'>longe</span> <span class='ocrx_word' id='word_1_203' title='bbox 1170 2128 1208 2192; x_wconf 88' lang='lat' dir='ltr'>ab</span> <span class='ocrx_word' id='word_1_204' title='bbox 1221 2131 1297 2194; x_wconf 90' lang='lat' dir='ltr'>urbe</span> 
     </span>
     <span class='ocr_line' id='line_1_24' title="bbox 21 2199 1297 2290; baseline 0.008 -28"><span class='ocrx_word' id='word_1_205' title='bbox 21 2199 65 2290; x_wconf 75' lang='lat' dir='ltr'>Qut</span> <span class='ocrx_word' id='word_1_206' title='bbox 84 2205 163 2270; x_wconf 83' lang='lat' dir='ltr'>beato</span> <span class='ocrx_word' id='word_1_207' title='bbox 185 2211 311 2274; x_wconf 83' lang='lat' dir='ltr'>torrens</span> <span class='ocrx_word' id='word_1_208' title='bbox 332 2213 493 2290; x_wconf 80' lang='lat' dir='ltr'>proposito,</span> <span class='ocrx_word' id='word_1_209' title='bbox 514 2220 544 2274; x_wconf 89' lang='lat' dir='ltr'>et</span> <span class='ocrx_word' id='word_1_210' title='bbox 567 2213 630 2274; x_wconf 90' lang='lat' dir='ltr'>leli·</span> <span class='ocrx_word' id='word_1_211' title='bbox 660 2212 761 2275; x_wconf 90' lang='lat' dir='ltr'>altiori</span> <span class='ocrx_word' id='word_1_212' title='bbox 775 2210 997 2276; x_wconf 87' lang='lat' dir='ltr'>haseemineos</span> <span class='ocrx_word' id='word_1_213' title='bbox 1010 2209 1221 2280; x_wconf 86' lang='lat' dir='ltr'>simulacrum,</span> <span class='ocrx_word' id='word_1_214' title='bbox 1237 2225 1297 2286; x_wconf 82' lang='lat' dir='ltr'>uuo</span> 
     </span>
     <span class='ocr_line' id='line_1_25' title="bbox 23 2289 1297 2370; baseline 0.009 -31"><span class='ocrx_word' id='word_1_215' title='bbox 23 2289 631 2370; x_wconf 79' lang='lat' dir='ltr'>crummeritorumsplendoreconspicuus,</span> <span class='ocrx_word' id='word_1_216' title='bbox 662 2292 692 2354; x_wconf 91' lang='lat' dir='ltr'>io</span> <span class='ocrx_word' id='word_1_217' title='bbox 723 2291 788 2354; x_wconf 91' lang='lat' dir='ltr'>loco</span> <span class='ocrx_word' id='word_1_218' title='bbox 818 2297 893 2354; x_wconf 87' lang='lat' dir='ltr'>mira</span> <span class='ocrx_word' id='word_1_219' title='bbox 929 2291 1093 2369; x_wconf 88' lang='lat' dir='ltr'>gentilium</span> <span class='ocrx_word' id='word_1_220' title='bbox 1129 2289 1297 2351; x_wconf 88' lang='lat' dir='ltr'>multitudo</span> 
     </span>
     <span class='ocr_line' id='line_1_26' title="bbox 25 2364 1297 2450; baseline 0.01 -33"><span class='ocrx_word' id='word_1_221' title='bbox 25 2364 153 2431; x_wconf 86' lang='lat' dir='ltr'>sacerdotii</span> <span class='ocrx_word' id='word_1_222' title='bbox 175 2371 302 2434; x_wconf 88' lang='lat' dir='ltr'>culmen</span> <span class='ocrx_word' id='word_1_223' title='bbox 323 2378 354 2432; x_wconf 88' lang='lat' dir='ltr'>et</span> <span class='ocrx_word' id='word_1_224' title='bbox 374 2369 513 2432; x_wconf 85' lang='lat' dir='ltr'>sublimia</span> <span class='ocrx_word' id='word_1_225' title='bbox 527 2371 631 2434; x_wconf 82' lang='lat' dir='ltr'>catire-</span> <span class='ocrx_word' id='word_1_226' title='bbox 661 2371 858 2434; x_wconf 75' lang='lat' dir='ltr'>condumam.</span> <span class='ocrx_word' id='word_1_227' title='bbox 881 2369 983 2450; x_wconf 80' lang='lat' dir='ltr'>ltaque</span> <span class='ocrx_word' id='word_1_228' title='bbox 1004 2371 1078 2434; x_wconf 90' lang='lat' dir='ltr'>dum</span> <span class='ocrx_word' id='word_1_229' title='bbox 1099 2369 1297 2432; x_wconf 86' lang='lat' dir='ltr'>daemonibus</span> 
     </span>
     <span class='ocr_line' id='line_1_27' title="bbox 24 2437 1295 2530; baseline 0.009 -34"><span class='ocrx_word' id='word_1_230' title='bbox 24 2437 80 2504; x_wconf 86' lang='lat' dir='ltr'>drae</span> <span class='ocrx_word' id='word_1_231' title='bbox 96 2449 191 2512; x_wconf 87' lang='lat' dir='ltr'>sedem</span> <span class='ocrx_word' id='word_1_232' title='bbox 213 2451 359 2525; x_wconf 89' lang='lat' dir='ltr'>emeruit,</span> <span class='ocrx_word' id='word_1_233' title='bbox 380 2451 529 2529; x_wconf 83' lang='lat' dir='ltr'>gessitque</span> <span class='ocrx_word' id='word_1_234' title='bbox 548 2466 633 2513; x_wconf 88' lang='lat' dir='ltr'>men·</span> <span class='ocrx_word' id='word_1_235' title='bbox 662 2451 834 2530; x_wconf 82' lang='lat' dir='ltr'>pecudum,</span> <span class='ocrx_word' id='word_1_236' title='bbox 852 2451 900 2514; x_wconf 88' lang='lat' dir='ltr'>vel</span> <span class='ocrx_word' id='word_1_237' title='bbox 921 2452 983 2512; x_wconf 90' lang='lat' dir='ltr'>suis</span> <span class='ocrx_word' id='word_1_238' title='bbox 998 2451 1098 2528; x_wconf 77' lang='lat' dir='ltr'>potius</span> <span class='ocrx_word' id='word_1_239' title='bbox 1120 2449 1295 2522; x_wconf 83' lang='lat' dir='ltr'>mortibus,</span> 
     </span>
     <span class='ocr_line' id='line_1_28' title="bbox 26 2523 1295 2610; baseline 0.005 -28"><span class='ocrx_word' id='word_1_240' title='bbox 26 2523 72 2582; x_wconf 68' lang='lat' dir='ltr'>um</span> <span class='ocrx_word' id='word_1_241' title='bbox 91 2523 200 2608; x_wconf 85' lang='lat' dir='ltr'>lastigie</span> <span class='ocrx_word' id='word_1_242' title='bbox 213 2529 341 2592; x_wconf 90' lang='lat' dir='ltr'>honoris</span> <span class='ocrx_word' id='word_1_243' title='bbox 351 2531 396 2592; x_wconf 89' lang='lat' dir='ltr'>sui</span> <span class='ocrx_word' id='word_1_244' title='bbox 413 2545 528 2607; x_wconf 86' lang='lat' dir='ltr'>parem.</span> <span class='ocrx_word' id='word_1_245' title='bbox 544 2527 633 2593; x_wconf 91' lang='lat' dir='ltr'>Nunc</span> <span class='ocrx_word' id='word_1_246' title='bbox 661 2531 762 2605; x_wconf 88' lang='lat' dir='ltr'>litant,</span> <span class='ocrx_word' id='word_1_247' title='bbox 777 2531 913 2610; x_wconf 82' lang='lat' dir='ltr'>dumque</span> <span class='ocrx_word' id='word_1_248' title='bbox 926 2531 1042 2602; x_wconf 88' lang='lat' dir='ltr'>cuncti,</span> <span class='ocrx_word' id='word_1_249' title='bbox 1059 2529 1164 2590; x_wconf 89' lang='lat' dir='ltr'>relerti</span> <span class='ocrx_word' id='word_1_250' title='bbox 1186 2529 1295 2606; x_wconf 81' lang='lat' dir='ltr'>eoutts,</span> 
     </span>
     <span class='ocr_line' id='line_1_29' title="bbox 24 2595 1297 2689; baseline 0.007 -28"><span class='ocrx_word' id='word_1_251' title='bbox 24 2595 93 2688; x_wconf 80' lang='lat' dir='ltr'>breui</span> <span class='ocrx_word' id='word_1_252' title='bbox 112 2609 184 2684; x_wconf 79' lang='lat' dir='ltr'>stylo</span> <span class='ocrx_word' id='word_1_253' title='bbox 205 2624 299 2688; x_wconf 86' lang='lat' dir='ltr'>pauca</span> <span class='ocrx_word' id='word_1_254' title='bbox 322 2609 472 2670; x_wconf 86' lang='lat' dir='ltr'>virtutum</span> <span class='ocrx_word' id='word_1_255' title='bbox 486 2610 552 2687; x_wconf 87' lang='lat' dir='ltr'>ejus</span> <span class='ocrx_word' id='word_1_256' title='bbox 566 2625 633 2686; x_wconf 81' lang='lat' dir='ltr'>per·</span> <span class='ocrx_word' id='word_1_257' title='bbox 661 2612 735 2674; x_wconf 89' lang='lat' dir='ltr'>vino</span> <span class='ocrx_word' id='word_1_258' title='bbox 753 2608 854 2689; x_wconf 83' lang='lat' dir='ltr'>pleni,</span> <span class='ocrx_word' id='word_1_259' title='bbox 876 2617 969 2672; x_wconf 89' lang='lat' dir='ltr'>cantu</span> <span class='ocrx_word' id='word_1_260' title='bbox 991 2616 1206 2687; x_wconf 79' lang='lat' dir='ltr'>perstrepunt,</span> <span class='ocrx_word' id='word_1_261' title='bbox 1228 2607 1297 2670; x_wconf 89' lang='lat' dir='ltr'>bea·</span> 
     </span>
     <span class='ocr_line' id='line_1_30' title="bbox 22 2687 1296 2766; baseline 0.012 -32"><span class='ocrx_word' id='word_1_262' title='bbox 22 2687 632 2766; x_wconf 73' lang='lat' dir='ltr'>stringamusinsigniapmesnotedomi-</span> <span class='ocrx_word' id='word_1_263' title='bbox 663 2691 796 2752; x_wconf 88' lang='lat' dir='ltr'>tissimus</span> <span class='ocrx_word' id='word_1_264' title='bbox 817 2688 1106 2762; x_wconf 75' lang='lat' dir='ltr'>sacerdosadrenit3</span> <span class='ocrx_word' id='word_1_265' title='bbox 1130 2688 1296 2764; x_wconf 81' lang='lat' dir='ltr'>vidensque</span> 
     </span>
     <span class='ocr_line' id='line_1_31' title="bbox 23 2767 1298 2846; baseline -0.001 -18"><span class='ocrx_word' id='word_1_266' title='bbox 23 2771 64 2844; x_wconf 74' lang='lat'>119,</span> <span class='ocrx_word' id='word_1_267' title='bbox 83 2767 210 2830; x_wconf 87' lang='lat' dir='ltr'>oratione</span> <span class='ocrx_word' id='word_1_268' title='bbox 232 2767 310 2830; x_wconf 90' lang='lat' dir='ltr'>beati</span> <span class='ocrx_word' id='word_1_269' title='bbox 333 2767 489 2840; x_wconf 87' lang='lat' dir='ltr'>antistitis,</span> <span class='ocrx_word' id='word_1_270' title='bbox 511 2768 631 2832; x_wconf 89' lang='lat' dir='ltr'>dicendi</span> <span class='ocrx_word' id='word_1_271' title='bbox 659 2769 798 2832; x_wconf 86' lang='lat' dir='ltr'>exultare</span> <span class='ocrx_word' id='word_1_272' title='bbox 814 2770 965 2832; x_wconf 81' lang='lat' dir='ltr'>infelicem</span> <span class='ocrx_word' id='word_1_273' title='bbox 980 2767 1098 2846; x_wconf 88' lang='lat' dir='ltr'>plebem</span> <span class='ocrx_word' id='word_1_274' title='bbox 1111 2769 1194 2830; x_wconf 90' lang='lat' dir='ltr'>omni</span> <span class='ocrx_word' id='word_1_275' title='bbox 1211 2767 1298 2830; x_wconf 88' lang='lat' dir='ltr'>luctu</span> 
     </span>
     <span class='ocr_line' id='line_1_32' title="bbox 23 2847 1296 2926; baseline 0.002 -19"><span class='ocrx_word' id='word_1_276' title='bbox 23 2849 100 2914; x_wconf 74' lang='lat' dir='ltr'>ures,</span> <span class='ocrx_word' id='word_1_277' title='bbox 113 2847 161 2921; x_wconf 85' lang='lat' dir='ltr'>uui</span> <span class='ocrx_word' id='word_1_278' title='bbox 175 2848 295 2909; x_wconf 86' lang='lat' dir='ltr'>divitias</span> <span class='ocrx_word' id='word_1_279' title='bbox 310 2847 452 2910; x_wconf 83' lang='lat' dir='ltr'>bontuns</span> <span class='ocrx_word' id='word_1_280' title='bbox 472 2865 545 2911; x_wconf 89' lang='lat' dir='ltr'>suae</span> <span class='ocrx_word' id='word_1_281' title='bbox 566 2849 632 2912; x_wconf 90' lang='lat' dir='ltr'>sine</span> <span class='ocrx_word' id='word_1_282' title='bbox 660 2850 793 2926; x_wconf 81' lang='lat' dir='ltr'>graviori</span> <span class='ocrx_word' id='word_1_283' title='bbox 808 2848 933 2922; x_wconf 89' lang='lat' dir='ltr'>laetitia,</span> <span class='ocrx_word' id='word_1_284' title='bbox 960 2847 1083 2910; x_wconf 85' lang='lat' dir='ltr'>nanens</span> <span class='ocrx_word' id='word_1_285' title='bbox 1099 2847 1160 2910; x_wconf 94' lang='lat' dir='ltr'>imo</span> <span class='ocrx_word' id='word_1_286' title='bbox 1176 2854 1296 2926; x_wconf 82' lang='lat' dir='ltr'>pectore</span> 
     </span>
     <span class='ocr_line' id='line_1_33' title="bbox 23 2915 1296 3007; baseline 0.013 -34"><span class='ocrx_word' id='word_1_287' title='bbox 23 2915 74 2978; x_wconf 92' lang='lat' dir='ltr'>ullo</span> <span class='ocrx_word' id='word_1_288' title='bbox 90 2919 203 2989; x_wconf 88' lang='lat' dir='ltr'>deiectu</span> <span class='ocrx_word' id='word_1_289' title='bbox 217 2928 275 2988; x_wconf 87' lang='lat' dir='ltr'>scit</span> <span class='ocrx_word' id='word_1_290' title='bbox 296 2927 463 3000; x_wconf 72' lang='lat' dir='ltr'>estundere,</span> <span class='ocrx_word' id='word_1_291' title='bbox 478 2935 509 2990; x_wconf 94' lang='lat' dir='ltr'>et</span> <span class='ocrx_word' id='word_1_292' title='bbox 523 2928 631 3003; x_wconf 88' lang='lat' dir='ltr'>nescit,</span> <span class='ocrx_word' id='word_1_293' title='bbox 662 2929 749 3007; x_wconf 90' lang='lat' dir='ltr'>longa</span> <span class='ocrx_word' id='word_1_294' title='bbox 765 2930 906 3006; x_wconf 81' lang='lat' dir='ltr'>suspiria,</span> <span class='ocrx_word' id='word_1_295' title='bbox 926 2945 942 2992; x_wconf 89' lang='lat' dir='ltr'>a</span> <span class='ocrx_word' id='word_1_296' title='bbox 957 2925 1107 3004; x_wconf 86' lang='lat' dir='ltr'>sacrilegii</span> <span class='ocrx_word' id='word_1_297' title='bbox 1125 2929 1221 3004; x_wconf 84' lang='lat' dir='ltr'>impio</span> <span class='ocrx_word' id='word_1_298' title='bbox 1234 2942 1296 2990; x_wconf 89' lang='lat' dir='ltr'>sce·</span> 
     </span>
     <span class='ocr_line' id='line_1_34' title="bbox 23 3001 1294 3088; baseline 0.013 -34"><span class='ocrx_word' id='word_1_299' title='bbox 23 3009 77 3057; x_wconf 87' lang='lat' dir='ltr'>cum</span> <span class='ocrx_word' id='word_1_300' title='bbox 96 3001 240 3082; x_wconf 83' lang='lat' dir='ltr'>adederit,</span> <span class='ocrx_word' id='word_1_301' title='bbox 262 3007 397 3070; x_wconf 87' lang='lat' dir='ltr'>vacuari.</span> <span class='ocrx_word' id='word_1_302' title='bbox 661 3008 781 3088; x_wconf 84' lang='lat' dir='ltr'>lerepio</span> <span class='ocrx_word' id='word_1_303' title='bbox 793 3009 1116 3070; x_wconf 81' lang='lat' dir='ltr'>hortamioereuocare</span> <span class='ocrx_word' id='word_1_304' title='bbox 1129 3013 1294 3086; x_wconf 84' lang='lat' dir='ltr'>pertentat.</span> 
     </span>
     <span class='ocr_line' id='line_1_35' title="bbox 59 3075 1296 3175; baseline 0.006 -35"><span class='ocrx_word' id='word_1_305' title='bbox 59 3075 632 3172; x_wconf 79' lang='lat' dir='ltr'>rigiturcomimpraedictaeurbisloro</span> <span class='ocrx_word' id='word_1_306' title='bbox 661 3089 720 3151; x_wconf 88' lang='lat' dir='ltr'>Sed</span> <span class='ocrx_word' id='word_1_307' title='bbox 736 3089 833 3152; x_wconf 85' lang='lat' dir='ltr'>inrisa</span> <span class='ocrx_word' id='word_1_308' title='bbox 854 3104 975 3168; x_wconf 81' lang='lat' dir='ltr'>semper</span> <span class='ocrx_word' id='word_1_309' title='bbox 997 3089 1138 3175; x_wconf 81' lang='lat' dir='ltr'>ignaviae</span> <span class='ocrx_word' id='word_1_310' title='bbox 1160 3087 1296 3148; x_wconf 85' lang='lat' dir='ltr'>remedia</span> 
     </span>
     <span class='ocr_line' id='line_1_36' title="bbox 23 3159 1297 3247; baseline 0.007 -28"><span class='ocrx_word' id='word_1_311' title='bbox 23 3159 182 3245; x_wconf 76' lang='lat' dir='ltr'>cousedrsset</span> <span class='ocrx_word' id='word_1_312' title='bbox 201 3165 334 3240; x_wconf 85' lang='lat' dir='ltr'>Praeses,</span> <span class='ocrx_word' id='word_1_313' title='bbox 355 3165 456 3228; x_wconf 89' lang='lat' dir='ltr'>altiori</span> <span class='ocrx_word' id='word_1_314' title='bbox 478 3166 548 3230; x_wconf 89' lang='lat' dir='ltr'>sede</span> <span class='ocrx_word' id='word_1_315' title='bbox 567 3185 632 3232; x_wconf 91' lang='lat' dir='ltr'>cae·</span> <span class='ocrx_word' id='word_1_316' title='bbox 660 3174 742 3241; x_wconf 88' lang='lat' dir='ltr'>suat,</span> <span class='ocrx_word' id='word_1_317' title='bbox 763 3185 841 3245; x_wconf 82' lang='lat' dir='ltr'>quae</span> <span class='ocrx_word' id='word_1_318' title='bbox 863 3171 964 3247; x_wconf 85' lang='lat' dir='ltr'>perire</span> <span class='ocrx_word' id='word_1_319' title='bbox 978 3167 1106 3230; x_wconf 84' lang='lat' dir='ltr'>arbrtrio</span> <span class='ocrx_word' id='word_1_320' title='bbox 1120 3182 1187 3240; x_wconf 90' lang='lat' dir='ltr'>suo,</span> <span class='ocrx_word' id='word_1_321' title='bbox 1203 3181 1297 3244; x_wconf 84' lang='lat' dir='ltr'>quam</span> 
     </span>
     <span class='ocr_line' id='line_1_37' title="bbox 25 3237 1297 3324; baseline 0.005 -24"><span class='ocrx_word' id='word_1_322' title='bbox 25 3237 83 3324; x_wconf 78' lang='lat' dir='ltr'>ltus</span> <span class='ocrx_word' id='word_1_323' title='bbox 100 3241 274 3320; x_wconf 83' lang='lat' dir='ltr'>sublimior,</span> <span class='ocrx_word' id='word_1_324' title='bbox 295 3251 327 3307; x_wconf 93' lang='lat' dir='ltr'>et</span> <span class='ocrx_word' id='word_1_325' title='bbox 347 3245 500 3324; x_wconf 88' lang='lat' dir='ltr'>quendam</span> <span class='ocrx_word' id='word_1_326' title='bbox 524 3247 632 3310; x_wconf 84' lang='lat' dir='ltr'>delerit</span> <span class='ocrx_word' id='word_1_327' title='bbox 660 3247 1036 3320; x_wconf 85' lang='lat' dir='ltr'>alienoserrariconslllo,</span> <span class='ocrx_word' id='word_1_328' title='bbox 1051 3244 1297 3308; x_wconf 82' lang='lat' dir='ltr'>mavultlnmo-</span> 
     </span>
     <span class='ocr_line' id='line_1_38' title="bbox 24 3309 1298 3406; baseline 0.012 -33"><span class='ocrx_word' id='word_1_329' title='bbox 24 3309 147 3400; x_wconf 75' lang='lat' dir='ltr'>lacrumis</span> <span class='ocrx_word' id='word_1_330' title='bbox 165 3338 252 3387; x_wconf 87' lang='lat' dir='ltr'>reum</span> <span class='ocrx_word' id='word_1_331' title='bbox 274 3324 383 3388; x_wconf 88' lang='lat' dir='ltr'>ultimo</span> <span class='ocrx_word' id='word_1_332' title='bbox 404 3327 503 3388; x_wconf 84' lang='lat' dir='ltr'>crucis</span> <span class='ocrx_word' id='word_1_333' title='bbox 517 3326 632 3406; x_wconf 78' lang='lat' dir='ltr'>suppli·</span> <span class='ocrx_word' id='word_1_334' title='bbox 661 3329 735 3390; x_wconf 86' lang='lat' dir='ltr'>dum</span> <span class='ocrx_word' id='word_1_335' title='bbox 751 3327 888 3402; x_wconf 89' lang='lat' dir='ltr'>utilium,</span> <span class='ocrx_word' id='word_1_336' title='bbox 915 3327 1144 3390; x_wconf 86' lang='lat' dir='ltr'>incommodum</span> <span class='ocrx_word' id='word_1_337' title='bbox 1159 3323 1298 3403; x_wconf 79' lang='lat' dir='ltr'>volupta-</span> 
     </span>
     <span class='ocr_line' id='line_1_39' title="bbox 25 3402 1296 3484; baseline 0.013 -36"><span class='ocrx_word' id='word_1_338' title='bbox 25 3402 237 3467; x_wconf 71' lang='lat' dir='ltr'>naernnema</span> <span class='ocrx_word' id='word_1_339' title='bbox 249 3419 342 3482; x_wconf 79' lang='lat' dir='ltr'>poena</span> <span class='ocrx_word' id='word_1_340' title='bbox 356 3404 482 3483; x_wconf 82' lang='lat' dir='ltr'>patibuli</span> <span class='ocrx_word' id='word_1_341' title='bbox 493 3405 633 3468; x_wconf 89' lang='lat' dir='ltr'>damnas·</span> <span class='ocrx_word' id='word_1_342' title='bbox 663 3407 701 3468; x_wconf 91' lang='lat' dir='ltr'>tis</span> <span class='ocrx_word' id='word_1_343' title='bbox 720 3407 898 3482; x_wconf 88' lang='lat' dir='ltr'>examinat,</span> <span class='ocrx_word' id='word_1_344' title='bbox 930 3406 1102 3484; x_wconf 82' lang='lat' dir='ltr'>blandaque</span> <span class='ocrx_word' id='word_1_345' title='bbox 1130 3405 1219 3467; x_wconf 80' lang='lat' dir='ltr'>noxia</span> <span class='ocrx_word' id='word_1_346' title='bbox 1241 3419 1296 3482; x_wconf 82' lang='lat' dir='ltr'>pro</span> 
     </span>
     <span class='ocr_line' id='line_1_40' title="bbox 26 3477 1297 3564; baseline 0.006 -27"><span class='ocrx_word' id='word_1_347' title='bbox 26 3477 126 3564; x_wconf 57' lang='lat' dir='ltr'>teucro</span> <span class='ocrx_word' id='word_1_348' title='bbox 163 3483 631 3562; x_wconf 87' lang='lat' dir='ltr'>ratbeatusantistesediorum,</span> <span class='ocrx_word' id='word_1_349' title='bbox 661 3486 753 3548; x_wconf 84' lang='lat' dir='ltr'>rectis</span> <span class='ocrx_word' id='word_1_350' title='bbox 767 3485 1094 3550; x_wconf 86' lang='lat' dir='ltr'>acnecessariislrabet.</span> <span class='ocrx_word' id='word_1_351' title='bbox 1117 3485 1201 3546; x_wconf 87' lang='lat' dir='ltr'>Totis</span> <span class='ocrx_word' id='word_1_352' title='bbox 1222 3500 1297 3562; x_wconf 91' lang='lat' dir='ltr'>ergo</span> 
     </span>
     <span class='ocr_line' id='line_1_41' title="bbox 27 3559 1297 3643; baseline 0.002 -20"><span class='ocrx_word' id='word_1_353' title='bbox 27 3559 110 3622; x_wconf 75' lang='lat' dir='ltr'>term</span> <span class='ocrx_word' id='word_1_354' title='bbox 147 3562 441 3642; x_wconf 83' lang='lat' dir='ltr'>raesideritamjam</span> <span class='ocrx_word' id='word_1_355' title='bbox 454 3573 634 3643; x_wconf 81' lang='lat' dir='ltr'>metuprae</span> <span class='ocrx_word' id='word_1_356' title='bbox 662 3565 773 3628; x_wconf 84' lang='lat' dir='ltr'>luroris</span> <span class='ocrx_word' id='word_1_357' title='bbox 802 3565 934 3630; x_wconf 85' lang='lat' dir='ltr'>stimulis</span> <span class='ocrx_word' id='word_1_358' title='bbox 965 3567 998 3628; x_wconf 89' lang='lat' dir='ltr'>in</span> <span class='ocrx_word' id='word_1_359' title='bbox 1026 3565 1174 3640; x_wconf 83' lang='lat' dir='ltr'>injuriam</span> <span class='ocrx_word' id='word_1_360' title='bbox 1200 3563 1297 3628; x_wconf 89' lang='lat' dir='ltr'>sancti</span> 
     </span>
     <span class='ocr_line' id='line_1_42' title="bbox 27 3637 1295 3724; baseline 0.015 -37"><span class='ocrx_word' id='word_1_361' title='bbox 27 3637 132 3722; x_wconf 79' lang='lat' dir='ltr'>nortui:</span> <span class='ocrx_word' id='word_1_362' title='bbox 154 3656 213 3705; x_wconf 90' lang='lat' dir='ltr'>non</span> <span class='ocrx_word' id='word_1_363' title='bbox 234 3645 389 3722; x_wconf 77' lang='lat' dir='ltr'>impetrat:</span> <span class='ocrx_word' id='word_1_364' title='bbox 413 3647 503 3708; x_wconf 91' lang='lat' dir='ltr'>iterat</span> <span class='ocrx_word' id='word_1_365' title='bbox 516 3661 632 3724; x_wconf 84' lang='lat' dir='ltr'>preces,</span> <span class='ocrx_word' id='word_1_366' title='bbox 663 3645 721 3709; x_wconf 90' lang='lat' dir='ltr'>riri</span> <span class='ocrx_word' id='word_1_367' title='bbox 736 3645 914 3708; x_wconf 88' lang='lat' dir='ltr'>seditiosum</span> <span class='ocrx_word' id='word_1_368' title='bbox 937 3645 1049 3724; x_wconf 85' lang='lat' dir='ltr'>vulgus</span> <span class='ocrx_word' id='word_1_369' title='bbox 1069 3645 1195 3718; x_wconf 84' lang='lat' dir='ltr'>exarsit,</span> <span class='ocrx_word' id='word_1_370' title='bbox 1223 3661 1295 3706; x_wconf 91' lang='lat' dir='ltr'>cum</span> 
     </span>
     <span class='ocr_line' id='line_1_43' title="bbox 28 3720 1298 3804; baseline 0.016 -40"><span class='ocrx_word' id='word_1_371' title='bbox 28 3720 171 3803; x_wconf 83' lang='lat' dir='ltr'>oratronem</span> <span class='ocrx_word' id='word_1_372' title='bbox 197 3725 276 3801; x_wconf 80' lang='lat' dir='ltr'>apud</span> <span class='ocrx_word' id='word_1_373' title='bbox 309 3724 433 3788; x_wconf 89' lang='lat' dir='ltr'>surdum</span> <span class='ocrx_word' id='word_1_374' title='bbox 460 3723 632 3788; x_wconf 83' lang='lat' dir='ltr'>Praesident</span> <span class='ocrx_word' id='word_1_375' title='bbox 661 3724 935 3804; x_wconf 83' lang='lat' dir='ltr'>piailleedrersus</span> <span class='ocrx_word' id='word_1_376' title='bbox 954 3727 1298 3788; x_wconf 86' lang='lat' dir='ltr'>saevientesarmacor·</span> 
     </span>
     <span class='ocr_line' id='line_1_44' title="bbox 29 3791 1295 3884; baseline 0.003 -24"><span class='ocrx_word' id='word_1_377' title='bbox 29 3791 116 3860; x_wconf 73' lang='lat' dir='ltr'>lerdrt.</span> <span class='ocrx_word' id='word_1_378' title='bbox 135 3796 234 3879; x_wconf 81' lang='lat' dir='ltr'>inque</span> <span class='ocrx_word' id='word_1_379' title='bbox 254 3805 381 3866; x_wconf 85' lang='lat' dir='ltr'>antistes</span> <span class='ocrx_word' id='word_1_380' title='bbox 398 3804 435 3867; x_wconf 91' lang='lat' dir='ltr'>ad</span> <span class='ocrx_word' id='word_1_381' title='bbox 456 3803 564 3868; x_wconf 85' lang='lat' dir='ltr'>cellam</span> <span class='ocrx_word' id='word_1_382' title='bbox 586 3819 632 3866; x_wconf 87' lang='lat' dir='ltr'>re·</span> <span class='ocrx_word' id='word_1_383' title='bbox 660 3805 790 3884; x_wconf 79' lang='lat' dir='ltr'>cinicus,</span> <span class='ocrx_word' id='word_1_384' title='bbox 805 3803 946 3868; x_wconf 88' lang='lat' dir='ltr'>cellulam</span> <span class='ocrx_word' id='word_1_385' title='bbox 967 3806 1089 3882; x_wconf 83' lang='lat' dir='ltr'>repetit,</span> <span class='ocrx_word' id='word_1_386' title='bbox 1115 3811 1212 3866; x_wconf 87' lang='lat' dir='ltr'>terrae</span> <span class='ocrx_word' id='word_1_387' title='bbox 1227 3818 1295 3881; x_wconf 81' lang='lat' dir='ltr'>pro·</span> 
     </span>
     <span class='ocr_line' id='line_1_45' title="bbox 30 3869 1297 3962; baseline 0.003 -24"><span class='ocrx_word' id='word_1_388' title='bbox 30 3869 109 3947; x_wconf 64' lang='lat' dir='ltr'>lidii,</span> <span class='ocrx_word' id='word_1_389' title='bbox 123 3881 214 3944; x_wconf 87' lang='lat' dir='ltr'>terrae</span> <span class='ocrx_word' id='word_1_390' title='bbox 225 3885 436 3960; x_wconf 81' lang='lat' dir='ltr'>prosternitur,</span> <span class='ocrx_word' id='word_1_391' title='bbox 451 3884 551 3946; x_wconf 85' lang='lat' dir='ltr'>tundit</span> <span class='ocrx_word' id='word_1_392' title='bbox 565 3899 631 3962; x_wconf 88' lang='lat' dir='ltr'>pre·</span> <span class='ocrx_word' id='word_1_393' title='bbox 660 3884 821 3959; x_wconf 88' lang='lat' dir='ltr'>sternitur,</span> <span class='ocrx_word' id='word_1_394' title='bbox 843 3883 945 3946; x_wconf 86' lang='lat' dir='ltr'>tundit</span> <span class='ocrx_word' id='word_1_395' title='bbox 961 3884 1067 3946; x_wconf 88' lang='lat' dir='ltr'>uberes</span> <span class='ocrx_word' id='word_1_396' title='bbox 1090 3899 1144 3962; x_wconf 85' lang='lat' dir='ltr'>pro</span> <span class='ocrx_word' id='word_1_397' title='bbox 1161 3882 1297 3944; x_wconf 87' lang='lat' dir='ltr'>nostibus</span> 
     </span>
     <span class='ocr_line' id='line_1_46' title="bbox 31 3957 1296 4056; baseline 0.004 -37"><span class='ocrx_word' id='word_1_398' title='bbox 31 3957 75 4019; x_wconf 69' lang='lat'>00⁸,</span> <span class='ocrx_word' id='word_1_399' title='bbox 93 3958 209 4035; x_wconf 78' lang='lat' dir='ltr'>suspiria</span> <span class='ocrx_word' id='word_1_400' title='bbox 228 3962 376 4040; x_wconf 87' lang='lat' dir='ltr'>geminat,</span> <span class='ocrx_word' id='word_1_401' title='bbox 404 3961 504 4024; x_wconf 89' lang='lat' dir='ltr'>tundit</span> <span class='ocrx_word' id='word_1_402' title='bbox 525 3961 632 4026; x_wconf 88' lang='lat' dir='ltr'>crebro</span> <span class='ocrx_word' id='word_1_403' title='bbox 660 3965 773 4039; x_wconf 89' lang='lat' dir='ltr'>tletus,</span> <span class='ocrx_word' id='word_1_404' title='bbox 797 3964 967 4041; x_wconf 88' lang='lat' dir='ltr'>ingeminat</span> <span class='ocrx_word' id='word_1_405' title='bbox 988 3979 1042 4056; x_wconf 83' lang='lat' dir='ltr'>pro</span> <span class='ocrx_word' id='word_1_406' title='bbox 1074 3961 1208 4024; x_wconf 87' lang='lat' dir='ltr'>inimicis</span> <span class='ocrx_word' id='word_1_407' title='bbox 1238 3963 1296 4026; x_wconf 88' lang='lat' dir='ltr'>atta</span> 
     </span>
     <span class='ocr_line' id='line_1_47' title="bbox 32 4027 1297 4122; baseline 0.008 -30"><span class='ocrx_word' id='word_1_408' title='bbox 32 4027 133 4112; x_wconf 64' lang='lat' dir='ltr'>lubere</span> <span class='ocrx_word' id='word_1_409' title='bbox 150 4051 285 4104; x_wconf 78' lang='lat' dir='ltr'>mactum</span> <span class='ocrx_word' id='word_1_410' title='bbox 309 4050 424 4120; x_wconf 81' lang='lat' dir='ltr'>pectus:</span> <span class='ocrx_word' id='word_1_411' title='bbox 442 4043 517 4119; x_wconf 79' lang='lat' dir='ltr'>petit</span> <span class='ocrx_word' id='word_1_412' title='bbox 535 4059 551 4106; x_wconf 89' lang='lat' dir='ltr'>a</span> <span class='ocrx_word' id='word_1_413' title='bbox 575 4042 633 4104; x_wconf 86' lang='lat' dir='ltr'>Do·</span> <span class='ocrx_word' id='word_1_414' title='bbox 659 4043 799 4122; x_wconf 84' lang='lat' dir='ltr'>suspiria,</span> <span class='ocrx_word' id='word_1_415' title='bbox 820 4043 896 4120; x_wconf 83' lang='lat' dir='ltr'>petit</span> <span class='ocrx_word' id='word_1_416' title='bbox 916 4049 1038 4106; x_wconf 82' lang='lat' dir='ltr'>uterne</span> <span class='ocrx_word' id='word_1_417' title='bbox 1059 4057 1133 4104; x_wconf 88' lang='lat' dir='ltr'>nece</span> <span class='ocrx_word' id='word_1_418' title='bbox 1147 4055 1225 4112; x_wconf 87' lang='lat' dir='ltr'>sua,</span> <span class='ocrx_word' id='word_1_419' title='bbox 1248 4039 1297 4102; x_wconf 88' lang='lat' dir='ltr'>rel</span> 
     </span>
     <span class='ocr_line' id='line_1_48' title="bbox 35 4112 1297 4214; baseline -0.002 -29"><span class='ocrx_word' id='word_1_420' title='bbox 35 4112 109 4185; x_wconf 72' lang='lat'><strong>¹¹¹¹110,</strong></span> <span class='ocrx_word' id='word_1_421' title='bbox 127 4119 201 4193; x_wconf 78' lang='lat' dir='ltr'>cuod</span> <span class='ocrx_word' id='word_1_422' title='bbox 220 4138 237 4184; x_wconf 90' lang='lat' dir='ltr'>a</span> <span class='ocrx_word' id='word_1_423' title='bbox 258 4119 397 4184; x_wconf 87' lang='lat' dir='ltr'>Praeside</span> <span class='ocrx_word' id='word_1_424' title='bbox 411 4121 552 4184; x_wconf 85' lang='lat' dir='ltr'>obtinere</span> <span class='ocrx_word' id='word_1_425' title='bbox 575 4137 631 4184; x_wconf 89' lang='lat' dir='ltr'>ne·</span> <span class='ocrx_word' id='word_1_426' title='bbox 660 4129 742 4188; x_wconf 89' lang='lat' dir='ltr'>certe</span> <span class='ocrx_word' id='word_1_427' title='bbox 758 4123 890 4214; x_wconf 72' lang='lat' dir='ltr'>propria,</span> <span class='ocrx_word' id='word_1_428' title='bbox 905 4122 1108 4185; x_wconf 87' lang='lat' dir='ltr'>saevientium</span> <span class='ocrx_word' id='word_1_429' title='bbox 1124 4121 1208 4182; x_wconf 88' lang='lat' dir='ltr'>turer</span> <span class='ocrx_word' id='word_1_430' title='bbox 1221 4119 1297 4182; x_wconf 91' lang='lat' dir='ltr'>desi·</span> 
     </span>
     <span class='ocr_line' id='line_1_49' title="bbox 35 4201 1298 4364; baseline 0.001 -67"><span class='ocrx_word' id='word_1_431' title='bbox 35 4244 153 4353; x_wconf 50' lang='lat' dir='ltr'>te:dignita</span> <span class='ocrx_word' id='word_1_432' title='bbox 166 4265 206 4310; x_wconf 83' lang='lat' dir='ltr'>est,</span> <span class='ocrx_word' id='word_1_433' title='bbox 219 4273 246 4304; x_wconf 81' lang='lat' dir='ltr'>ex</span> <span class='ocrx_word' id='word_1_434' title='bbox 260 4273 307 4314; x_wconf 90' lang='lat' dir='ltr'>quo</span> <span class='ocrx_word' id='word_1_435' title='bbox 322 4265 399 4306; x_wconf 71' lang='lat' dir='ltr'>emula</span> <span class='ocrx_word' id='word_1_436' title='bbox 415 4265 486 4307; x_wconf 79' lang='lat' dir='ltr'>Pierii</span> <span class='ocrx_word' id='word_1_437' title='bbox 507 4273 579 4316; x_wconf 71' lang='lat' dir='ltr'>opera</span> <span class='ocrx_word' id='word_1_438' title='bbox 598 4265 633 4306; x_wconf 88' lang='lat' dir='ltr'>ln·</span> <span class='ocrx_word' id='word_1_439' title='bbox 659 4211 763 4364; x_wconf 40' lang='lat' dir='ltr'>33?ss</span> <span class='ocrx_word' id='word_1_440' title='bbox 772 4202 863 4358; x_wconf 51' lang='grc' dir='ltr'>Ἢ</span> <span class='ocrx_word' id='word_1_441' title='bbox 873 4201 931 4354; x_wconf 50' lang='grc'><strong>11111186,</strong></span> <span class='ocrx_word' id='word_1_442' title='bbox 944 4207 1298 4359; x_wconf 51' lang='lat' dir='ltr'>ggguffiggffitffipg:</span> 
     </span>
     <span class='ocr_line' id='line_1_50' title="bbox 54 4325 1297 4442; baseline -0.006 -13"><span class='ocrx_word' id='word_1_443' title='bbox 54 4325 150 4428; x_wconf 45' lang='grc' dir='ltr'><strong>’Ὗῖιῗέο</strong></span> <span class='ocrx_word' id='word_1_444' title='bbox 163 4385 250 4429; x_wconf 67' lang='lat' dir='ltr'>mea...</span> <span class='ocrx_word' id='word_1_445' title='bbox 661 4364 709 4442; x_wconf 84' lang='lat' dir='ltr'>pia</span> <span class='ocrx_word' id='word_1_446' title='bbox 730 4363 809 4440; x_wconf 81' lang='lat' dir='ltr'>apud</span> <span class='ocrx_word' id='word_1_447' title='bbox 833 4359 1060 4424; x_wconf 86' lang='lat' dir='ltr'>misericordem</span> <span class='ocrx_word' id='word_1_448' title='bbox 1082 4357 1197 4437; x_wconf 81' lang='lat' dir='ltr'>Regem</span> <span class='ocrx_word' id='word_1_449' title='bbox 1228 4365 1297 4422; x_wconf 90' lang='lat' dir='ltr'>rota</span> 
     </span>
    </p>
   </div>
   <div class='ocr_carea' id='block_1_4' title="bbox 0 0 1475 4810">
    <p class='ocr_par' dir='ltr' id='par_1_5' title="bbox 0 0 1475 4810">
     <span class='ocr_line' id='line_1_51' title="bbox 0 0 1475 4810; baseline 0 0"><span class='ocrx_word' id='word_1_450' title='bbox 0 0 1475 4810; x_wconf 95' lang='lat' dir='ltr'> </span> 
     </span>
    </p>
   </div>
  </div>
 </body>
</html>
