2946 4798
577 431 759 512 easuu
792 427 1084 512 sununomn

385 623 461 724 on
507 617 795 724 sinatis
846 619 1275 724 turturibus

420 827 492 906 Qut
518 825 708 892 rutubus
733 825 976 892 turtureum
1000 825 1049 892 tu
1074 825 1241 892 HERODE

705 999 961 1075 ultum

238 1202 325 1260 putu
348 1201 389 1248 EX
413 1201 476 1248 Slll.
498 1201 733 1262 utraruutstu,
758 1203 775 1248 V
799 1199 859 1250 SUO
884 1199 966 1250 totto
989 1197 1138 1250 trtsntttttr
1161 1199 1213 1247 AL·
1233 1197 1399 1248 Ltrotatttb·

238 1397 257 1484 ἓ
279 1399 320 1468 1.
344 1398 480 1464 Rursus
503 1414 606 1464 senex
621 1414 683 1483 ego
702 1391 855 1462 deducor
871 1391 915 1462 ad
931 1391 1082 1462 studium
1104 1393 1314 1462 orationum.
1334 1395 1429 1460 ltursu

196 1481 337 1574 perinde
361 1505 401 1552 ac
422 1494 542 1564 mater,
560 1504 648 1572 quae
665 1481 831 1552 laboravit
856 1482 889 1550 iu
921 1480 1041 1552 multis
1066 1481 1261 1552 nutriendis
1287 1479 1370 1557 liliis,
1391 1477 1429 1544 in·

195 1572 358 1642 berillum
382 1583 414 1640 et
437 1591 585 1662 egenum
610 1571 696 1642 uber
726 1593 821 1642 meac
853 1570 1064 1641 humilitatis
1083 1593 1189 1664 cogor
1210 1561 1429 1659 exprimenti

196 1674 328 1731 tanturn
355 1660 536 1750 populum.
564 1664 603 1730 Et
617 1660 697 1748 quis
711 1670 773 1741 est,
792 1659 852 1748 qui
870 1680 925 1728 rue
949 1660 1063 1750 cogit?
1081 1661 1143 1730 llic
1170 1680 1321 1760 magnus
1341 1653 1430 1751 fluunt
1459 1651 1460 1742 l

196 1750 398 1842 Euphrates;
425 1762 458 1820 et
482 1748 558 1819 ideo
580 1770 693 1838 pareo.
710 1753 822 1820 Potest
837 1748 930 1818 enirn
946 1769 987 1818 ex
1000 1771 1063 1820 sua
1078 1748 1319 1828 inundatione,
1332 1746 1431 1816 dicero
1459 1747 1460 1754 ’

196 1841 229 1908 in
250 1860 304 1908 mc
322 1839 475 1926 aliquem
489 1837 643 1908 derivare
659 1838 809 1928 copiam;
827 1849 861 1908 et
876 1849 1019 1920 tantam,
1034 1851 1198 1926 quantam
1219 1847 1329 1927 potest
1346 1851 1428 1922 capet
1460 1897 1461 1908 ,

195 1929 331 1999 animae
356 1947 452 1998 meae
467 1927 652 2018 capacitas.
673 1931 760 1997 Sunt
774 1927 880 2009 enirn,
898 1949 919 1996 o
938 1925 1071 2009 fratres,
1099 1927 1193 2017 pleni
1211 1926 1351 2013 quidem
1365 1917 1431 1990 nelle

194 2017 262 2088 lavi
287 2017 564 2108 scripturarum,
587 2027 619 2086 et
646 2014 742 2085 dulci
766 2037 841 2088 rore
864 2015 1005 2086 abunde
1034 2028 1165 2088 scatent
1193 2015 1295 2097 alvei,
1321 2011 1395 2084 adeo
1411 2024 1432 2074 tt
1461 2059 1462 2064 ,

196 2106 296 2176 liceat
315 2105 491 2186 studiosis,
517 2127 576 2175 eos
599 2103 729 2193 absque
753 2103 827 2175 ullo
850 2103 967 2174 labore
989 2104 1278 2195 exprimentibus,
1305 2105 1431 2198 virtutus

195 2195 392 2265 ebrietatem
412 2195 445 2263 in
473 2195 547 2264 suis
579 2192 691 2264 locare
714 2193 854 2276 animis,
880 2205 1036 2281 quaeest
1066 2204 1175 2264 mater
1198 2205 1265 2266 tem
1316 2203 1431 2262 rantur,

194 2283 405 2365 ebrietatem,
426 2304 515 2370 quae
532 2282 731 2373 vigilantem
748 2295 860 2354 serrat
874 2284 1034 2354 obtutum
1058 2283 1219 2364 animae;
1253 2303 1272 2352 e
1300 2281 1432 2352 rietatem.

194 2395 284 2461 quae
300 2372 414 2444 lucem
431 2372 583 2442 veritatis
601 2395 636 2443 re
662 2372 735 2443 onit
762 2371 962 2454 inanimis,
984 2372 1044 2460 qni
1071 2393 1208 2462 semper
1231 2370 1433 2461 complentur:

194 2462 411 2562 ebrietatem,
432 2482 521 2548 quas
545 2482 613 2532 non
638 2395 720 2532 dacis
746 2471 911 2542 amentes,
940 2483 1003 2532 nec
1022 2481 1093 2542 eos,
1113 2461 1173 2548 qui
1200 2460 1337 2541 bibunt,
1357 2453 1434 2526 mbe·
1462 2385 1465 2550 l

193 2551 292 2622 cillos
317 2549 429 2620 reddit
450 2571 491 2619 ex
515 2551 716 2632 satietatem,
739 2550 798 2621 sed
825 2549 980 2620 membra
996 2549 1112 2640 potius
1129 2549 1342 2628 corroborat,
1358 2557 1383 2615 et
1399 2561 1436 2609 tt·
1463 2561 1465 2638 r

196 2639 262 2710 mis
274 2639 430 2729 justitiae
452 2647 564 2708 armat
589 2639 756 2710 adversus
782 2650 972 2729 peccatum
991 2639 1203 2720 ebrietatem,
1229 2659 1300 2726 qua
1321 2637 1380 2708 suit
1401 2651 1436 2698 rc
1464 2649 1465 2696 t

197 2728 308 2814 plotus
332 2728 460 2798 chorus
483 2727 734 2885 Apostolorum,
761 2727 904 2816 quando
930 2748 1006 2798 rore
1034 2727 1197 2817 spiritus,
1229 2728 1332 2815 quie
1359 2718 1435 2794 coelis
1463 2713 1465 2746 ¹

194 2817 348 2898 fluxerat,
375 2818 411 2886 in
432 2838 496 2886 sua
527 2816 634 2907 ingna
650 2829 801 2907 accepto,
820 2826 1107 2908 congregatarum
1141 2815 1299 2908 gentium
1323 2811 1437 2886 auibus

194 2905 371 2976 distribuit
394 2907 463 2975 oris
487 2905 744 2996 operationem,
781 2905 1060 2994 uuiuscujusque
1094 2925 1209 2976 rocem
1243 2905 1284 2976 ed
1310 2901 1437 2974 omniun

194 2993 348 3084 gentium
367 3015 491 3064 sensus
507 2993 790 3066 accommodante
804 3007 836 3066 et
851 2993 1035 3086 adaptante
1048 2994 1170 3086 gratia,
1189 2993 1289 3076 adeo,
1305 3005 1342 3064 ut
1356 2992 1438 3062 tuer-

194 3083 487 3184 tumusermonis,
513 3082 605 3172 quod
641 3083 915 3176 profundebatur
937 3105 977 3154 ex
1009 3083 1137 3165 labris,
1169 3083 1266 3155 lieret
1300 3079 1438 3152 familiare

194 3192 351 3244 omnium
377 3173 534 3254 auribus,
553 3196 574 3243 a
590 3173 716 3263 spiritu
736 3195 799 3244 suo
819 3171 1061 3244 transformato
1078 3173 1113 3242 in
1138 3171 1186 3254 id,
1205 3173 1300 3260 quod
1323 3180 1438 3242 aratro·

194 3273 337 3353 gnatum
364 3261 457 3334 vocis
471 3261 751 3350 uniuscujusque
768 3284 887 3333 eorum
911 3262 973 3350 qui
996 3261 1195 3332 audiebant.

239 3351 257 3438 ξ
282 3354 327 3422 2.
355 3355 405 3420 tle
422 3363 536 3421 autem
561 3349 748 3422 infantium
783 3351 899 3423 adhuc
922 3372 1022 3421 voces
1045 3352 1329 3430 circumsonant,
1347 3358 1376 3417 et
1401 3363 1439 3444 rof

195 3461 254 3510 eos
270 3438 385 3510 adhuc
409 3439 524 3510 videre
547 3439 707 3521 arbitror,
735 3462 816 3510 voce
835 3437 975 3529 quidem
1002 3437 1192 3510 clamantes
1221 3438 1308 3508 nihil
1335 3435 1439 3525 signib-

196 3540 295 3629 cante
310 3550 390 3598 eum
415 3541 566 3618 stupore,
589 3542 622 3598 et
640 3529 684 3598 ad
698 3529 835 3600 ensium
853 3527 1073 3619 splendorem
1089 3527 1323 3609 conniventes,
1342 3537 1438 3615 etcun

196 3628 317 3717 timore
335 3639 371 3687 se
387 3617 430 3688 ad
452 3617 572 3688 matris
590 3618 704 3700 ulnas,
726 3631 900 3706 tamquam
921 3628 1023 3699 tutas,
1050 3616 1272 3699 inclinantes,
1291 3611 1400 3686 deinde
1414 3625 1438 3672 ut

195 3726 291 3794 ipsos
306 3705 406 3776 sinus
429 3706 628 3778 subeuntes.
649 3707 772 3778 Videor
796 3727 874 3778 rero
894 3706 989 3798 ipsas
1011 3727 1151 3794 quoque
1174 3704 1291 3776 ridere
1323 3715 1437 3772 matres.

196 3792 299 3896 aliam
318 3794 399 3876 alio,
428 3817 489 3886 per
513 3795 635 3867 urbem
660 3808 838 3868 currentes
862 3818 943 3866 cum
972 3795 1043 3866 illis
1067 3793 1326 3866 miserabilibus
1343 3805 1372 3861 et
1385 3781 1440 3856 dul·

194 3883 293 3955 cibus
309 3882 485 3967 oneribus,
513 3897 544 3956 et
560 3886 674 3955 locum
693 3885 794 3975 fugae
817 3896 1034 3973 quaerentes,
1051 3883 1196 3954 stillam
1238 3883 1363 3964 uidem,
1376 3891 1440 3964 tute

197 3995 260 4045 nec
286 3973 470 4044 honestum
487 3985 684 4064 sumpserat
713 3985 949 4066 tegumentum
974 3973 1011 4044 in
1031 3973 1147 4063 vigore
1171 3905 1351 4053 odorum,
1376 3967 1440 4036 batt

195 4076 324 4144 autem,
343 4063 540 4150 quaequod
557 4061 706 4132 babebat
725 4065 761 4134 in
785 4085 893 4134 cursu
908 4060 1022 4133 alieno
1039 4063 1241 4153 projecerat;
1265 4061 1363 4132 aliam
1384 4067 1439 4123 vert

195 4162 322 4221 temere
337 4164 371 4222 et
392 4149 535 4222 consuse
558 4173 675 4222 comas
700 4150 771 4222 lilio
795 4152 1019 4243 injicientem,
1040 4162 1075 4222 et
1097 4150 1160 4222 tali
1179 4159 1368 4242 tegumento
1382 4159 1438 4230 spe

197 4253 328 4310 rantem
349 4263 385 4310 se
405 4262 505 4341 posse
529 4239 695 4310 infantem
726 4241 914 4322 sullurari;
935 4239 1064 4322 aliam,
1089 4229 1438 4330 quae-comprehende·

197 4327 299 4393 batur
322 4328 366 4397 ab
390 4329 433 4402 irs
452 4329 512 4418 qui
538 4329 756 4398 vehementer
781 4329 1087 4420 persequebantur,
1109 4340 1143 4399 et
1169 4327 1292 4399 deinde
1314 4348 1333 4396 a
1356 4335 1438 4393 cursu
