2946 4798
8 292 78 356 nnc.
105 293 147 356 29
413 310 451 356 nu
474 309 502 356 s.
528 308 689 358 xenonum
713 311 833 358 narare
1073 285 1080 319 ³
1151 297 1215 362 547

8 409 28 464 et
48 417 179 464 omnem
204 417 244 465 su
272 407 344 464 erat
375 395 565 476 rationem,
593 395 762 482 quamdiu
796 396 909 466 dictus
936 397 1075 484 quidem
1106 399 1259 470 Malcbus

8 485 205 565 metiebatur,
242 417 452 554 liumentum
489 483 668 554 videbatur
702 483 870 566 diminui,
901 499 933 554 et
958 487 1083 556 minari
1107 487 1259 558 suturam

8 596 66 642 nox
89 585 285 664 egestatem.
311 576 392 642 Cum
424 585 537 642 autem
565 572 728 664 postridie
752 573 1007 663 ingrederetur,
1042 575 1160 645 eadem
1189 597 1260 647 me-

8 663 133 750 mitudo
157 674 229 731 erat
252 675 284 730 et
309 659 398 730 idem
424 661 608 731 cumulus:
637 675 670 731 et
704 664 891 752 apparebat
919 663 1073 753 perinde,
1101 687 1139 733 ac
1164 665 1191 733 si
1219 688 1260 736 ne

8 774 109 820 mrum
139 751 222 838 quid
257 749 409 819 ablatum
442 763 531 820 esset
556 750 677 840 pridie.
705 751 801 832 Quod
827 773 904 820 vero
933 751 1016 822 haec
1043 775 1109 822 non
1145 768 1258 824 essent

8 839 141 997 leceptio
165 839 357 920 oculorum,
394 837 497 908 fidem
519 837 600 910 facit
624 854 771 927 tempus.
801 841 945 911 Tamdiu
969 842 1060 910 enim
1094 841 1258 912 frumenti

8 931 53 998 'uit
92 951 130 998 oe
154 927 359 998 admirabile
372 941 596 1019 augmentum
620 940 653 997 et
669 928 831 1017 acceptio,
848 929 1017 1018 quamdiu
1042 932 1168 1000 mansit
1182 953 1258 1021 gra·

8 1020 41 1086 is
63 1017 119 1086 illa
142 1030 174 1088 et
197 1017 335 1086 intinita
362 1014 481 1085 sames.
510 1016 573 1086 Sed
608 1016 662 1086 his
692 1017 831 1103 quidem
860 1017 1071 1100 ostenditur,
1099 1034 1257 1089 sanctum

8 1121 24 1172 et
52 1107 209 1177 nntriisse
235 1107 352 1185 vivos,
385 1117 417 1174 et
451 1126 672 1177 conservasse
700 1127 757 1175 eos
790 1105 850 1192 qui
881 1121 979 1176 erant
1018 1108 1052 1176 in
1090 1109 1256 1198 periculo.

8 1194 284 1274 luemadmodum
310 1207 423 1263 autem
449 1215 485 1265 se
509 1197 652 1284 gesserit
671 1207 810 1264 sanctus
836 1195 870 1262 in
891 1195 1080 1266 excitandis
1100 1197 1255 1278 mortuis,

8 1296 26 1350 ,t
50 1281 202 1372 fugandis
227 1282 466 1362 daemonibus,
494 1284 607 1353 statim
629 1283 773 1354 dicetur.

37 1374 142 1457 ξπ.
178 1371 381 1463 Aegrotabat
410 1371 573 1458 quidam,
600 1384 632 1441 et
656 1372 689 1441 in
722 1373 807 1442 lecto
840 1371 1090 1455 decumbebat,
1118 1375 1258 1444 nomine

8 1459 121 1542 bidus,
148 1461 269 1530 babitu
296 1461 496 1530 monachus.
520 1465 554 1529 Is
573 1483 652 1530 cum
674 1473 862 1530 extremum
890 1462 963 1549 jam
990 1461 1129 1532 duceret
1154 1464 1257 1554 spiri-

11 1571 71 1624 um,
98 1551 198 1620 mittit
214 1550 255 1619 ad
279 1561 449 1628 sanctum,
478 1561 509 1618 et
534 1563 630 1640 rogat
647 1562 684 1619 ut
707 1550 831 1620 veniat.
850 1554 1032 1636 Postquam
1051 1563 1178 1634 autem,
1202 1554 1257 1622 via

8 1638 145 1720 musceta,
167 1640 230 1726 qui
251 1639 379 1708 missus
402 1636 524 1717 luerat,
545 1639 634 1707 venit
658 1637 700 1706 ad
720 1639 979 1720 monasterium,
998 1651 1030 1708 et
1054 1638 1117 1709 fuit
1141 1660 1256 1710 eoram

8 1745 107 1814 nagno
130 1726 302 1809 blarcell0,
328 1727 492 1814 quoniam
515 1725 571 1796 ille
587 1738 669 1796 tunc
685 1726 727 1796 de
748 1727 850 1797 rebus
874 1726 1063 1797 disserebat
1080 1729 1254 1818 gravibus,

8 1827 25 1880 et
44 1811 80 1882 de
103 1819 209 1886 sacris
223 1815 389 1886 tractabat
405 1815 638 1905 dogmatibus,
659 1815 870 1887 contendens
887 1839 965 1884 cum
989 1817 1144 1886 antistite
1162 1815 1258 1886 Chal-

8 1901 131 1986 :edonis
160 1918 192 1975 et
224 1905 284 1992 qui
310 1905 438 1975 missus
463 1904 594 1983 luerat,
621 1915 672 1973 est
695 1925 863 1985 reversus,
886 1917 917 1974 et
946 1905 1006 1992 qni
1032 1905 1253 1996 aegrotabat,

8 2004 59 2060 net
80 2007 247 2064 mortuus.
275 1997 356 2063 Cum
383 2015 463 2080 ergo
480 1994 552 2080 J'am
574 2001 716 2082 peracta
739 2006 852 2061 essent
876 2015 965 2081 qnae
994 1993 1082 2063 finnt
1107 2005 1255 2075 mortuo,

8 2091 26 2146 et
46 2095 175 2168 paratus
200 2095 291 2152 esset
315 2081 356 2150 ad
389 2079 601 2150 efferendum
629 2082 723 2171 (boc
753 2095 865 2150 autem
900 2103 966 2150 non
993 2081 1060 2152 alia
1084 2081 1127 2151 de
1152 2104 1259 2152 causa

8 2170 156 2252 provisum
182 2170 336 2241 lucrata
361 2171 507 2259 superis
534 2191 638 2256 quam
660 2181 698 2240 ut
723 2171 884 2255 majorem
916 2192 1058 2253 casum,
1085 2186 1117 2240 et
1143 2171 1258 2258 majus

8 2255 201 2342 miraculum,
231 2271 264 2329 et
288 2259 437 2328 Marcelli
462 2259 619 2328 virtutem
638 2259 801 2349 majorem
819 2258 1038 2348 ostenderet),
1062 2260 1122 2330 ubi
1147 2259 1256 2329 sactus

8 2341 58 2411 luit
84 2347 268 2418 disserendi
292 2348 384 2428 sinis,
415 2348 506 2417 venit
529 2347 571 2416 ad
597 2362 793 2436 aegrotum,
826 2362 858 2416 et
885 2369 965 2416 cum
991 2347 1090 2417 illum
1118 2347 1258 2418 vidisset

8 2447 166 2520 mortuum,
189 2437 307 2525 etjam
326 2449 483 2526 paratum
505 2435 546 2505 ad
572 2435 796 2516 efferendum,
821 2448 935 2505 motus
957 2437 1096 2522 quidem
1115 2449 1166 2507 est
1182 2437 1257 2506 ani-

8 2542 57 2600 mo,
79 2537 108 2592 et
137 2527 278 2616 exejus
312 2525 410 2616 genis
434 2524 586 2594 linebant
611 2523 803 2614 lacrymae:
843 2545 952 2611 neque
980 2526 1111 2596 remisit
1144 2539 1255 2594 tamen

8 2627 85 2681 suam
108 2613 147 2683 ad
172 2619 281 2684 Deum
300 2613 476 2694 fiduciam,
496 2613 555 2682 sed
581 2635 660 2682 cum
684 2635 806 2682 manus
820 2613 925 2682 simul
950 2626 982 2682 et
998 2613 1117 2684 oculos
1140 2615 1257 2683 eteni-

8 2702 139 2771 named
167 2725 249 2774 enm
278 2702 484 2780 sustulisset,
512 2714 563 2771 est
595 2701 800 2788 aliquandiu
826 2713 995 2792 precatus.
1025 2703 1155 2792 Deinde
1187 2723 1254 2771 non

8 2789 106 2874 septies
128 2792 268 2878 quidem
286 2792 444 2881 inspirat,
472 2791 561 2860 sicut
580 2789 662 2859 olim
689 2789 814 2859 zelator
838 2790 939 2871 Elias
960 2790 1019 2860 sed
1045 2791 1154 2860 solum
1184 2813 1255 2860 ma-

8 2895 69 2946 tum
99 2879 244 2970 imponit
269 2892 415 2950 mortuo.
443 2880 507 2962 Qui
532 2891 645 2948 autem
675 2878 836 2960 aderant,
863 2879 949 2949 alias
972 2901 1050 2949 eum
1078 2879 1162 2950 velle
1192 2903 1256 2970 pu-

8 2976 102 3048 nntes,
128 2984 159 3038 et
178 2991 248 3038 non
268 2981 305 3038 ut
325 2981 498 3039 mortuom
526 2978 666 3048 tentare,
693 2966 831 3036 dieunt:
855 2973 947 3037 «Est
972 2981 1179 3038 mortuus.»
1206 2971 1255 3038 Si-

8 3051 58 3119 nul
78 3067 174 3143 atque
194 3079 274 3126 vero
297 3056 348 3125 illi
373 3058 438 3126 boc
462 3057 641 3138 dixerunt,
681 3056 828 3125 surrexit
859 3069 1035 3138 mortuus;
1068 3057 1256 3144 vidensque

8 3151 136 3214 ostensus
158 3159 209 3216 est
233 3158 265 3215 et
288 3145 444 3232 loquens,
466 3159 498 3215 et
516 3167 648 3225 eorum,
662 3165 751 3231 quae
770 3142 841 3212 illic
865 3158 973 3226 erant,
1001 3145 1158 3215 meminit
1179 3165 1256 3235 spe·

8 3231 205 3304 :toculorum
235 3235 288 3305 Sic
311 3234 381 3314 ille,
412 3234 484 3321 qui,
512 3235 541 3305 si
565 3232 763 3302 audendum
787 3234 830 3302 sit
853 3233 977 3314 dicere,
1006 3233 1057 3302 vel
1084 3234 1158 3304 Sole
1186 3234 1255 3303 ola-

8 3313 56 3383 rior
72 3337 283 3422 apparuerat,
314 3323 461 3403 nolebat,
483 3322 574 3408 quod
604 3321 647 3391 ad
672 3343 709 3391 se
738 3321 912 3402 attinebat,
946 3321 1067 3390 multis
1092 3335 1251 3412 apertum

8 3399 60 3498 ieri
82 3412 297 3491 miraculum,
327 3411 384 3482 sed
402 3411 476 3481 etei
500 3412 559 3501 qui
584 3423 787 3492 surrexerat,
814 3410 903 3479 eliis
927 3410 986 3498 qui
1011 3410 1249 3500 adspexerant,

8 3508 74 3591 sicut
92 3519 184 3571 meus
206 3506 316 3580 lesus,
336 3500 502 3590 praecipit
526 3499 724 3568 silentium:
752 3512 883 3568 tantum
910 3499 1067 3569 adferens
1098 3499 1252 3568 studium

8 3573 159 3668 fugiendae
183 3589 311 3678 gloriae
344 3611 433 3676 quae
458 3601 508 3658 est
532 3587 575 3657 ab
600 3587 812 3670 bominibus,
842 3600 1008 3675 quantam
1037 3588 1110 3677 ipse
1136 3601 1208 3657 erat
1233 3609 1253 3656 a

8 3667 56 3734 leo
70 3691 320 3747 consecuturus.
341 3677 508 3760 Quocirca
533 3699 594 3746 nec
626 3677 781 3767 permisit
804 3687 842 3746 ut
865 3676 983 3747 lateret
1009 3675 1062 3756 id,
1089 3675 1181 3764 quod
1208 3675 1255 3744 l-

8 3767 78 3858 tium
101 3762 218 3847 luerat,
245 3767 274 3836 is
291 3766 350 3854 qui
368 3766 478 3856 gloria
495 3786 630 3855 semper
653 3764 846 3835 circumdat
867 3786 936 3846 eos,
955 3766 1015 3853 qui
1040 3765 1154 3856 ipsum
1180 3762 1255 3854 glo-

8 3849 115 3920 nbrare
138 3853 328 3924 voluerunt.
350 3859 433 3924 llam
448 3855 506 3941 qui
521 3876 559 3923 ea
584 3855 657 3924 suis
673 3853 783 3922 oculis
807 3853 1045 3942 adspexerant,
1065 3853 1140 3940 ejus
1152 3854 1253 3942 jussa

10 3949 104 4030 purum
129 3959 296 4024 curantes
324 3966 403 4013 cum
423 3965 484 4012 nec
498 3942 621 4012 vellent
644 3943 766 4023 celare,
786 3965 847 4012 nec
868 3943 946 4012 aliis
964 3954 1097 4012 tantum
1122 3941 1251 4010 bonum

10 4023 144 4108 uuidere,
172 4053 209 4100 ea
233 4053 321 4120 quae
346 4031 510 4112 viderant,
531 4032 572 4101 ad
591 4029 777 4100 multorum
804 4053 904 4100 aures
921 4032 1170 4102 transmittunt:
1191 4050 1253 4098 nec

11 4103 60 4174 lsst
74 4112 174 4210 ipsum
199 4121 337 4207 quidem
357 4121 518 4200 celantes,
541 4119 726 4207 quodcum
750 4141 819 4188 rem
836 4131 904 4188 tam
925 4141 1085 4210 magnam
1104 4118 1250 4199 lecisset,

11 4209 58 4258 008
71 4221 205 4282 russerat
220 4208 331 4279 silere.

48 4283 152 4365 ΜΟ.
189 4299 324 4386 Oportet
360 4311 472 4366 autem
509 4296 584 4386 ejus
613 4317 750 4383 quoque
778 4297 936 4366 virtutem
978 4296 1156 4366 ostendere
1191 4295 1252 4364 ad-

12 4385 109 4444 versus
130 4383 319 4456 daemones.
355 4385 547 4456 Attulerunt
577 4384 620 4455 ad
651 4407 730 4454 eum
763 4385 951 4472 aliquando
975 4397 1122 4473 quatuor
1146 4383 1249 4454 simul
