2954 4816
223 281 287 343 abd
540 295 578 340 ns
603 295 630 341 s.
658 291 821 342 srseuano
846 293 1091 342 rnorortanrraa
1303 277 1379 340 ott.
1395 277 1428 339 att

178 379 345 449 evadant:
373 381 419 448 ita
437 399 499 449 uos
518 379 620 448 etiarn
638 401 761 448 censeo
785 378 826 448 ad
854 379 1012 469 pietatem
1031 377 1164 447 institui
1197 399 1259 466 per
1285 399 1426 467 magnum

179 469 392 558 Stephanum
416 480 583 558 oportere,
610 481 648 537 ut
668 467 817 538 hostium
844 468 1011 537 adversus
1035 467 1194 556 spiritum
1221 468 1428 555 pugnantium

176 558 333 628 fallacias
356 557 536 626 evitemus.
564 562 647 626 Nam
672 557 732 643 qui
758 556 851 626 rabie
880 555 1105 635 intlammati,
1133 556 1284 644 Spiritus
1307 555 1428 645 glorian

178 659 393 738 oppugnant,
420 645 539 732 ajunt,
573 667 655 714 suae
693 646 847 734 ipsorum
873 645 1097 714 absurditatis
1135 645 1346 734 Stephanum
1372 665 1429 712 esse

178 737 345 806 fautorem
370 745 472 823 atque
498 747 703 822 patronum:
733 735 873 804 intentis
888 734 980 804 enirn
1008 735 1040 801 in
1067 733 1201 802 coelum
1227 733 1349 812 oculis,
1367 731 1429 800 ath

178 825 322 916 gloriam
350 823 418 901 Dei,
436 835 469 892 et
487 829 607 892 lesum
625 835 769 893 stantem
792 822 952 892 adextris
974 823 1042 892 bei.
1061 828 1279 912 Quapropter
1303 823 1342 890 ad
1359 843 1429 890 ever-

178 913 278 984 tenda
308 911 484 1000 religionis
508 911 643 980 decreta
668 911 717 982 sic
748 925 1052 1002 argumentantur:
1087 913 1159 980 «Si
1187 933 1270 980 cum
1305 917 1391 980 Patre
1408 921 1430 977 et

180 1000 262 1071 Filio
288 1002 435 1090 Spiritus
459 1000 600 1070 omnino
625 1001 930 1070 connumerandus
954 1014 1015 1081 est,
1037 1021 1101 1070 cur
1130 1001 1163 1068 iu
1194 1023 1236 1068 eo
1257 999 1429 1088 spectaculo

179 1091 373 1179 Stephanus
388 1088 491 1159 simul
513 1111 590 1158 cum
612 1089 694 1158 Filio
715 1111 783 1160 non
796 1090 973 1179 conspexit
987 1102 1020 1158 ct
1035 1089 1202 1178 Spiritum
1214 1093 1253 1156 l»
1278 1087 1429 1171 Quomodo
1475 1076 1476 1135 i

178 1180 284 1268 igitur
300 1179 352 1256 iis,
371 1178 431 1264 qui
448 1177 619 1266 ejusmodi
644 1179 837 1248 rationibus
861 1178 1142 1268 supplantantur,
1163 1179 1361 1268 Stephanus
1379 1198 1430 1244 ma·

177 1289 260 1337 nuru
289 1266 474 1355 praebebit,
494 1281 553 1337 aut
569 1266 723 1336 certandi
742 1267 887 1336 artificio
905 1267 1028 1336 l'ractos
1047 1269 1155 1357 eriget
1170 1279 1202 1336 et
1217 1267 1430 1338 confirmabit?

177 1363 224 1425 An
249 1357 428 1424 endenses
454 1355 527 1426 loco
551 1356 633 1424 leret
657 1356 838 1435 auxilium,
860 1369 899 1426 ut
927 1355 1113 1425 inlidelitas
1136 1357 1373 1446 oppugnantis
1393 1354 1430 1421 in-

177 1445 376 1532 fringatur?
400 1445 543 1526 Quaeris
567 1467 648 1535 ergo
673 1457 720 1526 tu,
748 1445 809 1532 qui
829 1447 993 1535 Spiritum
1020 1445 1212 1525 insectaris,
1239 1467 1321 1514 cum
1347 1442 1431 1512 Patris

176 1533 285 1624 gloria
310 1533 454 1620 Filiique
486 1534 527 1603 ad
554 1533 726 1602 dexteram
751 1535 827 1623 ejus
855 1534 978 1604 stantis
1002 1547 1185 1624 conspecta
1211 1535 1279 1615 sit,
1311 1533 1430 1604 ubinam

177 1623 351 1712 Spiritus?
375 1623 409 1692 Si
426 1623 461 1690 in
487 1635 517 1692 te
542 1622 690 1711 Spiritus
706 1635 805 1701 esset,
830 1644 910 1704 non,
936 1622 1234 1709 quemadmodum
1261 1625 1323 1710 qui
1345 1617 1430 1691 oculis

174 1712 266 1802 eapti
291 1723 383 1792 sunt,
410 1733 548 1792 aurum,
566 1710 658 1798 quod
683 1711 882 1801 antepedes
901 1731 983 1784 suos
991 1713 1093 1802 jacet,
1118 1733 1186 1782 non
1204 1723 1430 1802 cognoscentes

177 1813 409 1890 praetereunt,
437 1800 479 1869 de
511 1801 585 1890 ipso
611 1800 736 1890 spiritu
760 1821 953 1870 sermonem
983 1801 1198 1890 propositum
1240 1813 1429 1892 praetercur-

178 1891 292 1960 risses.
316 1889 377 1958 Sed
399 1911 492 1960 nunc
509 1889 627 1959 saltem
654 1888 748 1968 audi,
776 1889 844 1957 nisi
869 1888 964 1968 forte,
1000 1902 1038 1958 ut
1060 1889 1196 1968 ludaei,
1227 1911 1333 1960 aures
1355 1888 1429 1957 obtu-

177 1980 269 2048 rasti.
297 1983 371 2061 Quo
398 1991 494 2067 pacto
511 1977 595 2045 vidit
619 1977 903 2066 supercoelestem
921 1977 1067 2068 gloriam
1085 1978 1312 2068 Stephanus?
1327 1976 1428 2060 Quisei

176 2067 265 2137 sores
288 2067 461 2137 coelorum
490 2066 668 2166 patefecit?
693 2067 854 2154 Nunquid
874 2087 913 2134 ea
939 2067 1047 2136 virtus
1063 2067 1305 2137 humanarum
1328 2067 1427 2134 ririun

174 2155 250 2236 fuit,
278 2168 337 2226 aut
360 2157 557 2246 cujuspiam
575 2154 794 2244 Angelorum,
819 2155 1015 2226 inferiorem
1045 2169 1205 2225 naturam
1230 2156 1276 2226 ad
1302 2151 1428 2226 sublini·

176 2259 276 2314 tatem
315 2245 408 2314 illam
448 2243 665 2314 extollentis?
703 2244 841 2314 Minime
866 2266 967 2324 vero;
1003 2245 1239 2330 nequeenim
1276 2247 1326 2314 sic
1354 2242 1428 2311 habet

119 2371 124 2381 ·
176 2335 329 2412 historia,
355 2333 446 2424 quod
464 2333 658 2422 Stephanus
675 2332 783 2402 multo
809 2335 930 2404 robore
951 2333 1139 2422 praeditus,
1162 2346 1225 2403 aut
1247 2333 1427 2424 angelorum

174 2423 282 2493 fultus
299 2422 438 2502 auxilio,
462 2422 584 2492 viderit
606 2443 658 2502 ea,
675 2443 763 2508 quae
783 2423 875 2491 vidit.
894 2421 983 2505 Quid
1000 2423 1106 2513 igitur
1121 2422 1233 2491 dictat
1259 2423 1427 2512 Stephanus

174 2525 288 2582 autem
308 2512 432 2602 plenus
458 2511 587 2600 Spiritu
612 2515 746 2592 Sancto,
774 2511 858 2580 vidit
884 2510 1030 2600 gloriam
1058 2512 1134 2592 Dei,
1165 2523 1198 2580 et
1232 2511 1427 2603 unigenitum

174 2602 297 2673 Filium
325 2601 393 2670 Dei.
417 2604 487 2670 Non
512 2599 617 2681 euim,
644 2600 744 2669 utait
762 2601 939 2690 propheta,
968 2600 1046 2669 licet
1071 2599 1187 2669 lumen
1210 2601 1357 2680 intueri,
1382 2613 1427 2663 nist

175 2692 208 2758 in
237 2691 368 2760 lumine
391 2688 634 2778 conspiciatur.
663 2689 755 2768 Ideo,
784 2691 817 2757 iu
847 2687 999 2770 lumine,
1024 2689 1146 2775 iuquit,
1167 2701 1227 2758 tuo
1256 2688 1426 2758 videbimus

174 2779 304 2847 lumen.
324 2783 394 2848 Non
417 2779 482 2847 nisi
502 2777 534 2845 in
555 2777 684 2846 lumine
700 2777 816 2846 lumen
842 2779 988 2867 spectari
1010 2791 1129 2867 potest.
1153 2779 1336 2859 Quomodo
1360 2774 1427 2843 euitt

174 2866 279 2938 solem
304 2867 485 2955 adspiciat,
504 2867 564 2953 qui
581 2879 675 2935 extra
701 2867 814 2937 radios
839 2867 951 2956 ipsius
977 2867 1109 2956 positus
1134 2867 1202 2936 sit?
1228 2873 1315 2936 Cum
1348 2864 1428 2956 igitur

175 2955 208 3023 in
229 2955 359 3023 lumine
378 2955 495 3030 Patris.
517 2955 629 3036 idest,
653 2956 686 3024 in
709 2955 839 3045 Spiritu
858 2967 977 3024 sancto
1003 2955 1047 3024 ab
1077 2977 1116 3024 eo
1143 2957 1358 3046 procedente,
1376 2970 1429 3018 unt·

174 3043 327 3133 genitum
355 3043 509 3113 videatur
533 3044 664 3123 lumen,
693 3043 822 3114 idcirco
840 3045 937 3134 prius
954 3044 1065 3134 gloria
1082 3044 1231 3132 Spiritus
1246 3044 1426 3114 illustratus.

176 3132 283 3202 Patris
308 3144 340 3201 et
365 3133 438 3202 Filii
456 3133 586 3224 gloriae
610 3133 840 3222 cognitionem
864 3133 1071 3221 assequitur.
1098 3132 1258 3220 alioquin
1281 3125 1428 3220 quomodo

175 3223 378 3293 sententiam
396 3222 490 3290 illam
510 3222 701 3312 Evangelii:
725 3227 935 3292 licuntnento
954 3223 1039 3290 uidit
1065 3245 1214 3312 unquam
1233 3228 1300 3303 (Jo.
1323 3229 1356 3304 r),
1372 3233 1427 3314 esf-t

178 3333 311 3390 veram;
333 3323 393 3380 aut
416 3311 615 3399 apostolum
641 3311 870 3380 clamantem:
899 3315 1000 3394 Quem
1025 3314 1140 3380 nullus
1160 3311 1334 3380 licerinum
1349 3305 1425 3375 ar'tltl.

174 3423 280 3492 aerpue
306 3401 416 3470 uidere
437 3411 545 3490 polest
567 3400 616 3488 (l.
642 3403 720 3468 Tim.
747 3400 804 3490 vt),
826 3421 893 3469 non
921 3401 974 3481 its,
997 3421 1086 3487 quae
1106 3400 1140 3468 in
1158 3399 1305 3470 historia
1322 3395 1425 3481 scripu
1462 3391 1469 3455 'l

178 3503 270 3570 sunt,
291 3489 447 3558 dicemus
461 3489 656 3558 adversari?
672 3489 802 3558 Etenim
828 3490 858 3558 si
876 3501 997 3558 natura
1015 3501 1048 3558 et
1072 3487 1104 3556 vi
1124 3489 1280 3558 humana
1297 3485 1425 3578 patrisrt
1462 3466 1469 3559 l

175 3579 238 3648 lilii
249 3579 357 3668 gloria
371 3578 500 3667 percipi
514 3590 633 3666 potest,
649 3577 706 3646 ille
721 3577 1104 3663 mentituromninoqui
1120 3581 1225 3646 Deum
1238 3587 1426 3666 negatposse
1464 3601 1470 3657 :'

174 3666 439 3756 cornprehendi;
460 3667 517 3735 sed
540 3687 650 3754 neque
668 3667 766 3734 illum
790 3667 939 3746 mentiri,
962 3679 994 3736 et
1017 3666 1196 3735 historiam
1213 3687 1289 3736 esse
1320 3679 1422 3732 reram
1464 3667 1470 3727 t

176 3757 408 3826 necessarium
424 3770 485 3826 est.
505 3755 681 3824 Manil'este
694 3755 800 3856 igitur
813 3753 945 3824 malitia
966 3755 1127 3844 spiritum
1150 3751 1422 3846 impugnantium
1471 3825 1472 3842 χ

174 3858 225 3917 est
261 3846 488 3936 deprehensa.
515 3843 803 3932 Quandoquidem
835 3843 949 3915 simile
982 3843 1086 3913 simili
1119 3845 1346 3933 conspicuum
1368 3855 1423 3906 essa
1466 3860 1472 3895 t

176 3935 354 4022 Scriptura
371 3946 526 4004 testatur.
546 3933 741 4023 Stephanus
757 3933 849 4002 enim
867 3955 935 4001 non
955 3932 988 4000 in
1009 3945 1132 4002 natura
1150 3933 1268 4020 utique
1295 3932 1421 4002 humant
1466 3900 1472 3979 l

175 4027 361 4114 persistens
381 4028 486 4092 Deum
505 4023 600 4102 vidit,
622 4021 680 4094 sed
698 4023 847 4112 Spiritus
867 4021 977 4091 sancti
997 4023 1108 4112 gratia
1126 4023 1359 4097 confirmatus,
1377 4029 1421 4106 pet
1469 4027 1473 4105 ,¹

173 4133 252 4182 eum
279 4113 321 4180 ad
349 4111 610 4200 intelligentiam
633 4112 690 4180 Dei
716 4111 875 4180 sublatus
892 4123 952 4180 est.
966 4111 1196 4193 Quamobrem
1216 4112 1257 4190 si,
1277 4123 1314 4177 ut·
1331 4107 1420 4188 inquit
1469 4122 1475 4197 ζ

174 4201 377 4289 Apostolus,
405 4201 481 4268 sine
506 4201 631 4287 spiritu
667 4201 852 4269 Dominum
875 4199 991 4268 lesuin
1018 4200 1143 4268 intueri
1168 4219 1236 4268 non
1264 4198 1345 4269 licet,
1372 4205 1418 4256 nec
1475 4264 1476 4279 χ

177 4301 352 4374 paternam
379 4288 523 4378 gloriam
564 4290 758 4378 percipere,
792 4289 993 4372 planissime
1017 4300 1171 4368 constat,
1204 4288 1264 4358 ubi
1294 4279 1417 4372 Spiritus

174 4387 236 4443 est,
260 4377 327 4442 illic
347 4391 378 4444 et
410 4377 532 4444 Filium
562 4378 766 4466 conspiciet
790 4379 898 4446 Patris
923 4379 1065 4466 gloriam
1092 4373 1341 4466 comprehendi.
