2994 4832
244 261 287 326 98
560 277 598 322 nc
622 277 650 324 s.
678 275 804 324 annone
827 275 973 327 sacrum.
1001 275 1111 326 coxon.
1329 259 1437 326 tillut

201 361 400 442 reduceret,
428 360 500 450 ipse
533 381 593 517 per
627 359 833 430 industriam
868 383 967 432 suam
993 359 1029 430 in
1061 360 1288 518 subffugandis
1313 359 1439 432 hostiurn

201 450 333 528 eastris,
362 448 496 520 eunctis
520 448 589 518 ilic
609 449 716 521 armis
745 448 823 538 plus
854 449 1020 536 praestitit
1043 461 1075 518 et
1099 472 1117 518 e
1144 449 1227 520 ecit:
1260 448 1342 536 quod
1375 470 1438 520 cura

199 539 353 629 epistolis
375 538 503 640 legatos
518 559 599 608 suos
613 535 656 608 ad
678 538 837 610 Graeciae
854 541 978 628 Regem
996 538 1137 609 direxit:
1163 538 1224 625 qui
1243 535 1368 620 reversi,
1392 543 1440 606 lto·

200 629 319 698 minici
345 625 431 716 ligni
453 639 582 714 partem
609 647 676 696 non
703 626 896 708 modicam,
928 625 1064 715 aliaque
1097 627 1266 718 regalium
1297 627 1442 696 donorum

200 715 350 806 insignia
370 720 460 806 Rege
480 715 741 796 transmittente,
762 715 828 804 ipsi
851 728 1133 804 praesentarunt:
1159 716 1317 804 quodque
1334 715 1441 806 Regina

198 805 416 882 polonorum,
436 825 474 873 ex
500 803 694 874 Teutonicis
718 803 878 884 oriunda,
906 803 999 876 lama
1023 804 1174 876 nominis
1194 805 1270 894 ejus
1292 804 1393 884 ducta,
1408 801 1442 871 ad

197 893 416 962 invisendum
441 914 520 964 eum
544 893 747 982 properavit,
768 893 913 982 ejusque
936 893 1058 963 ditioni
1086 892 1240 974 Salevelt,
1263 905 1294 964 et
1314 913 1443 981 quaeque

196 981 413 1052 cohaerentia
439 981 618 1062 concessit,
640 981 790 1071 acceptis
813 981 856 1051 ab
881 1003 919 1052 eo
940 983 1113 1054 variarum
1130 983 1319 1072 specierum
1334 994 1365 1052 et
1384 1001 1443 1072 pre-

197 1073 281 1142 carii
300 1069 482 1162 condignis
504 1070 631 1158 pretiis.
650 1073 688 1140 ln
707 1091 775 1158 quo
793 1069 878 1150 loco,
906 1071 996 1144 sicut
1018 1071 1119 1162 paulo
1144 1072 1305 1161 superius
1319 1091 1443 1142 comme·

198 1172 367 1242 moratum
385 1171 447 1238 est,
470 1159 674 1229 coenobium
692 1160 892 1239 construxit,
912 1158 1005 1246 quod
1032 1159 1171 1251 speciali
1195 1160 1342 1248 quadam
1366 1179 1444 1227 vene·

197 1250 326 1320 ratione
368 1268 504 1338 semper
544 1245 684 1330 dilexit,
720 1259 792 1320 urm
830 1262 967 1338 propter
999 1261 1172 1338 expertam
1205 1250 1291 1320 inibi
1314 1246 1444 1318 coelestis

196 1338 326 1429 gratiae
351 1336 600 1426 praesentiam,
634 1348 705 1406 turn
731 1336 832 1406 etiam
857 1337 901 1413 ob
930 1335 1066 1408 lucrum
1100 1359 1254 1428 paganae
1296 1338 1395 1416 entis,
1417 1335 1444 1402 in

196 1427 345 1496 circuitu
376 1425 632 1496 coturnorantis.
669 1429 751 1496 Nam
784 1423 978 1512 frequenter
1013 1426 1198 1502 tumultum
1227 1362 1377 1497 Coicrniae
1400 1424 1444 1492 de-

195 1516 341 1593 clinans,
366 1513 448 1583 illuc
471 1515 623 1596 secessit,
652 1513 710 1583 ubi
732 1513 973 1603 spiritualibus
993 1514 1117 1586 studiis
1133 1529 1334 1606 occupatae,
1358 1535 1443 1602 quae·

196 1605 276 1679 dam
292 1603 430 1673 divinae
454 1601 566 1673 laudis
592 1602 748 1672 carmina
774 1601 824 1672 vel
850 1602 997 1694 hymnos
1024 1605 1231 1694 composuit,
1257 1602 1443 1693 quibusdam

195 1693 296 1764 etiam
317 1689 581 1763 revelationibus
606 1691 770 1772 interfuit,
797 1703 830 1764 et
859 1691 1141 1784 contemplationi
1160 1715 1296 1775 vacans,
1332 1692 1444 1762 laturae

194 1781 319 1870 quietis
334 1779 552 1852 dulcedinem
576 1779 818 1870 praegustavit.

239 1871 256 1957 ᾗ
282 1873 353 1942 Μ.
381 1875 462 1938 dum
481 1882 595 1942 autem
616 1867 745 1940 divitiis
764 1880 796 1938 ct
813 1867 922 1962 gloria
946 1871 1140 1944 cunctosin
1160 1893 1264 1963 regno
1291 1867 1445 1963 praecede·

194 1971 255 2040 ret,
273 1957 364 2048 quod
391 1957 532 2028 lorsitan
559 1956 659 2028 iidem
686 1957 837 2039 excedit,
867 1980 968 2048 saepe
1002 1980 1063 2030 nec
1088 1981 1286 2044 nummum,
1307 1973 1340 2030 et
1362 1977 1445 2049 prope

194 2069 256 2118 nec
283 2044 413 2118 nummi
440 2046 586 2138 pretinm
605 2046 669 2116 sub
686 2045 839 2138 suijuris
855 2047 1012 2118 custodia
1027 2047 1161 2137 reperit.
1182 2048 1351 2137 Quicquid
1371 2047 1444 2116 enin

193 2136 236 2206 ab
249 2136 354 2294 hufl'us
369 2135 488 2206 mundi
504 2133 668 2206 divitibus
686 2135 736 2206 vel
753 2134 909 2212 emendo.
931 2136 979 2206 vel
998 2137 1031 2206 in
1046 2137 1234 2226 precariam
1251 2133 1443 2240 accipiendo.

193 2225 242 2294 vel
268 2247 287 2296 a
305 2225 367 2294 iter
383 2223 601 2310 acquisierat,
629 2245 706 2296 mox
724 2225 757 2293 in
804 2245 961 2316 aupereS,
982 2223 1031 2296 vel
1049 2225 1273 2296 ecclesiarum
1292 2227 1444 2298 ministros

192 2313 370 2405 expendit:
400 2312 464 2382 hoc
495 2315 709 2414 propositum
735 2247 877 2394 habens,
911 2335 953 2382 ne
978 2313 1159 2386 minimam
1188 2315 1311 2388 saltem
1341 2311 1445 2386 remia
1481 2365 1482 2392 ,

191 2403 286 2474 omni
305 2402 521 2492 proprietatis
538 2424 621 2472 suae
636 2400 717 2490 jure
735 2402 885 2474 moriens
913 2415 988 2492 post
1008 2425 1044 2474 sc
1065 2403 1284 2491 relinqueret.
1313 2403 1444 2488 Denique

192 2513 284 2562 nunc
311 2489 440 2571 multis,
469 2511 560 2562 nunc
580 2491 815 2592 paucioribus,
833 2503 894 2561 aut
909 2504 998 2562 certe
1015 2491 1201 2592 singulise
1225 2491 1387 2566 iratribus
1400 2511 1445 2560 no·

190 2581 281 2660 stris,
308 2599 488 2650 commeo
537 2579 649 2649 cartis:
670 2579 806 2664 «Quid,
836 2579 960 2666 inquit,
989 2577 1170 2652 hominum
1195 2582 1446 2654 aestimatione
1480 2643 1481 2686 1

189 2669 288 2756 quasi
308 2688 473 2758 magnum
526 2667 708 2756 ivitemque
727 2666 897 2740 celebrat?
921 2673 982 2750 En,
1010 2669 1158 2759 exceptis
1178 2671 1383 2744 utensilibus
1400 2689 1444 2738 ca·
1480 2697 1481 2701 ¹

190 2756 348 2846 pallulae,
366 2755 616 2844 ministeriique
632 2757 839 2848 pontificalis
855 2772 887 2826 et
901 2757 963 2828 hoc
983 2757 1126 2840 annulo,
1146 2759 1261 2830 nescio
1274 2783 1327 2830 me
1342 2758 1444 2830 saltem

189 2866 297 2916 unum
324 2841 426 2913 hodie
444 2845 618 2932 possidere
641 2844 837 2916 denarium.
865 2851 930 2917 Nec
950 2847 1041 2918 enim
1062 2847 1278 2937 inexplebilis
1302 2845 1445 2920 avaritiae
1479 2929 1480 2936 ἵ

188 2931 368 3004 thesauros
390 2932 475 3002 meis
499 2955 670 3025 congrego
694 2934 867 3016 claustris,
891 2935 983 3006 unde
1008 2935 1057 3005 vel
1086 2937 1203 3027 Regis,
1237 2937 1287 3007 vel
1318 2955 1444 3012 suorum
1479 2963 1480 3006 r

189 3022 256 3095 vita
282 3019 504 3112 periclitetur,
527 3034 586 3092 aut
604 3022 774 3112 ingluvies
799 3024 953 3106 satietur,
983 3045 1103 3096 eorum
1120 3025 1280 3098 edacitati
1302 3047 1356 3098 me
1378 3023 1444 3094 satir

187 3113 221 3180 iu
245 3111 309 3182 hoc
332 3110 503 3192 obviante,
526 3122 563 3182 ut
581 3133 642 3182 nec
664 3133 775 3182 assem
804 3135 913 3184 unum
938 3111 1057 3184 oculos
1072 3113 1249 3198 claudens,
1272 3116 1361 3186 iuter
1384 3111 1445 3181 illo·
1478 3175 1479 3186 ,

187 3221 264 3271 rum
291 3223 337 3272 un
367 3221 427 3271 ues
447 3199 689 3288 relinquam.»
715 3201 822 3290 Cujus
852 3201 944 3274 verbi
967 3203 1046 3289 quis
1066 3201 1146 3274 linis
1166 3202 1279 3285 luerit,
1309 3213 1396 3295 patet
1414 3220 1445 3268 ex
1478 3241 1479 3310 q

184 3311 237 3372 eo,
255 3223 400 3378 quodgin
425 3289 653 3382 aegritudine,
674 3311 741 3378 qua
762 3303 917 3362 mortuus
940 3303 1003 3372 est,
1030 3289 1152 3363 alienis
1181 3291 1358 3365 fovebatur
1380 3309 1445 3380 ope-

186 3378 355 3460 rimentis;
374 3379 576 3466 quotiesque
596 3379 758 3452 manibus
774 3377 947 3450 serebatur
971 3377 1005 3450 in
1034 3401 1216 3454 occursum
1244 3396 1442 3454 sanctmum

185 3469 356 3558 quosjanr
376 3468 537 3546 infirmus
561 3467 594 3536 in
621 3469 694 3542 suis
715 3467 895 3540 liminibus
914 3469 989 3558 ipse
1007 3469 1142 3540 visitare
1159 3492 1227 3542 non
1243 3470 1442 3560 praevalens.

185 3557 227 3627 ad
249 3579 284 3630 se
306 3555 514 3628 visitandum
536 3556 737 3646 plerumque
752 3555 876 3630 deferri
894 3557 1010 3639 voluit,
1030 3557 1150 3628 habitu
1164 3560 1305 3718 firoprio
1325 3577 1443 3632 carens,

185 3645 320 3716 interim
340 3644 383 3716 ab
407 3645 524 3734 aliquo
544 3645 790 3716 canonicorum
807 3647 941 3736 contegi
956 3667 1093 3720 neeesse
1118 3647 1161 3718 ha
1188 3648 1249 3718 uit.
1269 3653 1445 3736 Oquantus

185 3733 413 3809 Ecclesiarum
442 3733 602 3806 delensor
626 3733 683 3805 ille
707 3735 836 3806 extitit!
863 3757 967 3824 quam
1000 3736 1274 3826 impenetrabilis
1306 3733 1445 3806 inimicis

184 3821 307 3893 Christi
334 3827 472 3893 arurusl
506 3829 577 3896 Nora
606 3845 646 3893 ex
670 3821 762 3904 illis,
790 3824 824 3892 in
859 3846 945 3912 quos
972 3823 1147 3914 prophetia
1176 3823 1359 3918 dirigitur:
1384 3827 1445 3892 lton
1476 3891 1477 3918 χ

182 3911 376 3980 accendistis
392 3935 437 3982 cm
453 3913 603 3994 adverso,
626 3935 684 3985 nee
703 3915 902 4003 opposuistis
923 3937 1056 3984 maram
1078 3937 1140 4004 pro
1164 3915 1259 3986 donec
1278 3915 1396 3992 lsrael,
1414 3919 1445 3976 vl

180 4001 314 4070 staretis
339 4001 373 4068 in
394 4003 521 4090 proelio
539 4005 574 4070 in
598 4003 801 4072 divellamini
819 4002 953 4092 (dcccli.
981 4003 1086 4090 xvrxr);
1107 4003 1166 4090 qui
1186 4003 1316 4095 summi
1343 4009 1444 4092 pasto-

182 4088 228 4160 ris
249 4089 397 4160 imitator
418 4089 540 4170 benaa,
562 4091 712 4160 animam
740 4113 837 4160 suam
866 4109 925 4180 pru
959 4091 1081 4162 ovibus
1105 4092 1178 4162 suis
1200 4092 1336 4174 obtulit,
1369 4089 1441 4158 duro

179 4197 360 4266 nunquam
387 4199 479 4248 more
500 4179 702 4250 mercenarii
720 4179 812 4268 lupis
834 4179 1076 4269 ingruentibus
1096 4181 1216 4250 cessit:
1237 4179 1293 4252 sed
1316 4193 1444 4265 semper

178 4287 236 4336 eos
260 4279 320 4336 aut
351 4267 451 4336 verbo
476 4268 712 4338 severissimae
743 4269 998 4358 increpationis,
1025 4282 1085 4340 aut
1105 4269 1219 4360 gladio
1240 4267 1443 4360 justissimae

177 4354 558 4437 excommunicationis,
582 4357 756 4426 insecutus
781 4370 841 4438 est,
864 4355 1035 4428 interdum
1062 4356 1162 4428 etiam
1184 4357 1442 4450 impudentiores
