2954 4816
253 295 317 360 370
637 313 675 358 oa
699 312 725 358 s.
753 311 858 358 mour
882 309 1038 358 nrosroco
1317 291 1391 354 hat.
1410 289 1437 352 al

211 395 332 478 allicis,
359 397 474 465 sinon
503 395 551 464 illi
568 395 810 470 reconcilieris,
838 395 895 465 sed
915 395 971 464 bei
995 394 1086 484 leges
1106 393 1332 464 conculcaris.
1358 390 1407 460 llle
1422 405 1443 457 te

211 484 419 555 contumelia
436 483 566 554 affecit:
591 483 646 552 dic
672 484 769 564 mihi,
797 505 878 552 uum
906 483 1041 553 tuideo
1066 487 1169 552 Deum
1195 481 1325 551 afficies
1350 490 1444 549 contu·

214 574 337 644 melibl
360 574 490 642 Etenim
511 593 576 642 nou
605 573 754 663 recipere
778 572 813 640 in
842 571 986 662 gratiam
1006 593 1098 653 eum,
1112 571 1183 727 ssqui
1210 569 1388 640 molestiam
1408 582 1444 667 at-

212 661 299 743 tulit,
328 683 393 730 non
412 675 480 730 tam
505 675 555 730 est
574 660 673 730 illum
689 660 821 740 ulcisci,
842 681 946 746 quam
966 665 1068 729 Deum
1090 681 1106 728 a
1149 679 1227 727 cere
1251 655 1442 732 contumelia,

212 750 296 851 legis
321 749 428 836 hujus
452 762 646 830 auctorem,
674 749 916 838 praecipientis
946 761 984 817 ut
1010 748 1160 818 inimicis
1184 745 1443 818 reconciliemur.

212 859 412 928 priusquam
437 836 642 907 accedamus
666 835 708 907 ad
734 837 851 906 altare.
878 836 1023 906 Proinde
1047 857 1089 905 ne
1126 836 1295 926 respicias
1323 834 1360 902 ad
1388 854 1444 900 con·

213 948 360 1007 servum,
385 947 494 1014 neque
519 925 560 994 ad
585 925 859 1016 magnitudinem
886 925 1105 1015 injuriarum,
1134 945 1224 1012 quas
1249 922 1361 994 intulit
1387 921 1443 990 ille:

211 1013 267 1084 sed
287 1014 329 1083 ad
351 1019 469 1095 Deum,
490 1013 653 1102 illiusque
669 1015 835 1084 timorem
853 1015 1008 1084 animum
1022 1013 1184 1094 demisso,
1204 1011 1294 1082 illud
1311 1009 1443 1101 expcnde,

212 1101 303 1190 quod
340 1123 407 1190 quo
443 1104 604 1188 majorem
631 1103 697 1172 vim
723 1103 915 1174 admoveris
947 1103 1063 1172 animo
1087 1114 1157 1182 tuo,
1185 1114 1265 1193 post
1295 1101 1445 1170 innumera

214 1190 303 1260 mala
326 1212 451 1282 cogens
472 1190 568 1260 illurn
592 1191 701 1260 redire
725 1192 921 1281 ingratiam
942 1212 1021 1259 cum
1045 1210 1096 1270 eo,
1122 1191 1181 1277 qui
1213 1189 1394 1260 molestiam
1412 1187 1446 1252 in-

213 1280 301 1360 tulit,
330 1292 421 1350 tanto
446 1280 558 1370 majus
584 1280 774 1368 praemium
792 1279 878 1349 seres
902 1303 921 1347 a
947 1284 1022 1359 neo,
1041 1279 1102 1366 qui
1122 1279 1206 1348 haec
1233 1277 1404 1370 praecepit.
1422 1277 1446 1340 Et

213 1367 502 1455 quemadmodum
530 1369 584 1436 hle
601 1373 704 1437 Deum
725 1369 854 1469 excipis
878 1367 985 1437 multo
1001 1390 1079 1436 cum
1106 1366 1249 1448 honore,
1278 1370 1327 1436 sie
1348 1378 1377 1433 et
1396 1365 1446 1449 ipse

214 1469 243 1524 te
269 1455 340 1525 illic
373 1455 478 1526 multa
504 1479 583 1526 cum
601 1457 709 1546 gloria
738 1459 904 1546 excipiet,
933 1456 1115 1545 reddetque
1144 1457 1206 1524 tibi
1243 1452 1445 1540 milleculpan

213 1547 311 1615 istius
335 1544 546 1614 obedientiae
564 1545 751 1615 mercedem
776 1565 899 1632 :quam
926 1545 1025 1614 nobis
1048 1544 1213 1614 omnibus
1234 1543 1368 1630 assequi
1388 1561 1447 1636 con·

213 1634 330 1721 tingat,
350 1634 458 1723 gratia
477 1646 508 1704 et
521 1633 729 1720 benignitate
751 1633 884 1702 Domini
902 1633 1008 1703 nostri
1024 1633 1103 1702 lesu
1119 1632 1259 1714 Christi,
1287 1633 1341 1702 uri
1365 1629 1444 1719 glorta

211 1735 243 1791 ct
260 1723 442 1812 imperium
468 1721 502 1790 in
525 1721 639 1792 secula
660 1721 867 1802 seculorum,
885 1726 1002 1791 lmen.

484 2092 800 2158 COMMENTARIUS
825 2091 969 2157 RERUM
994 2091 1211 2157 GESTthlll

312 2309 495 2410 SlNhll
530 2309 590 2409 ΕΤ
624 2307 856 2410 GhllRlOSl
891 2307 1378 2410 apostolicatum

356 2563 499 2614 lucrosa
523 2566 586 2614 sut.
609 2565 844 2614 lllll‘hl’llllASTll·
862 2565 1005 2614 hanswic
1029 2567 1061 2614 vt
1085 2521 1166 2614 rdlto
1191 2566 1329 2615 aborsu.

756 2763 877 2818 seculo
896 2763 924 2820 1.

253 2961 270 3045 ξ
295 2965 332 3031 1.
360 2960 445 3028 Olim
463 2957 601 3047 quidem
621 2959 653 3026 in
674 2973 759 3028 terra
777 2971 950 3028 versantes
974 2958 1133 3048 Apostoli,
1159 2974 1191 3029 et
1216 2975 1350 3038 terram,
1380 2969 1443 3051 quat

209 3061 259 3117 est
275 3047 340 3117 sub
363 3046 468 3130 coelo,
495 3046 669 3128 obeuntes,
690 3048 742 3128 iis,
764 3048 830 3204 qui
847 3047 1013 3138 impietati
1037 3049 1279 3129 inservierunt,
1300 3043 1443 3138 praediea-

210 3149 289 3206 runt
313 3135 514 3218 libertatem,
543 3135 718 3204 miraculis
742 3157 759 3204 a
803 3135 946 3205 salutem
965 3136 1008 3206 ab
1032 3159 1146 3206 errore
1165 3137 1401 3208 abstrahentes,
1422 3137 1442 3192 el

209 3223 290 3294 fidei
309 3225 511 3316 malagmate
535 3225 743 3294 medicantes
758 3226 903 3306 animas,
929 3247 1017 3312 quae
1041 3225 1243 3296 laborabant
1260 3221 1439 3295 infidelitate.

210 3319 390 3401 Postquam
426 3326 538 3382 autem
566 3311 816 3404 migraruntad
844 3314 1038 3396 hominum,
1072 3315 1138 3403 piis
1162 3314 1441 3407 reliqueruntcor·

209 3425 302 3492 pora,
332 3403 473 3492 pignora
497 3400 629 3482 salutis,
652 3401 789 3488 utquod
814 3423 892 3471 rum
919 3403 1061 3472 aderant
1077 3402 1262 3484 faciebant,
1289 3404 1348 3472 hoc
1363 3409 1439 3486 stup

210 3505 387 3580 postquam
411 3492 625 3581 migrassent,
652 3490 834 3571 efficerent,
853 3490 1008 3560 coelestis
1032 3490 1126 3561 illius
1150 3491 1307 3581 publicae
1330 3483 1439 3558 calebu-

209 3581 285 3652 tatis
303 3579 482 3669 imagines,
509 3599 625 3648 eorum
652 3579 835 3649 memoriae
863 3578 947 3649 lesta
975 3579 1072 3650 nobis
1096 3579 1302 3670 largientes:
1326 3588 1360 3646 ut
1375 3587 1439 3662 tam·

206 3690 311 3756 quam
329 3691 407 3738 cum
426 3667 663 3757 praesentibus
686 3681 717 3736 et
734 3667 982 3738 disserentibus
1006 3690 1126 3739 rursus
1150 3681 1330 3747 versantes,
1356 3675 1438 3752 peru-

207 3759 344 3846 piamus
368 3758 512 3848 gratiam
529 3756 767 3846 Apostolicam.
788 3756 882 3826 Unde
903 3757 1005 3827 etiam
1031 3777 1123 3826 nunc
1147 3756 1354 3828 clarissimus
1374 3753 1437 3833 lpo-

206 3845 370 3916 stolorum
395 3847 542 3916 Thomas
564 3845 592 3926 ⁴¹,
620 3865 680 3934 per
698 3845 772 3932 ejus
798 3845 997 3915 memoriam
1030 3845 1210 3916 nobiscum
1236 3861 1364 3916 rursum
1383 3849 1436 3900 rer·

206 3947 317 4006 satur:
344 3933 511 4014 Thomas,
537 3935 597 4020 qui
623 3945 674 4003 est
697 3932 775 4002 lidei
800 3946 933 4004 nostrae
957 3946 1052 4024 pater
1080 3956 1120 4004 ex
1152 3932 1386 4006 incredulitate,
1413 3925 1435 4014 qt

205 4023 307 4094 index
323 4022 491 4113 perlectus
507 4022 667 4102 veritatis;
689 4021 750 4109 qui
771 4021 1020 4094 incredulitatis
1043 4023 1257 4094 occasionem
1277 4013 1434 4114 amputant

205 4111 406 4212 incredulis,
431 4122 464 4179 et
497 4109 599 4180 fidem
630 4109 864 4200 Apostolorum
901 4133 961 4202 per
985 4111 1259 4182 incredulitatem
1281 4109 1377 4180 ellccrt
1395 4093 1433 4163 fir·

206 4221 360 4270 miorem.

231 4352 243 4376 ⁸
258 4324 284 4392 ΟΙ
304 4339 443 4414 λεγόμενος
457 4335 574 4411 Δίδυμος,
592 4349 619 4389 ut
632 4351 665 4390 alt
680 4349 702 4392 fl.
717 4351 825 4396 Joannar,
840 4353 881 4400 qut
896 4354 1002 4403 ejusdem
1018 4353 1118 4402 quatuor
1128 4354 1192 4394 alcea
1202 4337 1430 4396 laudaturam*

205 4409 280 4454 minis.
292 4413 313 4454 S.
323 4415 423 4455 Thomu
434 4413 553 4455 Galilaeae
562 4411 637 4454 rabac
646 4413 747 4456 videtur.
