2972 4826
59 337 119 402 tlt.
141 339 158 402 6
437 355 473 402 mr
496 357 523 402 s.
549 355 684 403 nrcomo
709 357 785 408 ura.
810 355 863 410 nrt,
1174 341 1237 406 tra

57 439 98 508 hoc
122 453 179 520 est,
213 439 533 510 consubstantialem
565 441 655 510 Patri
689 452 722 511 et
752 439 929 528 aequalem
962 440 1174 512 credendum
1206 463 1281 513 esse

55 527 212 608 Christum,
239 528 401 600 resarcita
425 528 573 600 scissura
604 529 786 611 Ecclesiae,
809 528 890 598 inde
913 528 1107 612 discedens,
1134 531 1177 600 ad
1202 553 1281 622 pro-

52 618 137 704 prium
152 637 207 705 gre
254 639 285 684 m
311 637 484 707 regressus
500 629 560 688 est:
581 618 638 688 cui
658 639 770 706 neque
789 617 958 700 doctrina,
982 641 1093 707 neque
1109 620 1276 710 exemplo,

51 725 133 792 neque
147 705 211 775 assi
240 727 283 775 ua
299 705 528 776 exhortatione
551 705 670 788 deluit,
690 729 760 794 quo
778 707 888 798 magis
907 728 1027 777 omnes
1043 707 1086 777 ad
1105 709 1278 790 virtutem,

48 793 77 860 ad
98 815 205 894 mores,
218 795 262 864 ad
278 795 386 864 animi
400 794 543 878 cultum,
566 795 609 865 ad
628 796 798 886 pietatem,
819 795 1090 887 religionemque
1115 809 1280 887 perpetuo

47 895 210 952 concitaret.

75 973 170 1056 tle.
196 971 325 1042 Accidit
350 982 461 1042 autem
486 994 525 1042 ea
546 985 612 1042 tem
641 982 757 1055 estate,
780 983 817 1042 ut
841 981 965 1043 terram
997 974 1136 1064 Lyciam
1165 974 1280 1045 valida

43 1059 274 1141 reraretlames,
290 1071 450 1148 tantaque
466 1061 581 1151 Myris,
598 995 748 1149 aiibique
768 1061 872 1132 tritici
890 1083 908 1131 e
933 1073 1023 1132 estas
1038 1075 1138 1144 esset,
1154 1075 1192 1133 ut
1203 1065 1279 1154 jam

40 1147 73 1216 ad
85 1149 244 1218 interitum
263 1149 442 1219 hominum
464 1172 515 1221 res
532 1162 708 1240 spectaret.
725 1155 810 1220 Tum
828 1085 987 1221 Nicoiaus
1003 1151 1046 1221 ad
1065 1153 1188 1222 horrea
1206 1152 1276 1234 Dei,

40 1236 91 1303 hoc
106 1249 158 1318 est,
179 1237 220 1307 ad
241 1237 431 1308 orationem
451 1237 614 1330 confugit.
635 1244 697 1308 Per
720 1239 755 1309 id
783 1250 896 1311 autem
920 1241 1083 1330 temporis
1111 1253 1280 1310 mercator

39 1324 153 1410 quidam
172 1325 205 1394 in
227 1337 313 1396 terra
335 1325 452 1396 Sicilia
468 1348 628 1417 magnam
646 1327 810 1398 frumenti
827 1328 896 1397 rim
914 1328 949 1397 in
969 1330 1081 1399 navim
1101 1329 1276 1411 intulerat,

39 1415 211 1500 exportandi
239 1416 274 1485 in
305 1415 532 1506 Hispaniam,
558 1415 734 1504 dandique
758 1437 883 1486 renum
917 1439 1035 1487 causa.
1058 1419 1146 1488 Huic
1175 1429 1279 1488 noctu

37 1500 194 1573 dormienti
217 1503 347 1575 Nicolai
367 1505 593 1575 simulacrum
612 1526 685 1574 sese
709 1505 898 1595 pervisum
919 1507 1036 1576 offert:
1065 1507 1223 1595 imperat,
1241 1517 1280 1576 nt

37 1595 128 1689 ltrras
150 1593 298 1663 triticum
320 1593 433 1683 primo
457 1594 570 1662 statim
588 1604 739 1683 tempore
758 1593 914 1675 advehet,
933 1615 973 1663 ex
997 1615 1036 1665 eo
1053 1595 1184 1684 grande
1204 1617 1279 1685 pre·

38 1690 106 1748 trum
122 1681 297 1764 relaturus,
323 1681 496 1769 fidemque
520 1682 644 1763 verbis,
666 1683 776 1753 tribus
801 1682 891 1752 datis
916 1684 1042 1766 aureis,
1061 1683 1152 1753 lacit.
1182 1684 1279 1752 Exci-

38 1781 109 1838 tatus
126 1770 177 1840 ille
200 1793 280 1840 cum
306 1792 429 1840 aureos
448 1791 565 1860 prope,
588 1783 620 1840 et
639 1771 753 1841 cubile
769 1771 926 1841 clausum
945 1771 1142 1853 invenisset,
1161 1772 1279 1841 admo·
1312 1836 1314 1840 .

40 1857 125 1926 niturn
142 1882 174 1929 se
188 1859 307 1928 divino
326 1858 468 1928 numine
486 1871 591 1941 ratus,
608 1863 721 1960 Myros
741 1859 815 1931 sine
832 1880 927 1929 mora
944 1859 1155 1930 frumentum
1174 1861 1276 1944 vehit,

42 1948 225 2036 pretiumque
249 1947 389 2038 accipit,
416 1947 504 2034 quod
536 1948 720 2018 dormrenti
746 1949 812 2018 sihi
838 1948 1069 2038 spoponderat
1103 1949 1275 2020 Nicolaus.

44 2037 81 2100 Eo
104 2049 193 2122 paeto,
220 2043 351 2127 Hyrae‚
371 2037 551 2107 saevientis
578 2037 644 2107 'am
671 2036 805 2107 inediae
824 2037 892 2105 vim
919 2036 1088 2127 repulere.
1117 2041 1168 2106 lta
1197 2058 1278 2106 cum

46 2137 178 2194 mercator
204 2149 279 2196 rem
306 2146 456 2206 ornnem,
479 2137 516 2195 ut
535 2059 603 2194 siin
630 2137 798 2208 evenerat,
821 2127 955 2196 cunctis
987 2126 1100 2217 palam
1129 2123 1275 2206 lecisset,

45 2213 183 2297 llprenses
202 2237 311 2285 snum
332 2213 523 2304 praesulem
551 2213 672 2302 majori
697 2215 870 2304 deinceps,
888 2235 994 2301 quarn
1021 2213 1196 2284 hominem
1223 2234 1279 2282 re-

44 2300 134 2368 nerari
154 2325 204 2392 par
226 2305 288 2385 sit,
311 2303 441 2372 honore
463 2315 495 2371 et
520 2302 622 2373 laude
646 2305 727 2372 s'unt
751 2302 934 2392 prosecuti.

80 2389 161 2472 §lli
174 2397 215 2462 Ea
226 2403 434 2481 ¹tempestate
447 2393 668 2462 Constantino
686 2391 888 2460 nunciatum
902 2402 963 2473 est,
974 2391 1017 2460 ab
1033 2389 1212 2461 nonnullis
1228 2411 1280 2459 re·

39 2494 101 2544 mm
116 2499 266 2550 rorarurn
285 2480 434 2569 cupidis,
452 2481 653 2550 seditionem
673 2479 765 2548 haud
782 2478 1037 2569 negligendam,
1054 2480 1088 2548 in
1107 2478 1279 2569 superiori

36 2563 153 2656 Phrygia
178 2569 376 2640 excitatam.
397 2575 491 2640 tunc
519 2569 762 2638 Constantinus
793 2581 858 2638 tres
888 2567 931 2637 ad
959 2590 1016 2638 eos
1042 2567 1279 2658 reprimendos

32 2657 264 2749 motuslegatos
281 2657 395 2728 mittit:
410 2658 635 2746 Nepotianum
653 2656 821 2738 videlicet,
841 2661 963 2726 Ursum
981 2668 1012 2725 et
1029 2661 1095 2726 Her
1123 2656 1277 2725 ilionem.

29 2743 60 2809 lli
72 2745 168 2815 celere
182 2769 263 2817 cum
280 2746 388 2815 armis
400 2746 441 2815 ad
459 2746 631 2837 negotium
651 2745 716 2815 sibi
734 2745 852 2815 datum
872 2744 1024 2834 proiecti,
1038 2680 1279 2815 Andriaciama

27 2833 180 2919 appulere.
203 2835 241 2904 ld
267 2849 342 2904 erat
358 2835 392 2902 in
413 2847 500 2904 terra
519 2834 616 2924 Lycia
634 2834 814 2924 oppidum,
835 2833 1029 2923 subjectum
1047 2835 1276 2924 Myrensibus.

26 2920 66 2987 lhi
88 2923 207 2994 milites
231 2922 438 3010 aliquandiu
462 2923 604 2992 adversa
633 2923 739 2992 maris
768 2935 967 3012 tempestate
993 2922 1133 3002 detenti,
1159 2943 1278 2992 ernen-

26 3007 130 3079 dorum
154 3013 312 3082 ciborum
343 3011 451 3112 gratia
472 3013 506 3080 in
528 3023 651 3082 terram
672 3033 690 3079 e
717 3012 813 3095 ressi,
843 3011 978 3082 tandem
1002 3012 1056 3102 (ut
1078 3023 1130 3082 est
1153 3010 1278 3098 hujus-

25 3098 99 3167 modi
126 3123 236 3191 genus
262 3101 443 3170 hommum
471 3122 595 3190 rapax,
618 3111 650 3169 et
679 3035 784 3170 sileni
815 3099 1006 3190 appetens),
1033 3100 1076 3169 ad
1113 3100 1277 3191 praedam

24 3185 197 3258 incolarum
224 3210 300 3258 sese
326 3200 478 3258 vertunt:
500 3187 607 3258 multa
622 3189 763 3278 rapiunt
787 3209 847 3278 per
871 3189 952 3270 vim,
976 3188 1125 3278 plurima
1153 3200 1278 3257 temere

22 3273 193 3348 devastant.
206 3283 359 3362 Quorum
379 3277 581 3367 improbitas
598 3300 678 3347 cum
696 3278 730 3348 in
749 3277 823 3347 dies
835 3288 1030 3367 augeretur,
1044 3276 1124 3346 vicit
1139 3274 1277 3346 tandem

22 3361 197 3437 incolarum
230 3367 429 3455 patientiam
456 3367 617 3436 effrenata
642 3366 779 3436 licentia
815 3367 978 3434 militum.
1014 3365 1123 3455 lgitur
1153 3384 1278 3464 agrum

21 3473 139 3524 omnem
166 3469 281 3524 armat
300 3453 451 3545 inJuria:
486 3454 606 3525 seditio
634 3467 665 3524 et
690 3453 863 3524 tumultus
888 3453 1055 3532 exoritur;
1082 3463 1113 3522 et
1138 3453 1211 3543 jam
1241 3471 1276 3519 rn

22 3555 160 3612 mutuam
185 3543 326 3614 caedem
352 3544 514 3630 utrinque
533 3545 707 3624 ruebatur,
734 3564 814 3612 cum
841 3541 1001 3612 Nicolaus
1018 3541 1064 3631 (is
1084 3540 1176 3610 enim
1203 3561 1276 3608 rem

23 3632 229 3720 perspiciens,
249 3633 351 3702 citato
372 3632 457 3722 pede
476 3631 517 3700 ad
535 3631 647 3702 locum
667 3630 818 3720 venerat)
835 3630 954 3700 adesse
975 3629 1173 3699 nunciatur.
1189 3633 1276 3698 Tum

22 3721 172 3806 oppidum
192 3743 307 3801 omne,
326 3742 454 3790 necnon
473 3731 504 3790 et
522 3720 587 3810 ipsi
605 3720 826 3810 Imperatoris
844 3719 957 3810 legati,
971 3740 1010 3787 ac
1029 3718 1155 3787 milites
1166 3717 1277 3818 (tarrta

23 3810 133 3878 eratin
165 3811 262 3880 omni
295 3811 395 3898 Lycia
427 3809 555 3881 Nicolai
584 3810 769 3879 auotoritas
794 3821 896 3895 atque.
927 3806 1078 3964 nomeng,
1110 3806 1276 3896 deposrtrs

25 3897 121 3978 armis,
138 3899 331 3968 venientem
348 3899 554 3988 Episcopum
572 3898 705 3967 obviam
725 3895 898 3988 progressi
915 3895 1046 3964 incredi
1074 3894 1110 3964 ili
1124 3894 1276 3983 quadam

27 3988 221 4057 r-:neration'e
241 3987 288 4057 ita
305 3987 491 4076 excipiunt,
507 3998 545 4056 ut
560 3986 696 4056 nullum
714 3987 851 4076 penitus
867 3984 1049 4066 tumultus,
1069 3996 1128 4053 aut
1146 3985 1274 4053 irarum

27 4075 185 4144 vestiarium
203 4089 395 4167 appareret.
422 4075 581 4146 Nieolaus
600 4097 670 4145 rem
690 4076 839 4146 sedatam
859 4073 1148 4152 animadvertens,
1176 4072 1275 4142 beni-

29 4127 223 4254 aneiegatos
248 4185 467 4252 congressae,
495 4165 529 4234 in
550 4164 671 4234 urbem
697 4163 885 4234 honorifice
911 4163 1191 4253 perhumaneqne
1219 4162 1275 4230 in-

30 4237 127 4320 doctos
144 4253 339 4342 hospitatus
355 4263 416 4320 est.
437 4257 521 4322 llum
549 4253 598 4320 illi
617 4273 663 4331 se,
683 4252 824 4341 placatis
842 4253 962 4330 ventis,
979 4251 1021 4320 ad
1040 4248 1274 4339 navigandum

30 4339 202 4428 etpediunt,
220 4341 348 4410 adsunt
369 4344 539 4427 Hyrenses
556 4339 686 4424 aliquot
709 4340 800 4408 anxii
819 4339 1018 4426 dentesque:
1041 4341 1078 4408 hi
1102 4340 1143 4408 ad
1163 4339 1274 4408 sancti

32 4425 77 4492 tui
97 4427 196 4516 pedes
214 4427 406 4520 pervoluti,
424 4428 630 4498 celeritatem
655 4437 687 4495 et
710 4428 877 4498 auxilinm
909 4427 1127 4500 conclamant
1156 4439 1275 4499 contra
