2920 4810
67 307 143 374 'ott
170 307 205 371 31
488 323 527 371 on
551 323 579 369 s,
606 321 732 368 nutans
757 321 887 370 aonam
1135 317 1139 324 ·
1217 307 1281 371 633

61 410 221 502 jejunium
243 419 354 477 autem
372 419 404 477 et
428 406 497 478 alia
521 407 693 477 laboriosa
718 407 836 475 omnia
866 427 902 477 sc
931 406 1128 490 extendens,
1151 407 1255 497 idque
1281 410 1324 480 ad

67 512 197 586 quatuor
215 519 321 567 annos
353 497 515 587 integros.
549 495 676 566 Deinde
701 495 829 586 cogitat
857 496 960 565 etiam
989 497 1142 566 virorum
1178 500 1326 574 excitare

66 587 306 667 monasterinm,
326 585 383 656 sed
410 598 614 675 sumptuum
646 584 765 674 inopia
788 585 864 673 ejus
888 597 1089 675 promptum
1115 587 1222 655 animi
1254 599 1326 658 stu·

65 677 147 744 dium
172 675 383 766 prohibebat.
410 679 493 743 Cum
512 696 590 744 vero
607 675 749 744 sentiret
771 686 804 743 et
819 673 957 755 diceret,
987 673 1074 743 nihil
1101 675 1283 762 essequod
1302 699 1323 746 a

51 769 119 833 ,beo
141 785 206 833 non
232 775 345 854 posset
360 763 446 842 lieri,
469 764 545 852 ipse
567 785 643 832 eam
662 765 726 832 hac
745 784 891 851 qnoque⁴
905 763 1063 833 liberavit
1091 764 1219 853 inopia.
1239 770 1322 834 Nam

63 855 106 921 vir
124 853 259 940 qnidam
285 851 580 941 locupletissimus
603 865 636 921 et
667 853 979 941 pecuniosissimus
1006 853 1037 921 ei
1065 873 1225 941 magnam
1253 855 1323 922 vim

63 943 128 1010 auri
142 940 326 1031 elargitur:
349 962 418 1028 quo
437 940 566 1010 lactum
587 955 648 1022 est,
675 954 762 1010 utet
783 962 872 1032 opus
892 940 936 1010 ab
960 961 998 1010 ea
1032 941 1324 1030 perficeretur,'et

63 1052 184 1099 saemm
221 1029 462 1100 aedificaretur
492 1031 763 1110 monasterium,
798 1044 831 1099 et
860 1030 952 1100 viros
976 1031 1011 1098 in
1037 1030 1071 1099 id
1103 1029 1321 1113 admitteret,

41 1137 42 1140 ’
64 1119 167 1204 quales
182 1119 360 1208 oportebat
378 1117 474 1188 illius
490 1119 672 1188 convenire
696 1119 863 1188 moribus.
892 1123 974 1188 Cum
1023 1140 1122 1189 arum
1147 1131 1261 1190 autem
1280 1120 1323 1190 ab

66 1210 116 1276 boc
139 1208 253 1278 labore
276 1207 491 1297 respirasset,
525 1230 600 1277 eam
631 1208 778 1277 ma'ores
802 1229 964 1297 excepere
994 1142 1129 1278 bootes
1156 1221 1190 1278 et
1220 1208 1324 1300 longa

66 1297 287 1386 peregrinatio.
304 1296 510 1366 Redduntur
528 1298 620 1364 enirn
641 1297 671 1365 ei
701 1298 819 1366 itterae
836 1297 880 1366 ab
892 1298 967 1387 ejus
983 1311 1106 1387 patruo
1122 1298 1321 1379 Volusiano,

62 1386 111 1470 qui
133 1387 189 1456 illo
204 1384 345 1474 quidem
363 1397 516 1476 tempore
538 1398 611 1455 erat
635 1397 770 1456 creatus
797 1385 989 1476 praelectus
1013 1391 1188 1456 Romanae
1205 1387 1324 1456 civita-

63 1475 116 1543 tis:
131 1476 257 1545 missus
274 1495 353 1543 vero
369 1488 442 1544 erat
458 1475 592 1565 legatus
625 1475 824 1564 Byzantium
847 1475 890 1544 ad
916 1474 1103 1544 Eudociam
1128 1474 1145 1510 *
1170 1481 1323 1565 lmpera-

20 1617 21 1620 ,
60 1563 174 1632 tricem.
194 1569 286 1634 llaec
310 1574 424 1633 autem
451 1562 669 1655 significabat
682 1562 838 1652 epistola,
856 1563 947 1650 quod
969 1565 1042 1654 jam
1062 1562 1122 1633 diu
1139 1564 1235 1633 illam
1265 1563 1324 1634 de-

17 1625 22 1742 l
59 1651 208 1722 siderarct
232 1651 359 1722 videre.
385 1651 449 1721 llla
466 1673 545 1721 vero
568 1653 729 1742 cupiebat
753 1653 829 1742 ipsa
853 1674 991 1743 quoqne
1008 1652 1122 1722 videre
1144 1665 1321 1743 patruum,

16 1749 18 1760 ’
58 1753 84 1808 et
103 1743 130 1809 ei
147 1741 364 1832 persuadere,
381 1754 421 1810 ut
444 1765 464 1810 a
488 1741 668 1830 gentilium
687 1740 864 1810 desisteret
883 1742 1057 1832 opinione.
1073 1741 1182 1811 Dubia
1207 1755 1322 1811 antem

59 1830 253 1910 eruanimi,
280 1829 429 1917 nequid
456 1829 662 1918 imprudens
688 1829 813 1900 laceret
836 1843 970 1919 praeter
990 1829 1036 1911 id,
1063 1831 1155 1918 quod
1182 1834 1247 1899 beo
1275 1831 1324 1898 vi-

59 1919 198 1989 debatur.
227 1923 311 1988 Cum
337 1941 415 1988 vero
434 1918 611 2006 aliquibus
628 1917 706 1987 aliis
722 1919 903 1989 monachis
924 1941 995 1989 rem
1015 1920 1320 2000 communicasset,

60 2009 280 2094 permitterent
303 2020 416 2077 antem
435 2007 500 2087 illi,
526 2022 565 2077 nt
596 2023 709 2096 posset
732 2007 922 2098 proticisci,
951 2007 1129 2099 egreditur
1149 2006 1322 2097 Jerosoly·

58 2096 113 2165 mis
132 2098 229 2166 beata
245 2098 388 2167 llclana.
415 2101 478 2166 Per
492 2115 752 2183 quamcumque
767 2109 881 2167 autem
899 2097 1068 2167 transibat
1092 2097 1264 2166 civitatem
1289 2109 1322 2165 et

56 2187 231 2274 regionem,
257 2205 345 2266 eam,
374 2207 442 2273 qno
465 2206 527 2276 par
546 2197 629 2267 erat,
656 2185 954 2273 prosequebantur
975 2186 1103 2256 lronorc
1126 2198 1160 2255 ct
1183 2183 1318 2254 officiis.

56 2275 223 2344 civitatum
254 2277 346 2344 enim
372 2274 566 2344 sacerdotes
589 2287 621 2342 et
646 2274 827 2344 Pontifices
856 2297 930 2344 cam
958 2296 1025 2344 non
1054 2295 1158 2362 parvo
1193 2275 1322 2343 bonore

55 2361 250 2444 afficiebant,
270 2377 302 2433 et
325 2362 539 2434 venerandae
563 2363 714 2453 virgines
738 2375 771 2432 et
792 2375 961 2451 quotquot
975 2377 1074 2432 erant
1096 2363 1225 2453 egregii
1248 2385 1323 2431 mo-

53 2452 157 2534 nachi,
179 2475 255 2522 cam
275 2452 465 2522 adorabant
482 2465 515 2522 et
540 2452 748 2533 salutabant,
768 2465 801 2521 et
825 2465 1000 2540 tamquam
1021 2473 1040 2521 e
1068 2453 1162 2521 coelo
1179 2452 1321 2522 venien-

53 2553 111 2609 tem
129 2542 380 2630 adspiciebant.

89 2631 106 2715 ᾖ
130 2634 211 2701 29.
231 2633 316 2700 Cum
341 2642 455 2700 autem
478 2630 627 2700 venisset
651 2627 914 2710 chalcedonem,
933 2641 966 2698 et
994 2628 1036 2698 ad
1062 2627 1177 2719 ipsum
1204 2629 1320 2698 sinum

53 2719 160 2813 maris,
178 2719 360 2789 verebatur
378 2717 526 2808 ingredi,
553 2732 586 2787 et
609 2717 791 2788 videbatur
813 2718 1026 2808 perturbata.
1052 2723 1201 2787 Ventura
1227 2720 1319 2787 enim

50 2825 81 2871 rn
105 2809 290 2877 maximam
312 2807 496 2888 civitatem,
512 2807 639 2876 mulier
653 2829 742 2896 quae
758 2809 886 2882 vixerat
904 2808 939 2875 in
957 2807 1208 2889 exercitatione,
1226 2807 1322 2894 quie-

50 2893 154 2982 tisque
177 2909 211 2966 et
234 2895 362 2967 silentii
392 2897 577 2966 maximam
617 2917 735 2965 curam
762 2908 937 2987 gesserat,
966 2910 1001 2966 ct
1031 2917 1098 2965 non
1126 2907 1322 2987 gustaverat

51 2985 214 3055 tumultus
232 2986 293 3075 qui
317 2987 456 3055 suntin
481 2985 628 3067 civitate,
648 2985 768 3054 merito
792 2984 1034 3056 extimescebat
1060 2997 1092 3054 et
1116 2985 1318 3076 refugiebat.

50 3075 148 3162 ltque
163 3075 301 3144 divertit
316 3073 470 3164 quidem,
497 3075 557 3144 ubi
578 3087 650 3144 erat
673 3074 842 3163 templum
872 3076 968 3144 omni
991 3097 1031 3144 ex
1060 3085 1155 3164 parte
1179 3074 1322 3144 benedi-

49 3172 117 3230 ctae
140 3164 303 3252 martyris
327 3161 560 3254 Euphemiae:
586 3164 678 3232 circa
702 3162 852 3232 mediam
884 3175 999 3233 autem
1026 3175 1159 3250 noctem
1190 3175 1322 3252 martyr

51 3269 112 3347 non
131 3273 254 3342 parum
279 3273 319 3321 ex
343 3273 379 3322 sc
403 3251 549 3321 effundit
572 3251 771 3320 suavissimi
798 3251 936 3332 odoriS,
967 3263 1000 3321 et
1019 3251 1193 3343 voluptate
1214 3251 1323 3341 replet

50 3340 222 3411 meffabili.
242 3342 410 3423 Quocirca
426 3341 515 3411 bona
539 3353 704 3430 concepta
722 3339 861 3423 fidncia,
884 3340 1041 3410 diluculo
1064 3340 1188 3410 fretum
1212 3339 1321 3410 anda-

50 3438 115 3496 eter
133 3431 276 3520 trajecit,
302 3443 334 3500 et
357 3431 514 3520 ingressa
544 3441 595 3498 est
620 3430 834 3519 Byzantium.
861 3431 1017 3532 Hospitio
1041 3451 1120 3500 vero
1150 3429 1322 3519 excipitur

50 3519 233 3603 aquodam
254 3520 326 3588 viro
350 3518 477 3588 illustri
507 3531 541 3587 et
563 3517 691 3606 alioqui
709 3517 811 3600 bono,
845 3539 985 3589 nominc
1011 3518 1152 3606 quidem
1187 3523 1319 3599 Lauso,

50 3607 104 3689 qui
121 3606 162 3676 ad
189 3608 449 3698 Praepositurae
480 3605 644 3676 bonorem
674 3605 887 3677 ascenderat.
912 3609 1048 3678 Invenit
1075 3619 1189 3677 autem
1216 3629 1319 3678 suum

50 3711 180 3781 quoque
204 3709 366 3786 patruum
391 3694 616 3766 Volusianum
642 3697 738 3786 gravi
760 3695 883 3766 morbo
906 3717 1135 3787 oppressum:
1161 3695 1321 3796 qni-ejus

51 3777 200 3854 habitum
219 3784 420 3866 admiratus
438 3783 638 3871 formaeque
654 3797 686 3854 et
709 3785 852 3855 vestitus
868 3785 1065 3855 incredibili
1089 3795 1121 3854 et
1142 3783 1320 3874 inopinata

51 3873 256 3962 stupefactus
276 3875 464 3945 mutatione
479 3873 697 3964 (extenuatus
710 3875 802 3942 enirn
824 3874 1013 3946 admodum
1028 3887 1100 3944 erat
1115 3873 1190 3963 ejus
1205 3872 1321 3941 vultus

51 3962 318 4059 exercitatione),
346 3985 472 4064 magna
503 3985 583 4033 voce
609 3963 830 4032 exclamavit:
863 3967 926 4033 «Ο
949 3965 1088 4051 qua-lem
1106 3984 1146 4030 ex
1170 3959 1265 4049 quali
1290 3973 1322 4030 te

53 4049 153 4132 video,
181 4051 312 4122 Melana
345 4052 537 4122 canssima.
558 4073 578 4119 a
603 4051 665 4121 Illa
696 4071 775 4120 vero
799 4073 839 4121 ex
872 4055 948 4139 ejtrs
985 4072 1142 4122 sermone
1181 4062 1321 4140 sumpta

52 4141 241 4214 occasione:
269 4145 329 4210 at
350 4161 408 4210 ane
430 4161 512 4230 ergo
528 4152 565 4210 tu
588 4161 738 4231 quoque,
759 4139 882 4231 inquit,
898 4140 1003 4224 disce,
1023 4163 1043 4246 o
1067 4141 1164 4210 beate
1184 4149 1318 4228 patrue,

1457 4213 1459 4243 l

1456 4259 1458 4281 t

77 4331 88 4356 ⁹
101 4333 155 4376 t‘res
169 4335 268 4379 extitere
281 4337 390 4380 Eudoxus
401 4339 531 4388 augustas:
541 4339 561 4384 1)
569 4337 636 4378 detta
643 4337 748 4381 ladon,
757 4333 849 4376 arcadii
859 4345 929 4378 uxor:
940 4331 963 4384 tl
974 4335 1039 4376 tetta
1048 4333 1143 4376 Eudoxa
1153 4333 1321 4394 (Athanctoaat.

54 4383 205 4483 ξῗῶῦὲωρξιίῑ
219 4401 289 4437 tuom
303 4391 324 4444 ³)
337 4393 428 4435 Llolnltt
441 4392 543 4440 mccxc.
557 4403 616 4434 uxor
629 4388 790 4434 vatenttntant
804 4390 847 4430 111.
860 4391 971 4434 Eudoxa.
985 4389 1013 4426 de
1032 4398 1078 4438 qna
1092 4387 1130 4429 bio
1146 4392 1224 4433 saltur
