2946 4798
208 329 271 392 sto
376 387 380 396 ,
577 345 616 391 os
640 343 768 392 saneris
793 343 1021 391 insocsnrmus
1282 324 1364 388 ltEC.
1387 325 1419 385 tlt

163 429 298 511 coelos,
324 442 357 498 et
381 449 491 516 usque
515 427 617 498 hodie
640 428 724 498 odor
747 428 805 498 ille
835 429 1064 499 suavissimus
1089 429 1125 496 in
1149 429 1303 498 terrestri
1326 425 1420 495 eoele-

164 519 276 607 stique
307 517 458 588 Ecclesia
486 517 691 588 indeficiens
722 530 927 619 perseverat.
959 517 1056 600 Quod
1085 530 1201 587 autem
1228 515 1421 604 passibilitas

162 629 269 699 quam
288 607 453 677 obediens
477 609 543 677 Deo
562 605 755 676 voluntarie
770 607 933 697 suscepit,
949 606 1209 697 incorruptione
1225 605 1361 675 firmata
1375 605 1419 672 sit:

162 697 273 768 virtus
297 695 457 784 myrrhae
481 695 624 766 obvians
648 695 863 784 corruptelae
887 717 951 765 suo
973 697 1093 784 probat
1115 695 1252 777 affectu,
1273 707 1306 764 et
1322 693 1420 762 visibi-

163 786 249 856 lium
275 786 406 854 ratione
423 805 608 854 munerum
634 784 903 856 immortalitatis
920 783 1050 854 solidae
1070 797 1203 855 constat
1226 782 1366 853 evidens
1378 803 1419 850 ar-

163 886 382 966 gumentum.

207 965 226 1050 §
252 967 295 1035 θ.
321 960 466 1032 Adorato
491 961 647 1042 Domino,
675 961 762 1052 hlagi
788 962 915 1032 hilares
939 961 1008 1033 alio
1032 962 1168 1032 tramite
1191 961 1226 1030 in
1253 982 1355 1031 suam
1375 981 1416 1049 p·

164 1052 264 1120 triam
287 1061 516 1121 revertuntur:
534 1051 617 1140 quia
634 1071 773 1120 neeesse
795 1065 846 1122 est
869 1064 907 1121 ut
931 1051 992 1139 qui
1014 1051 1161 1120 credunt
1184 1051 1227 1120 ad
1248 1049 1415 1140 justitiam,

163 1161 221 1210 ore
240 1139 342 1208 etiam
360 1139 508 1210 confessi
532 1139 671 1210 suntad
698 1140 857 1223 salutem,
874 1139 999 1209 deinde
1015 1141 1088 1211 vias
1107 1139 1237 1230 eligant
1258 1140 1418 1215 arctiores,

163 1240 195 1298 et
218 1249 255 1296 sc
278 1228 546 1298 districtioribus
573 1227 745 1300 mandatis
770 1229 941 1319 obligent:
968 1229 1134 1315 quoniam
1160 1229 1314 1318 pervias
1338 1227 1419 1298 latas.

163 1317 419 1404 descensusque
444 1317 648 1407 praecipites
672 1318 740 1387 itur
764 1317 807 1386 ad
832 1317 971 1400 inferos,
992 1339 1052 1407 per
1075 1329 1186 1386 arctas
1211 1339 1294 1386 vero
1318 1329 1349 1386 ct
1370 1313 1423 1382 dif-

163 1405 272 1476 ficiles
297 1404 429 1476 reditur
447 1406 491 1475 ad
516 1427 671 1494 superos.
689 1409 829 1495 Propter
852 1407 956 1476 verba
977 1407 1148 1476 labiorum
1174 1406 1233 1475 ltai
1255 1405 1423 1496 religiosus

162 1498 311 1582 quisquc
335 1496 407 1564 vias
431 1494 537 1565 duras
563 1494 767 1584 ingreditur,
793 1508 825 1565 et
843 1496 1023 1586 jugulator
1047 1495 1263 1584 voluptatum
1291 1507 1422 1564 stantem

162 1605 203 1654 ex
218 1583 353 1652 diverso
377 1584 509 1654 hostem
536 1605 680 1653 securus
704 1583 916 1674 aggreditur.
933 1591 1032 1654 hrota
1049 1585 1103 1654 via
1122 1597 1173 1654 est
1195 1585 1351 1666 castitas,
1372 1596 1423 1650 tra-

164 1693 238 1742 mes
262 1673 401 1742 strictus
426 1671 627 1753 humilitas;
649 1673 784 1763 jejunio
812 1673 930 1765 affligi,
957 1686 989 1743 et
1012 1695 1151 1744 carnem
1177 1673 1213 1742 in
1239 1675 1422 1743 servitutem

165 1761 332 1852 redigere,
361 1760 563 1851 scopulosae
594 1774 675 1830 sunt
703 1763 865 1843 semitae,
894 1761 952 1832 sed
977 1762 1019 1831 ad
1046 1764 1192 1852 patriam
1222 1762 1421 1852 superiorem

164 1871 231 1920 non
258 1851 325 1919 nisi
351 1871 411 1940 per
441 1863 575 1920 meatus
598 1849 759 1920 difficiles
778 1853 902 1920 armati
928 1851 1054 1922 milites
1079 1865 1264 1921 revertunt:
1292 1856 1366 1920 Non
1386 1863 1423 1916 est

164 1951 259 2009 tutus
284 1939 326 2010 ad
351 1939 519 2009 Herodem
556 1961 734 2028 regressus
770 1962 833 2010 nec
856 1939 992 2030 expedit
1014 1962 1095 2010 curn
1127 1940 1182 2011 his
1206 1940 1267 2027 qui
1291 1940 1423 2009 oderunt

165 2032 270 2098 Deum
289 2027 425 2098 foedera
436 2030 597 2119 jungerc;
625 2050 687 2098 nec
711 2028 753 2098 de
772 2028 939 2120 religione
959 2051 1038 2099 cum
1058 2028 1335 2120 malignantibus
1352 2028 1423 2096 inira

164 2116 321 2199 consilia,
349 2138 497 2204 quorum
533 2115 750 2187 familiaritas
784 2117 965 2188 infantiam
990 2119 1115 2188 Christi
1140 2118 1296 2188 studiose
1320 2137 1421 2207 perse-

163 2206 305 2292 quitur:
330 2218 364 2274 et
387 2217 572 2292 antequam
608 2205 774 2276 formetur
798 2206 953 2277 Christus
983 2207 1017 2276 in
1043 2207 1165 2288 nobis,
1189 2208 1223 2276 in
1250 2208 1327 2297 ipso
1363 2206 1422 2295 piae

163 2295 434 2364 conversationis
459 2295 575 2376 initio,
603 2308 641 2366 ut
664 2296 885 2386 extinguatur
909 2296 1075 2386 spiritus,
1104 2309 1136 2366 et
1160 2297 1348 2366 suffocetur
1371 2297 1423 2360 vita

161 2384 328 2472 justitiae,
349 2383 487 2473 penitus
504 2382 667 2453 elaborat.

208 2474 226 2560 ξ
250 2477 296 2546 8.
319 2472 482 2542 Delusum
507 2493 544 2542 se
563 2471 713 2542 Herodes
737 2473 971 2562 conqueritur,
990 2493 1070 2544 cum
1097 2478 1214 2564 llagos
1233 2472 1320 2544 alias
1344 2490 1420 2542 con·

165 2561 253 2651 perit
268 2561 459 2631 divertisse:
478 2562 561 2648 quia
581 2561 863 2632 molestissimum
882 2576 933 2632 est
950 2562 1100 2653 principi
1119 2563 1340 2632 tenebrarum
1355 2579 1420 2655 otini¹

164 2651 361 2741 excogitatis
386 2650 518 2738 laqueis
542 2662 687 2720 tentatos
711 2649 883 2739 quoslibet
908 2651 1039 2720 noverit
1062 2652 1230 2721 evasisse:
1256 2665 1290 2721 et
1313 2651 1422 2720 acriori

163 2739 402 2809 inflammatus
426 2738 531 2819 rabie,
559 2739 594 2808 in
618 2761 719 2810 neces
742 2739 979 2809 innocentium
1004 2739 1248 2810 debacchatur.
1277 2741 1331 2810 Sic
1357 2759 1421 2807 san-

163 2842 296 2897 ctorum
318 2826 615 2918 persecutionibus
631 2841 800 2916 tyrannus
817 2828 968 2898 crudelis
989 2828 1230 2917 illuditur,qui
1242 2827 1326 2898 dum
1342 2835 1422 2918 putat

165 2916 307 3016 perdere
331 2937 418 3004 quos
442 2915 578 2998 occidit,
598 2917 750 2986 melioris
773 2919 861 2988 vitae
885 2930 1011 2988 statum
1038 2919 1087 2988 eis
1104 2932 1278 3010 procurat;
1295 2929 1327 2988 et
1344 2911 1421 3003 quod

164 3002 223 3073 ille
247 3006 281 3074 in
309 3005 535 3106 perditionem
562 3004 713 3087 molitur,
742 3006 777 3075 hi
813 3018 961 3076 utuntur
989 3028 1058 3097 ‘pro
1094 3007 1284 3091 beneficio,
1309 3005 1423 3094 quibus

165 3093 261 3163 lucra
285 3105 372 3164 vitae
397 3107 581 3184 perpetuae
606 3117 666 3182 per
689 3095 773 3164 haec
800 3107 1040 3165 momentanea
1067 3095 1196 3166 damna
1219 3095 1321 3166 celeri
1344 3111 1423 3190 com·

164 3181 291 3272 pendio
315 3184 557 3270 acquiruntur.
577 3189 661 3254 Ecce
686 3183 821 3276 parvuli
847 3184 923 3264 isti,
946 3205 1033 3272 quos
1054 3184 1163 3255 hostis
1188 3199 1341 3266 naturae,
1361 3202 1423 3272 pte·

164 3273 244 3344 tatis
258 3272 435 3351 inimicus,
453 3273 606 3344 bestialis
628 3274 800 3354 saevitiae,
818 3273 994 3344 inauditae
1011 3272 1226 3344 crudelitatis
1244 3287 1420 3344 monstrum

164 3361 315 3433 Herodes
339 3361 475 3444 occidit,
503 3363 616 3432 subito
640 3361 730 3432 liunt
754 3375 945 3451 martyres,
971 3374 1004 3433 et
1027 3362 1111 3432 dum
1138 3363 1209 3434 vice
1234 3362 1372 3438 Christi,
1394 3370 1422 3425 et

163 3471 226 3540 pro
251 3451 383 3521 Christo
407 3450 515 3520 avulsi
534 3474 554 3521 a
572 3464 720 3521 matrum
739 3450 905 3521 uberibus
920 3450 1182 3534 detruncantur,
1203 3451 1419 3542 testimonium

164 3539 256 3626 quod
282 3540 429 3611 necdum
456 3551 611 3629 poterant
636 3561 810 3620 sermone,
840 3539 1021 3631 perhibent
1046 3541 1229 3630 passione:
1255 3554 1288 3611 et
1312 3535 1421 3632 sufficit

164 3647 270 3698 causa
281 3625 494 3711 testimonio,
514 3628 593 3699 licet
611 3629 765 3698 nondum
791 3627 927 3718 eloquio
951 3629 1198 3722 distinguatur.
1220 3630 1317 3699 Illico
1331 3625 1420 3718 spiuf

164 3728 220 3787 tus
245 3717 413 3789 infantilis
438 3718 568 3788 vasculi
602 3717 858 3808 receptaculum
897 3717 1083 3800 deserens,
1106 3720 1180 3810 jam
1218 3741 1286 3788 non
1320 3710 1418 3785 tenelli

165 3807 320 3898 corporis
344 3807 532 3895 aetatisque
557 3807 703 3877 novitiae
727 3819 879 3896 tempore
906 3819 1052 3892 tanetum
1078 3808 1136 3876 sed
1162 3806 1206 3877 ab
1231 3807 1301 3876 illis
1323 3801 1418 3874 infan-

165 3896 257 3968 tibus
276 3896 430 3986 coagulis
454 3897 571 3967 anima
595 3896 764 3988 expedita,
787 3895 911 3984 adepta
936 3895 1079 3966 rationis
1096 3909 1128 3965 et
1148 3896 1337 3966 intellectus
1359 3889 1417 3980 ple·

164 3985 358 4058 nitudinem
391 3987 426 4053 in
462 4007 647 4056 occursum
686 3985 810 4056 Christi
840 3983 1001 4066 festinat,
1033 4007 1145 4072 aquo
1177 3985 1319 4055 militiae
1348 3995 1415 4079 suae

163 4097 333 4161 quaerens
358 4074 595 4164 stipendium,
623 4074 666 4148 ad
703 4074 792 4145 lucis
822 4086 855 4144 et
891 4075 986 4164 pacis
1017 4087 1175 4144 aeternae
1210 4072 1416 4165 praemittitur

164 4165 302 4252 gaudia,
324 4175 356 4234 et
380 4163 593 4254 Epiphaniae
621 4163 788 4234 solemnia
813 4163 849 4232 in
877 4163 1083 4234 coelestibus
1108 4162 1277 4243 celebrat,
1303 4181 1356 4228 nec
1371 4173 1411 4253 Ιιῐι

165 4251 283 4323 stellae
306 4252 455 4342 alicujus
480 4253 624 4336 lumine,
651 4252 711 4323 sed
736 4255 771 4322 in
793 4252 869 4343 ipsa
892 4251 1046 4322 claritate
1068 4253 1205 4322 divinae
1226 4257 1412 4343 praesentiae

165 4337 341 4426 gloriatur.
362 4347 443 4412 Acta
461 4355 512 4411 est
530 4342 715 4413 nativitatis
740 4341 940 4412 solemnitas
965 4363 1105 4412 sursum
1120 4340 1342 4430 jubilantibus
1356 4336 1410 4399 lo·

166 4426 263 4512 gelis,
287 4428 446 4498 deorsum
472 4453 509 4500 ex
534 4452 591 4500 oro
615 4429 800 4501 infantium
827 4443 859 4500 et
883 4431 1082 4502 lactentium
1107 4431 1184 4501 laus
1200 4444 1249 4502 est
1271 4423 1406 4520 perfecit,
