<?xml version="1.0" encoding="UTF-8"?>
<!DOCTYPE html PUBLIC "-//W3C//DTD XHTML 1.0 Transitional//EN"
    "http://www.w3.org/TR/xhtml1/DTD/xhtml1-transitional.dtd">
<html xmlns="http://www.w3.org/1999/xhtml" xml:lang="en" lang="en">
 <head>
  <title>
</title>
<meta http-equiv="Content-Type" content="text/html;charset=utf-8" />
  <meta name='ocr-system' content='tesseract 3.04.00' />
  <meta name='ocr-capabilities' content='ocr_page ocr_carea ocr_par ocr_line ocrx_word'/>
</head>
<body>
  <div class='ocr_page' id='page_1' title='image "./historiaeseuvit00lippgoog_0501.png"; bbox 0 0 2946 4798; ppageno 0'>
   <div class='ocr_carea' id='block_1_1' title="bbox 222 329 1417 395">
    <p class='ocr_par' dir='ltr' id='par_1_1' title="bbox 222 329 1417 395">
     <span class='ocr_line' id='line_1_1' title="bbox 222 329 1417 395; baseline -0.004 0"><span class='ocrx_word' id='word_1_1' title='bbox 222 331 282 395; x_wconf 64' lang='lat' dir='ltr'>tos</span> <span class='ocrx_word' id='word_1_2' title='bbox 531 349 568 392; x_wconf 83' lang='lat' dir='ltr'>na</span> <span class='ocrx_word' id='word_1_3' title='bbox 592 349 618 394; x_wconf 91' lang='lat' dir='ltr'>s.</span> <span class='ocrx_word' id='word_1_4' title='bbox 648 346 809 393; x_wconf 78' lang='lat' dir='ltr'>srnvnaso</span> <span class='ocrx_word' id='word_1_5' title='bbox 836 344 1083 393; x_wconf 81' lang='lat' dir='ltr'>vnorouanrvnn</span> <span class='ocrx_word' id='word_1_6' title='bbox 1295 329 1367 393; x_wconf 79' lang='lat' dir='ltr'>titt.</span> <span class='ocrx_word' id='word_1_7' title='bbox 1384 329 1417 390; x_wconf 61' lang='lat' dir='ltr'>{tl</span> 
     </span>
    </p>
   </div>
   <div class='ocr_carea' id='block_1_2' title="bbox 171 429 1428 2552">
    <p class='ocr_par' dir='ltr' id='par_1_2' title="bbox 171 429 1428 2552">
     <span class='ocr_line' id='line_1_2' title="bbox 175 429 1417 520; baseline -0.004 -20"><span class='ocrx_word' id='word_1_8' title='bbox 175 455 243 520; x_wconf 72' lang='lat' dir='ltr'>&lt;tuo</span> <span class='ocrx_word' id='word_1_9' title='bbox 263 432 453 503; x_wconf 77' lang='lat' dir='ltr'>similitudo</span> <span class='ocrx_word' id='word_1_10' title='bbox 479 432 611 500; x_wconf 85' lang='lat' dir='ltr'>Domini</span> <span class='ocrx_word' id='word_1_11' title='bbox 643 431 823 519; x_wconf 87' lang='lat' dir='ltr'>pendentis</span> <span class='ocrx_word' id='word_1_12' title='bbox 842 431 875 499; x_wconf 95' lang='lat' dir='ltr'>in</span> <span class='ocrx_word' id='word_1_13' title='bbox 902 436 1019 509; x_wconf 83' lang='lat' dir='ltr'>Cruce,</span> <span class='ocrx_word' id='word_1_14' title='bbox 1045 431 1262 500; x_wconf 87' lang='lat' dir='ltr'>mirabilibus</span> <span class='ocrx_word' id='word_1_15' title='bbox 1285 429 1417 500; x_wconf 83' lang='lat' dir='ltr'>formulis</span> 
     </span>
     <span class='ocr_line' id='line_1_3' title="bbox 174 518 1419 611; baseline -0.003 -21"><span class='ocrx_word' id='word_1_16' title='bbox 174 536 225 593; x_wconf 89' lang='lat' dir='ltr'>est</span> <span class='ocrx_word' id='word_1_17' title='bbox 246 523 481 611; x_wconf 77' lang='lat' dir='ltr'>impressam</span> <span class='ocrx_word' id='word_1_18' title='bbox 509 519 602 610; x_wconf 84' lang='lat' dir='ltr'>ligno</span> <span class='ocrx_word' id='word_1_19' title='bbox 626 520 718 608; x_wconf 90' lang='lat' dir='ltr'>enim</span> <span class='ocrx_word' id='word_1_20' title='bbox 737 520 859 608; x_wconf 85' lang='lat' dir='ltr'>spinis,</span> <span class='ocrx_word' id='word_1_21' title='bbox 879 518 998 598; x_wconf 85' lang='lat' dir='ltr'>clavis,</span> <span class='ocrx_word' id='word_1_22' title='bbox 1018 520 1138 589; x_wconf 89' lang='lat' dir='ltr'>lancea</span> <span class='ocrx_word' id='word_1_23' title='bbox 1161 519 1293 598; x_wconf 81' lang='lat' dir='ltr'>affixus,</span> <span class='ocrx_word' id='word_1_24' title='bbox 1313 531 1419 588; x_wconf 85' lang='lat' dir='ltr'>eteru-</span> 
     </span>
     <span class='ocr_line' id='line_1_4' title="bbox 175 607 1418 691; baseline -0.007 -10"><span class='ocrx_word' id='word_1_25' title='bbox 175 611 310 691; x_wconf 86' lang='lat' dir='ltr'>cifnrus,</span> <span class='ocrx_word' id='word_1_26' title='bbox 329 607 526 679; x_wconf 80' lang='lat' dir='ltr'>dissimulat</span> <span class='ocrx_word' id='word_1_27' title='bbox 551 608 649 678; x_wconf 91' lang='lat' dir='ltr'>illum</span> <span class='ocrx_word' id='word_1_28' title='bbox 673 609 815 677; x_wconf 89' lang='lat' dir='ltr'>unicum</span> <span class='ocrx_word' id='word_1_29' title='bbox 842 607 1008 688; x_wconf 85' lang='lat' dir='ltr'>dolorem,</span> <span class='ocrx_word' id='word_1_30' title='bbox 1027 623 1059 677; x_wconf 92' lang='lat' dir='ltr'>et</span> <span class='ocrx_word' id='word_1_31' title='bbox 1088 609 1300 679; x_wconf 74' lang='lat' dir='ltr'>obliviscitur</span> <span class='ocrx_word' id='word_1_32' title='bbox 1322 608 1418 676; x_wconf 86' lang='lat' dir='ltr'>mortis</span> 
     </span>
     <span class='ocr_line' id='line_1_5' title="bbox 177 696 1418 786; baseline -0.001 -22"><span class='ocrx_word' id='word_1_33' title='bbox 177 701 319 780; x_wconf 90' lang='lat' dir='ltr'>vicinae,</span> <span class='ocrx_word' id='word_1_34' title='bbox 338 719 462 766; x_wconf 90' lang='lat' dir='ltr'>novum</span> <span class='ocrx_word' id='word_1_35' title='bbox 489 697 750 766; x_wconf 79' lang='lat' dir='ltr'>introducturus</span> <span class='ocrx_word' id='word_1_36' title='bbox 773 696 983 785; x_wconf 81' lang='lat' dir='ltr'>exemplum,</span> <span class='ocrx_word' id='word_1_37' title='bbox 1003 699 1114 786; x_wconf 90' lang='lat' dir='ltr'>aperit</span> <span class='ocrx_word' id='word_1_38' title='bbox 1134 697 1341 767; x_wconf 89' lang='lat' dir='ltr'>latitudinem</span> <span class='ocrx_word' id='word_1_39' title='bbox 1355 698 1418 764; x_wconf 89' lang='lat' dir='ltr'>cha-</span> 
     </span>
     <span class='ocr_line' id='line_1_6' title="bbox 177 785 1416 876; baseline -0.006 -18"><span class='ocrx_word' id='word_1_40' title='bbox 177 790 296 866; x_wconf 91' lang='lat' dir='ltr'>ritatis,</span> <span class='ocrx_word' id='word_1_41' title='bbox 316 800 348 856; x_wconf 94' lang='lat' dir='ltr'>et</span> <span class='ocrx_word' id='word_1_42' title='bbox 364 786 527 875; x_wconf 79' lang='lat' dir='ltr'>apertiori</span> <span class='ocrx_word' id='word_1_43' title='bbox 551 807 674 874; x_wconf 89' lang='lat' dir='ltr'>campo</span> <span class='ocrx_word' id='word_1_44' title='bbox 691 788 856 855; x_wconf 91' lang='lat' dir='ltr'>terminos</span> <span class='ocrx_word' id='word_1_45' title='bbox 877 785 1022 854; x_wconf 89' lang='lat' dir='ltr'>traditae</span> <span class='ocrx_word' id='word_1_46' title='bbox 1044 786 1128 876; x_wconf 86' lang='lat' dir='ltr'>legis</span> <span class='ocrx_word' id='word_1_47' title='bbox 1152 785 1346 874; x_wconf 82' lang='lat' dir='ltr'>amplificat,</span> <span class='ocrx_word' id='word_1_48' title='bbox 1367 805 1416 852; x_wconf 91' lang='lat' dir='ltr'>non</span> 
     </span>
     <span class='ocr_line' id='line_1_7' title="bbox 171 873 1418 968; baseline -0.006 -22"><span class='ocrx_word' id='word_1_49' title='bbox 171 881 242 968; x_wconf 87' lang='lat' dir='ltr'>jam</span> <span class='ocrx_word' id='word_1_50' title='bbox 269 875 379 945; x_wconf 92' lang='lat' dir='ltr'>solum</span> <span class='ocrx_word' id='word_1_51' title='bbox 407 876 540 943; x_wconf 86' lang='lat' dir='ltr'>amicus</span> <span class='ocrx_word' id='word_1_52' title='bbox 564 875 697 958; x_wconf 90' lang='lat' dir='ltr'>amicis,</span> <span class='ocrx_word' id='word_1_53' title='bbox 718 875 776 942; x_wconf 91' lang='lat' dir='ltr'>sed</span> <span class='ocrx_word' id='word_1_54' title='bbox 804 875 920 954; x_wconf 89' lang='lat' dir='ltr'>velint,</span> <span class='ocrx_word' id='word_1_55' title='bbox 945 875 1065 954; x_wconf 92' lang='lat' dir='ltr'>nolint,</span> <span class='ocrx_word' id='word_1_56' title='bbox 1085 877 1219 944; x_wconf 92' lang='lat' dir='ltr'>amicus</span> <span class='ocrx_word' id='word_1_57' title='bbox 1240 877 1359 965; x_wconf 90' lang='lat' dir='ltr'>pariter</span> <span class='ocrx_word' id='word_1_58' title='bbox 1372 873 1418 941; x_wconf 92' lang='lat' dir='ltr'>ini·</span> 
     </span>
     <span class='ocr_line' id='line_1_8' title="bbox 178 965 1419 1055; baseline -0.006 -20"><span class='ocrx_word' id='word_1_59' title='bbox 178 967 287 1035; x_wconf 89' lang='lat' dir='ltr'>micis.</span> <span class='ocrx_word' id='word_1_60' title='bbox 326 969 435 1044; x_wconf 85' lang='lat' dir='ltr'>Pater,</span> <span class='ocrx_word' id='word_1_61' title='bbox 470 965 593 1051; x_wconf 90' lang='lat' dir='ltr'>inquit,</span> <span class='ocrx_word' id='word_1_62' title='bbox 629 967 760 1054; x_wconf 77' lang='lat' dir='ltr'>ipnoscc</span> <span class='ocrx_word' id='word_1_63' title='bbox 795 965 875 1043; x_wconf 84' lang='lat' dir='ltr'>illis,</span> <span class='ocrx_word' id='word_1_64' title='bbox 911 966 993 1054; x_wconf 82' lang='lat' dir='ltr'>quio</span> <span class='ocrx_word' id='word_1_65' title='bbox 1023 967 1174 1033; x_wconf 83' lang='lat' dir='ltr'>nesciunt</span> <span class='ocrx_word' id='word_1_66' title='bbox 1204 965 1286 1055; x_wconf 80' lang='lat' dir='ltr'>qnid</span> <span class='ocrx_word' id='word_1_67' title='bbox 1315 966 1419 1052; x_wconf 80' lang='lat' dir='ltr'>saciant</span> 
     </span>
     <span class='ocr_line' id='line_1_9' title="bbox 176 1051 1419 1144; baseline -0.008 -20"><span class='ocrx_word' id='word_1_68' title='bbox 176 1055 268 1144; x_wconf 81' lang='lat' dir='ltr'>(Luc.</span> <span class='ocrx_word' id='word_1_69' title='bbox 287 1057 393 1140; x_wconf 78' lang='lat' dir='ltr'>run).</span> <span class='ocrx_word' id='word_1_70' title='bbox 414 1057 483 1122; x_wconf 87' lang='lat' dir='ltr'>Non</span> <span class='ocrx_word' id='word_1_71' title='bbox 512 1053 622 1144; x_wconf 93' lang='lat' dir='ltr'>potuit</span> <span class='ocrx_word' id='word_1_72' title='bbox 645 1073 720 1121; x_wconf 89' lang='lat' dir='ltr'>esse</span> <span class='ocrx_word' id='word_1_73' title='bbox 744 1051 900 1120; x_wconf 84' lang='lat' dir='ltr'>inefficax</span> <span class='ocrx_word' id='word_1_74' title='bbox 925 1053 1033 1121; x_wconf 88' lang='lat' dir='ltr'>oratio</span> <span class='ocrx_word' id='word_1_75' title='bbox 1070 1054 1268 1124; x_wconf 88' lang='lat' dir='ltr'>morientis.</span> <span class='ocrx_word' id='word_1_76' title='bbox 1299 1051 1380 1120; x_wconf 87' lang='lat' dir='ltr'>unde</span> <span class='ocrx_word' id='word_1_77' title='bbox 1398 1072 1419 1116; x_wconf 80' lang='lat' dir='ltr'>a:</span> 
     </span>
     <span class='ocr_line' id='line_1_10' title="bbox 180 1139 1421 1212; baseline -0.005 -1"><span class='ocrx_word' id='word_1_78' title='bbox 180 1143 398 1212; x_wconf 87' lang='lat' dir='ltr'>inimieorum</span> <span class='ocrx_word' id='word_1_79' title='bbox 426 1143 654 1212; x_wconf 85' lang='lat' dir='ltr'>numerositas</span> <span class='ocrx_word' id='word_1_80' title='bbox 677 1141 718 1210; x_wconf 91' lang='lat' dir='ltr'>ad</span> <span class='ocrx_word' id='word_1_81' title='bbox 747 1161 929 1210; x_wconf 87' lang='lat' dir='ltr'>numerum</span> <span class='ocrx_word' id='word_1_82' title='bbox 956 1141 1146 1212; x_wconf 87' lang='lat' dir='ltr'>amicorum</span> <span class='ocrx_word' id='word_1_83' title='bbox 1173 1143 1339 1211; x_wconf 89' lang='lat' dir='ltr'>transivit.</span> <span class='ocrx_word' id='word_1_84' title='bbox 1364 1139 1421 1206; x_wconf 56' lang='lat' dir='ltr'>rid,</span> 
     </span>
     <span class='ocr_line' id='line_1_11' title="bbox 178 1230 1421 1322; baseline -0.007 -21"><span class='ocrx_word' id='word_1_85' title='bbox 178 1253 282 1322; x_wconf 87' lang='lat' dir='ltr'>quam</span> <span class='ocrx_word' id='word_1_86' title='bbox 307 1242 398 1299; x_wconf 90' lang='lat' dir='ltr'>recto</span> <span class='ocrx_word' id='word_1_87' title='bbox 428 1253 535 1301; x_wconf 87' lang='lat' dir='ltr'>cursu</span> <span class='ocrx_word' id='word_1_88' title='bbox 573 1231 780 1320; x_wconf 82' lang='lat' dir='ltr'>Stephanus,</span> <span class='ocrx_word' id='word_1_89' title='bbox 805 1230 867 1299; x_wconf 89' lang='lat' dir='ltr'>etsi</span> <span class='ocrx_word' id='word_1_90' title='bbox 902 1251 968 1298; x_wconf 93' lang='lat' dir='ltr'>non</span> <span class='ocrx_word' id='word_1_91' title='bbox 994 1243 1129 1319; x_wconf 89' lang='lat' dir='ltr'>aequat,</span> <span class='ocrx_word' id='word_1_92' title='bbox 1150 1231 1306 1318; x_wconf 88' lang='lat' dir='ltr'>sequitur</span> <span class='ocrx_word' id='word_1_93' title='bbox 1334 1233 1421 1297; x_wconf 82' lang='lat' dir='ltr'>lamen</span> 
     </span>
     <span class='ocr_line' id='line_1_12' title="bbox 179 1319 1422 1409; baseline -0.006 -20"><span class='ocrx_word' id='word_1_94' title='bbox 179 1320 452 1409; x_wconf 84' lang='lat' dir='ltr'>fledemptorem.</span> <span class='ocrx_word' id='word_1_95' title='bbox 479 1321 574 1389; x_wconf 83' lang='lat' dir='ltr'>Volat</span> <span class='ocrx_word' id='word_1_96' title='bbox 610 1340 771 1388; x_wconf 86' lang='lat' dir='ltr'>saxorum</span> <span class='ocrx_word' id='word_1_97' title='bbox 806 1319 927 1399; x_wconf 90' lang='lat' dir='ltr'>imber,</span> <span class='ocrx_word' id='word_1_98' title='bbox 957 1331 989 1386; x_wconf 90' lang='lat' dir='ltr'>et</span> <span class='ocrx_word' id='word_1_99' title='bbox 1021 1319 1218 1390; x_wconf 84' lang='lat' dir='ltr'>fortissimis</span> <span class='ocrx_word' id='word_1_100' title='bbox 1254 1319 1422 1388; x_wconf 85' lang='lat' dir='ltr'>invidorum</span> 
     </span>
     <span class='ocr_line' id='line_1_13' title="bbox 179 1406 1424 1498; baseline -0.005 -20"><span class='ocrx_word' id='word_1_101' title='bbox 179 1409 341 1478; x_wconf 88' lang='lat' dir='ltr'>manibus</span> <span class='ocrx_word' id='word_1_102' title='bbox 359 1409 432 1476; x_wconf 89' lang='lat' dir='ltr'>loca</span> <span class='ocrx_word' id='word_1_103' title='bbox 458 1408 640 1478; x_wconf 92' lang='lat' dir='ltr'>vulnerum</span> <span class='ocrx_word' id='word_1_104' title='bbox 667 1406 903 1496; x_wconf 88' lang='lat' dir='ltr'>duplicantur,</span> <span class='ocrx_word' id='word_1_105' title='bbox 923 1407 981 1475; x_wconf 89' lang='lat' dir='ltr'>sed</span> <span class='ocrx_word' id='word_1_106' title='bbox 1010 1409 1175 1496; x_wconf 84' lang='lat' dir='ltr'>patienter</span> <span class='ocrx_word' id='word_1_107' title='bbox 1205 1411 1332 1498; x_wconf 90' lang='lat' dir='ltr'>patitur</span> <span class='ocrx_word' id='word_1_108' title='bbox 1354 1429 1424 1476; x_wconf 88' lang='lat' dir='ltr'>roro·</span> 
     </span>
     <span class='ocr_line' id='line_1_14' title="bbox 179 1493 1425 1586; baseline -0.006 -18"><span class='ocrx_word' id='word_1_109' title='bbox 179 1513 279 1568; x_wconf 88' lang='lat' dir='ltr'>natus</span> <span class='ocrx_word' id='word_1_110' title='bbox 301 1509 425 1576; x_wconf 92' lang='lat' dir='ltr'>noster,</span> <span class='ocrx_word' id='word_1_111' title='bbox 449 1497 490 1566; x_wconf 90' lang='lat' dir='ltr'>de</span> <span class='ocrx_word' id='word_1_112' title='bbox 511 1519 637 1567; x_wconf 90' lang='lat' dir='ltr'>corona</span> <span class='ocrx_word' id='word_1_113' title='bbox 667 1497 818 1565; x_wconf 88' lang='lat' dir='ltr'>nominis</span> <span class='ocrx_word' id='word_1_114' title='bbox 845 1497 885 1564; x_wconf 89' lang='lat' dir='ltr'>ad</span> <span class='ocrx_word' id='word_1_115' title='bbox 912 1517 1073 1565; x_wconf 88' lang='lat' dir='ltr'>coronam</span> <span class='ocrx_word' id='word_1_116' title='bbox 1105 1498 1282 1586; x_wconf 84' lang='lat' dir='ltr'>regiminis</span> <span class='ocrx_word' id='word_1_117' title='bbox 1310 1493 1425 1566; x_wconf 85' lang='lat' dir='ltr'>transfr-</span> 
     </span>
     <span class='ocr_line' id='line_1_15' title="bbox 178 1582 1426 1676; baseline -0.006 -20"><span class='ocrx_word' id='word_1_118' title='bbox 178 1586 317 1656; x_wconf 90' lang='lat' dir='ltr'>rendus.</span> <span class='ocrx_word' id='word_1_119' title='bbox 338 1587 450 1656; x_wconf 88' lang='lat' dir='ltr'>Nescit</span> <span class='ocrx_word' id='word_1_120' title='bbox 473 1587 633 1656; x_wconf 85' lang='lat' dir='ltr'>affectum</span> <span class='ocrx_word' id='word_1_121' title='bbox 659 1585 786 1666; x_wconf 87' lang='lat' dir='ltr'>carnis,</span> <span class='ocrx_word' id='word_1_122' title='bbox 805 1599 837 1654; x_wconf 91' lang='lat' dir='ltr'>et</span> <span class='ocrx_word' id='word_1_123' title='bbox 858 1585 978 1654; x_wconf 92' lang='lat' dir='ltr'>mortis</span> <span class='ocrx_word' id='word_1_124' title='bbox 998 1585 1118 1654; x_wconf 91' lang='lat' dir='ltr'>boram</span> <span class='ocrx_word' id='word_1_125' title='bbox 1137 1588 1294 1676; x_wconf 83' lang='lat' dir='ltr'>ignorat:</span> <span class='ocrx_word' id='word_1_126' title='bbox 1323 1599 1355 1654; x_wconf 87' lang='lat' dir='ltr'>et</span> <span class='ocrx_word' id='word_1_127' title='bbox 1372 1582 1426 1650; x_wconf 75' lang='lat' dir='ltr'>vide</span> 
     </span>
     <span class='ocr_line' id='line_1_16' title="bbox 177 1674 1425 1763; baseline -0.005 -20"><span class='ocrx_word' id='word_1_128' title='bbox 177 1675 260 1763; x_wconf 91' lang='lat' dir='ltr'>quid</span> <span class='ocrx_word' id='word_1_129' title='bbox 290 1674 455 1745; x_wconf 87' lang='lat' dir='ltr'>deliberet</span> <span class='ocrx_word' id='word_1_130' title='bbox 482 1674 693 1745; x_wconf 88' lang='lat' dir='ltr'>faciendum.</span> <span class='ocrx_word' id='word_1_131' title='bbox 719 1674 838 1742; x_wconf 85' lang='lat' dir='ltr'>Positis</span> <span class='ocrx_word' id='word_1_132' title='bbox 862 1686 976 1743; x_wconf 92' lang='lat' dir='ltr'>autem</span> <span class='ocrx_word' id='word_1_133' title='bbox 1006 1675 1165 1763; x_wconf 81' lang='lat' dir='ltr'>genibus,</span> <span class='ocrx_word' id='word_1_134' title='bbox 1187 1674 1347 1744; x_wconf 88' lang='lat' dir='ltr'>clamavit</span> <span class='ocrx_word' id='word_1_135' title='bbox 1370 1693 1425 1740; x_wconf 74' lang='lat' dir='ltr'>von</span> 
     </span>
     <span class='ocr_line' id='line_1_17' title="bbox 180 1763 1426 1855; baseline -0.004 -22"><span class='ocrx_word' id='word_1_136' title='bbox 180 1787 317 1854; x_wconf 81' lang='lat' dir='ltr'>magna,</span> <span class='ocrx_word' id='word_1_137' title='bbox 338 1763 481 1834; x_wconf 85' lang='lat' dir='ltr'>dicens:</span> <span class='ocrx_word' id='word_1_138' title='bbox 512 1766 656 1842; x_wconf 82' lang='lat' dir='ltr'>flumine,</span> <span class='ocrx_word' id='word_1_139' title='bbox 685 1785 725 1831; x_wconf 82' lang='lat' dir='ltr'>rte</span> <span class='ocrx_word' id='word_1_140' title='bbox 749 1774 880 1833; x_wconf 81' lang='lat' dir='ltr'>statuar</span> <span class='ocrx_word' id='word_1_141' title='bbox 904 1765 975 1832; x_wconf 78' lang='lat' dir='ltr'>ittn</span> <span class='ocrx_word' id='word_1_142' title='bbox 1000 1765 1058 1832; x_wconf 76' lang='lat' dir='ltr'>froc</span> <span class='ocrx_word' id='word_1_143' title='bbox 1085 1775 1270 1854; x_wconf 85' lang='lat' dir='ltr'>peccatum,</span> <span class='ocrx_word' id='word_1_144' title='bbox 1291 1767 1369 1855; x_wconf 85' lang='lat' dir='ltr'>quin</span> <span class='ocrx_word' id='word_1_145' title='bbox 1389 1783 1426 1828; x_wconf 82' lang='lat' dir='ltr'>nr-</span> 
     </span>
     <span class='ocr_line' id='line_1_18' title="bbox 176 1852 1425 2009; baseline -0.004 -87"><span class='ocrx_word' id='word_1_146' title='bbox 176 1857 284 1922; x_wconf 84' lang='lat' dir='ltr'>sct&#39;nnt</span> <span class='ocrx_word' id='word_1_147' title='bbox 320 1855 402 1944; x_wconf 80' lang='lat' dir='ltr'>qnid</span> <span class='ocrx_word' id='word_1_148' title='bbox 432 1856 574 1942; x_wconf 81' lang='lat' dir='ltr'>sariunt.</span> <span class='ocrx_word' id='word_1_149' title='bbox 601 1852 731 1922; x_wconf 86' lang='lat' dir='ltr'>Clamat</span> <span class='ocrx_word' id='word_1_150' title='bbox 766 1874 844 1922; x_wconf 91' lang='lat' dir='ltr'>voce</span> <span class='ocrx_word' id='word_1_151' title='bbox 872 1873 1020 2009; x_wconf 51' lang='lat' dir='ltr'>mappa,</span> <span class='ocrx_word' id='word_1_152' title='bbox 1056 1855 1137 1938; x_wconf 88' lang='lat' dir='ltr'>quia</span> <span class='ocrx_word' id='word_1_153' title='bbox 1173 1875 1297 1942; x_wconf 85' lang='lat' dir='ltr'>magna</span> <span class='ocrx_word' id='word_1_154' title='bbox 1330 1854 1425 1936; x_wconf 79' lang='lat' dir='ltr'>unqu</span> 
     </span>
     <span class='ocr_line' id='line_1_19' title="bbox 178 1940 1426 2032; baseline -0.006 -22"><span class='ocrx_word' id='word_1_155' title='bbox 178 1943 354 2011; x_wconf 83' lang='lat' dir='ltr'>charitate:</span> <span class='ocrx_word' id='word_1_156' title='bbox 378 1943 495 2032; x_wconf 90' lang='lat' dir='ltr'>positis</span> <span class='ocrx_word' id='word_1_157' title='bbox 516 1942 675 2032; x_wconf 84' lang='lat' dir='ltr'>genibus,</span> <span class='ocrx_word' id='word_1_158' title='bbox 694 1940 776 2027; x_wconf 91' lang='lat' dir='ltr'>quia</span> <span class='ocrx_word' id='word_1_159' title='bbox 796 1963 874 2009; x_wconf 87' lang='lat' dir='ltr'>vera</span> <span class='ocrx_word' id='word_1_160' title='bbox 893 1954 925 2009; x_wconf 86' lang='lat' dir='ltr'>et</span> <span class='ocrx_word' id='word_1_161' title='bbox 966 1940 1066 2010; x_wconf 89' lang='lat' dir='ltr'>umili</span> <span class='ocrx_word' id='word_1_162' title='bbox 1084 1941 1315 2031; x_wconf 80' lang='lat' dir='ltr'>simplicitate.</span> <span class='ocrx_word' id='word_1_163' title='bbox 1337 1947 1426 2010; x_wconf 70' lang='lat' dir='ltr'>tros</span> 
     </span>
     <span class='ocr_line' id='line_1_20' title="bbox 179 2029 1425 2121; baseline -0.004 -21"><span class='ocrx_word' id='word_1_164' title='bbox 179 2053 281 2101; x_wconf 91' lang='lat' dir='ltr'>orans</span> <span class='ocrx_word' id='word_1_165' title='bbox 307 2043 383 2110; x_wconf 91' lang='lat' dir='ltr'>stat,</span> <span class='ocrx_word' id='word_1_166' title='bbox 405 2045 437 2099; x_wconf 91' lang='lat' dir='ltr'>et</span> <span class='ocrx_word' id='word_1_167' title='bbox 460 2032 626 2121; x_wconf 85' lang='lat' dir='ltr'>erigitur:</span> <span class='ocrx_word' id='word_1_168' title='bbox 654 2052 715 2118; x_wconf 91' lang='lat' dir='ltr'>pro</span> <span class='ocrx_word' id='word_1_169' title='bbox 741 2029 975 2118; x_wconf 87' lang='lat' dir='ltr'>lapidantibus</span> <span class='ocrx_word' id='word_1_170' title='bbox 1000 2029 1104 2098; x_wconf 57' lang='lat' dir='ltr'>fler-,tit</span> <span class='ocrx_word' id='word_1_171' title='bbox 1128 2053 1253 2118; x_wconf 81' lang='lat' dir='ltr'>genua.</span> <span class='ocrx_word' id='word_1_172' title='bbox 1280 2031 1361 2112; x_wconf 81' lang='lat' dir='ltr'>Quis</span> <span class='ocrx_word' id='word_1_173' title='bbox 1383 2051 1425 2096; x_wconf 88' lang='lat' dir='ltr'>an-</span> 
     </span>
     <span class='ocr_line' id='line_1_21' title="bbox 178 2118 1425 2208; baseline -0.005 -20"><span class='ocrx_word' id='word_1_174' title='bbox 178 2121 263 2190; x_wconf 91' lang='lat' dir='ltr'>divit</span> <span class='ocrx_word' id='word_1_175' title='bbox 283 2142 437 2208; x_wconf 86' lang='lat' dir='ltr'>unquam</span> <span class='ocrx_word' id='word_1_176' title='bbox 466 2121 579 2197; x_wconf 89' lang='lat' dir='ltr'>talem,</span> <span class='ocrx_word' id='word_1_177' title='bbox 599 2131 631 2188; x_wconf 90' lang='lat' dir='ltr'>et</span> <span class='ocrx_word' id='word_1_178' title='bbox 654 2119 733 2205; x_wconf 85' lang='lat' dir='ltr'>quis</span> <span class='ocrx_word' id='word_1_179' title='bbox 759 2118 842 2187; x_wconf 90' lang='lat' dir='ltr'>vidit</span> <span class='ocrx_word' id='word_1_180' title='bbox 868 2119 947 2187; x_wconf 86' lang='lat' dir='ltr'>lruic</span> <span class='ocrx_word' id='word_1_181' title='bbox 972 2118 1138 2188; x_wconf 78' lang='lat' dir='ltr'>similem?</span> <span class='ocrx_word' id='word_1_182' title='bbox 1164 2119 1242 2190; x_wconf 87' lang='lat' dir='ltr'>Plus</span> <span class='ocrx_word' id='word_1_183' title='bbox 1263 2119 1353 2188; x_wconf 88' lang='lat' dir='ltr'>dolet</span> <span class='ocrx_word' id='word_1_184' title='bbox 1373 2138 1425 2206; x_wconf 88' lang='lat' dir='ltr'>per·</span> 
     </span>
     <span class='ocr_line' id='line_1_22' title="bbox 180 2205 1424 2297; baseline -0.006 -19"><span class='ocrx_word' id='word_1_185' title='bbox 180 2210 395 2296; x_wconf 85' lang='lat' dir='ltr'>sequentium</span> <span class='ocrx_word' id='word_1_186' title='bbox 414 2219 679 2297; x_wconf 88' lang='lat' dir='ltr'>peceata‚quam</span> <span class='ocrx_word' id='word_1_187' title='bbox 698 2229 761 2276; x_wconf 91' lang='lat' dir='ltr'>sua</span> <span class='ocrx_word' id='word_1_188' title='bbox 777 2207 930 2276; x_wconf 86' lang='lat' dir='ltr'>vulnera:</span> <span class='ocrx_word' id='word_1_189' title='bbox 951 2205 1087 2276; x_wconf 92' lang='lat' dir='ltr'>illorum</span> <span class='ocrx_word' id='word_1_190' title='bbox 1107 2209 1424 2294; x_wconf 85' lang='lat' dir='ltr'>iniquitatem,quan</span> 
     </span>
     <span class='ocr_line' id='line_1_23' title="bbox 179 2294 1426 2374; baseline -0.007 -6"><span class='ocrx_word' id='word_1_191' title='bbox 179 2321 277 2368; x_wconf 90' lang='lat' dir='ltr'>suam</span> <span class='ocrx_word' id='word_1_192' title='bbox 306 2311 461 2366; x_wconf 91' lang='lat' dir='ltr'>mortem.</span> <span class='ocrx_word' id='word_1_193' title='bbox 484 2303 523 2367; x_wconf 82' lang='lat' dir='ltr'>Et</span> <span class='ocrx_word' id='word_1_194' title='bbox 548 2321 623 2366; x_wconf 86' lang='lat' dir='ltr'>cnm</span> <span class='ocrx_word' id='word_1_195' title='bbox 648 2296 707 2364; x_wconf 76' lang='lat' dir='ltr'>lior</span> <span class='ocrx_word' id='word_1_196' title='bbox 731 2297 884 2374; x_wconf 65' lang='lat' dir='ltr'>diruisset,</span> <span class='ocrx_word' id='word_1_197' title='bbox 906 2297 1102 2364; x_wconf 79' lang='lat' dir='ltr'>obdormivit</span> <span class='ocrx_word' id='word_1_198' title='bbox 1134 2300 1167 2366; x_wconf 86' lang='lat' dir='ltr'>in</span> <span class='ocrx_word' id='word_1_199' title='bbox 1194 2300 1340 2366; x_wconf 85' lang='lat' dir='ltr'>llonn&#39;no.</span> <span class='ocrx_word' id='word_1_200' title='bbox 1361 2294 1426 2364; x_wconf 78' lang='lat' dir='ltr'>felir</span> 
     </span>
     <span class='ocr_line' id='line_1_24' title="bbox 179 2383 1425 2474; baseline -0.009 -16"><span class='ocrx_word' id='word_1_201' title='bbox 179 2408 321 2458; x_wconf 87' lang='lat' dir='ltr'>somnus</span> <span class='ocrx_word' id='word_1_202' title='bbox 344 2407 424 2454; x_wconf 89' lang='lat' dir='ltr'>cum</span> <span class='ocrx_word' id='word_1_203' title='bbox 445 2387 572 2473; x_wconf 87' lang='lat' dir='ltr'>requie,</span> <span class='ocrx_word' id='word_1_204' title='bbox 601 2385 735 2470; x_wconf 84' lang='lat' dir='ltr'>requies</span> <span class='ocrx_word' id='word_1_205' title='bbox 760 2407 838 2452; x_wconf 78' lang='lat' dir='ltr'>cunt</span> <span class='ocrx_word' id='word_1_206' title='bbox 866 2383 1050 2474; x_wconf 87' lang='lat' dir='ltr'>voluptate,</span> <span class='ocrx_word' id='word_1_207' title='bbox 1071 2386 1228 2474; x_wconf 90' lang='lat' dir='ltr'>voluptas</span> <span class='ocrx_word' id='word_1_208' title='bbox 1253 2408 1332 2455; x_wconf 91' lang='lat' dir='ltr'>cum</span> <span class='ocrx_word' id='word_1_209' title='bbox 1351 2386 1425 2454; x_wconf 82' lang='lat' dir='ltr'>satir·</span> 
     </span>
     <span class='ocr_line' id='line_1_25' title="bbox 179 2472 1428 2552; baseline -0.007 -7"><span class='ocrx_word' id='word_1_210' title='bbox 179 2487 255 2550; x_wconf 85' lang='lat' dir='ltr'>tate,</span> <span class='ocrx_word' id='word_1_211' title='bbox 279 2475 416 2544; x_wconf 87' lang='lat' dir='ltr'>satietas</span> <span class='ocrx_word' id='word_1_212' title='bbox 433 2495 512 2542; x_wconf 90' lang='lat' dir='ltr'>cum</span> <span class='ocrx_word' id='word_1_213' title='bbox 536 2475 729 2552; x_wconf 85' lang='lat' dir='ltr'>securitate,</span> <span class='ocrx_word' id='word_1_214' title='bbox 748 2475 914 2545; x_wconf 85' lang='lat' dir='ltr'>securitas</span> <span class='ocrx_word' id='word_1_215' title='bbox 931 2497 1010 2542; x_wconf 90' lang='lat' dir='ltr'>cnm</span> <span class='ocrx_word' id='word_1_216' title='bbox 1038 2475 1245 2544; x_wconf 88' lang='lat' dir='ltr'>aeternitate!</span> <span class='ocrx_word' id='word_1_217' title='bbox 1270 2472 1428 2545; x_wconf 84' lang='lat' dir='ltr'>Obdornri·</span> 
     </span>
    </p>
   </div>
   <div class='ocr_carea' id='block_1_3' title="bbox 178 2561 1427 2718">
    <p class='ocr_par' dir='ltr' id='par_1_3' title="bbox 178 2561 1427 2718">
     <span class='ocr_line' id='line_1_26' title="bbox 178 2561 1427 2718; baseline -0.006 -87"><span class='ocrx_word' id='word_1_218' title='bbox 178 2565 235 2644; x_wconf 87' lang='lat' dir='ltr'>vit,</span> <span class='ocrx_word' id='word_1_219' title='bbox 249 2565 371 2652; x_wconf 90' lang='lat' dir='ltr'>inquit,</span> <span class='ocrx_word' id='word_1_220' title='bbox 385 2565 417 2631; x_wconf 92' lang='lat' dir='ltr'>in</span> <span class='ocrx_word' id='word_1_221' title='bbox 438 2564 591 2644; x_wconf 87' lang='lat' dir='ltr'>Domino,</span> <span class='ocrx_word' id='word_1_222' title='bbox 612 2562 795 2718; x_wconf 80' lang='lat' dir='ltr'>absorptus</span> <span class='ocrx_word' id='word_1_223' title='bbox 815 2563 846 2629; x_wconf 93' lang='lat' dir='ltr'>in</span> <span class='ocrx_word' id='word_1_224' title='bbox 864 2561 1029 2630; x_wconf 85' lang='lat' dir='ltr'>claritatis</span> <span class='ocrx_word' id='word_1_225' title='bbox 1046 2563 1224 2652; x_wconf 78' lang='lat' dir='ltr'>abyssum,</span> <span class='ocrx_word' id='word_1_226' title='bbox 1240 2578 1273 2631; x_wconf 93' lang='lat' dir='ltr'>et</span> <span class='ocrx_word' id='word_1_227' title='bbox 1291 2565 1375 2631; x_wconf 84' lang='lat' dir='ltr'>inter</span> <span class='ocrx_word' id='word_1_228' title='bbox 1390 2561 1427 2628; x_wconf 79' lang='lat' dir='ltr'>na</span> 
     </span>
    </p>
   </div>
   <div class='ocr_carea' id='block_1_4' title="bbox 176 2647 1430 3433">
    <p class='ocr_par' dir='ltr' id='par_1_4' title="bbox 176 2647 1429 3008">
     <span class='ocr_line' id='line_1_27' title="bbox 177 2647 1428 2738; baseline -0.008 -16"><span class='ocrx_word' id='word_1_229' title='bbox 177 2655 229 2723; x_wconf 92' lang='lat' dir='ltr'>sui</span> <span class='ocrx_word' id='word_1_230' title='bbox 256 2652 396 2721; x_wconf 88' lang='lat' dir='ltr'>brachia</span> <span class='ocrx_word' id='word_1_231' title='bbox 416 2653 644 2738; x_wconf 89' lang='lat' dir='ltr'>requiescens.</span> <span class='ocrx_word' id='word_1_232' title='bbox 666 2655 705 2720; x_wconf 91' lang='lat' dir='ltr'>Se</span> <span class='ocrx_word' id='word_1_233' title='bbox 732 2653 809 2720; x_wconf 90' lang='lat' dir='ltr'>ebat</span> <span class='ocrx_word' id='word_1_234' title='bbox 825 2673 842 2719; x_wconf 88' lang='lat' dir='ltr'>a</span> <span class='ocrx_word' id='word_1_235' title='bbox 860 2651 987 2720; x_wconf 86' lang='lat' dir='ltr'>dextris</span> <span class='ocrx_word' id='word_1_236' title='bbox 1008 2654 1061 2720; x_wconf 88' lang='lat' dir='ltr'>Dei</span> <span class='ocrx_word' id='word_1_237' title='bbox 1084 2653 1251 2721; x_wconf 82' lang='lat' dir='ltr'>Dominus</span> <span class='ocrx_word' id='word_1_238' title='bbox 1266 2647 1428 2728; x_wconf 78' lang='lat' dir='ltr'>lesussal</span> 
     </span>
     <span class='ocr_line' id='line_1_28' title="bbox 179 2739 1426 2831; baseline -0.006 -21"><span class='ocrx_word' id='word_1_239' title='bbox 179 2742 289 2831; x_wconf 88' lang='lat' dir='ltr'>primo</span> <span class='ocrx_word' id='word_1_240' title='bbox 316 2741 456 2829; x_wconf 86' lang='lat' dir='ltr'>martyri</span> <span class='ocrx_word' id='word_1_241' title='bbox 483 2755 673 2828; x_wconf 78' lang='lat' dir='ltr'>martyrum</span> <span class='ocrx_word' id='word_1_242' title='bbox 699 2753 813 2829; x_wconf 89' lang='lat' dir='ltr'>caput.</span> <span class='ocrx_word' id='word_1_243' title='bbox 837 2739 996 2809; x_wconf 84' lang='lat' dir='ltr'>Recolitis</span> <span class='ocrx_word' id='word_1_244' title='bbox 1016 2740 1098 2826; x_wconf 85' lang='lat' dir='ltr'>quid</span> <span class='ocrx_word' id='word_1_245' title='bbox 1117 2740 1175 2809; x_wconf 90' lang='lat' dir='ltr'>illa</span> <span class='ocrx_word' id='word_1_246' title='bbox 1196 2741 1366 2810; x_wconf 83' lang='lat' dir='ltr'>Ecclesiae</span> <span class='ocrx_word' id='word_1_247' title='bbox 1382 2739 1426 2806; x_wconf 89' lang='lat' dir='ltr'>lin</span> 
     </span>
     <span class='ocr_line' id='line_1_29' title="bbox 176 2829 1429 2920; baseline -0.007 -20"><span class='ocrx_word' id='word_1_248' title='bbox 176 2853 255 2920; x_wconf 81' lang='lat' dir='ltr'>gua,</span> <span class='ocrx_word' id='word_1_249' title='bbox 288 2830 516 2920; x_wconf 70' lang='lat' dir='ltr'>augustinum</span> <span class='ocrx_word' id='word_1_250' title='bbox 551 2830 682 2916; x_wconf 89' lang='lat' dir='ltr'>loquor,</span> <span class='ocrx_word' id='word_1_251' title='bbox 717 2829 760 2898; x_wconf 90' lang='lat' dir='ltr'>de</span> <span class='ocrx_word' id='word_1_252' title='bbox 792 2829 854 2897; x_wconf 84' lang='lat' dir='ltr'>lroo</span> <span class='ocrx_word' id='word_1_253' title='bbox 882 2839 1031 2918; x_wconf 78' lang='lat' dir='ltr'>martyre</span> <span class='ocrx_word' id='word_1_254' title='bbox 1056 2830 1211 2908; x_wconf 89' lang='lat' dir='ltr'>senserit,</span> <span class='ocrx_word' id='word_1_255' title='bbox 1246 2852 1349 2918; x_wconf 80' lang='lat' dir='ltr'>quem</span> <span class='ocrx_word' id='word_1_256' title='bbox 1374 2839 1429 2918; x_wconf 84' lang='lat' dir='ltr'>post</span> 
     </span>
     <span class='ocr_line' id='line_1_30' title="bbox 178 2917 1036 3008; baseline -0.002 -21"><span class='ocrx_word' id='word_1_257' title='bbox 178 2930 320 2987; x_wconf 92' lang='lat' dir='ltr'>mortem</span> <span class='ocrx_word' id='word_1_258' title='bbox 347 2933 474 3008; x_wconf 89' lang='lat' dir='ltr'>septem</span> <span class='ocrx_word' id='word_1_259' title='bbox 502 2930 655 2988; x_wconf 91' lang='lat' dir='ltr'>mortuos</span> <span class='ocrx_word' id='word_1_260' title='bbox 680 2917 801 2986; x_wconf 88' lang='lat' dir='ltr'>asserit</span> <span class='ocrx_word' id='word_1_261' title='bbox 826 2919 1036 2988; x_wconf 81' lang='lat' dir='ltr'>suscitasse?</span> 
     </span>
    </p>

    <p class='ocr_par' dir='ltr' id='par_1_5' title="bbox 177 3005 1430 3433">
     <span class='ocr_line' id='line_1_31' title="bbox 221 3005 1430 3097; baseline -0.004 -22"><span class='ocrx_word' id='word_1_262' title='bbox 221 3009 310 3093; x_wconf 68' lang='lat'>59.</span> <span class='ocrx_word' id='word_1_263' title='bbox 338 3005 395 3094; x_wconf 85' lang='lat' dir='ltr'>Eja</span> <span class='ocrx_word' id='word_1_264' title='bbox 422 3029 490 3085; x_wconf 86' lang='lat' dir='ltr'>vos,</span> <span class='ocrx_word' id='word_1_265' title='bbox 523 3009 583 3094; x_wconf 90' lang='lat' dir='ltr'>qui</span> <span class='ocrx_word' id='word_1_266' title='bbox 610 3007 755 3075; x_wconf 88' lang='lat' dir='ltr'>Levitico</span> <span class='ocrx_word' id='word_1_267' title='bbox 780 3005 900 3075; x_wconf 91' lang='lat' dir='ltr'>ordine</span> <span class='ocrx_word' id='word_1_268' title='bbox 939 3007 1181 3097; x_wconf 83' lang='lat' dir='ltr'>praefulgetis,</span> <span class='ocrx_word' id='word_1_269' title='bbox 1209 3019 1344 3076; x_wconf 76' lang='lat' dir='ltr'>caritate</span> <span class='ocrx_word' id='word_1_270' title='bbox 1369 3007 1430 3074; x_wconf 76' lang='lat' dir='ltr'>buit·</span> 
     </span>
     <span class='ocr_line' id='line_1_32' title="bbox 177 3094 1427 3175; baseline -0.004 -12"><span class='ocrx_word' id='word_1_271' title='bbox 177 3096 350 3164; x_wconf 87' lang='lat' dir='ltr'>canticum</span> <span class='ocrx_word' id='word_1_272' title='bbox 378 3115 516 3175; x_wconf 87' lang='lat' dir='ltr'>novum,</span> <span class='ocrx_word' id='word_1_273' title='bbox 538 3109 569 3165; x_wconf 92' lang='lat' dir='ltr'>et</span> <span class='ocrx_word' id='word_1_274' title='bbox 595 3109 706 3165; x_wconf 88' lang='lat' dir='ltr'>tantae</span> <span class='ocrx_word' id='word_1_275' title='bbox 724 3095 897 3164; x_wconf 84' lang='lat' dir='ltr'>festivitati</span> <span class='ocrx_word' id='word_1_276' title='bbox 922 3094 1052 3165; x_wconf 86' lang='lat' dir='ltr'>festivis</span> <span class='ocrx_word' id='word_1_277' title='bbox 1077 3095 1219 3166; x_wconf 87' lang='lat' dir='ltr'>vocibus</span> <span class='ocrx_word' id='word_1_278' title='bbox 1249 3096 1427 3165; x_wconf 82' lang='lat' dir='ltr'>incumbite.</span> 
     </span>
     <span class='ocr_line' id='line_1_33' title="bbox 179 3183 1428 3274; baseline -0.002 -22"><span class='ocrx_word' id='word_1_279' title='bbox 179 3185 343 3254; x_wconf 78' lang='lat' dir='ltr'>Fortassis</span> <span class='ocrx_word' id='word_1_280' title='bbox 364 3185 473 3253; x_wconf 87' lang='lat' dir='ltr'>aderit</span> <span class='ocrx_word' id='word_1_281' title='bbox 497 3185 712 3263; x_wconf 84' lang='lat' dir='ltr'>canentibus,</span> <span class='ocrx_word' id='word_1_282' title='bbox 731 3197 763 3253; x_wconf 91' lang='lat' dir='ltr'>et</span> <span class='ocrx_word' id='word_1_283' title='bbox 787 3195 948 3274; x_wconf 82' lang='lat' dir='ltr'>suggeret</span> <span class='ocrx_word' id='word_1_284' title='bbox 972 3185 1013 3252; x_wconf 89' lang='lat' dir='ltr'>de</span> <span class='ocrx_word' id='word_1_285' title='bbox 1030 3184 1128 3254; x_wconf 90' lang='lat' dir='ltr'>nobis</span> <span class='ocrx_word' id='word_1_286' title='bbox 1147 3187 1293 3255; x_wconf 84' lang='lat' dir='ltr'>Domino</span> <span class='ocrx_word' id='word_1_287' title='bbox 1311 3209 1371 3255; x_wconf 91' lang='lat' dir='ltr'>suo</span> <span class='ocrx_word' id='word_1_288' title='bbox 1387 3183 1428 3270; x_wconf 84' lang='lat' dir='ltr'>jn·</span> 
     </span>
     <span class='ocr_line' id='line_1_34' title="bbox 177 3272 1430 3363; baseline -0.006 -22"><span class='ocrx_word' id='word_1_289' title='bbox 177 3272 244 3342; x_wconf 90' lang='lat' dir='ltr'>dici</span> <span class='ocrx_word' id='word_1_290' title='bbox 277 3285 402 3342; x_wconf 89' lang='lat' dir='ltr'>nostro.</span> <span class='ocrx_word' id='word_1_291' title='bbox 428 3279 472 3342; x_wconf 86' lang='lat' dir='ltr'>lle</span> <span class='ocrx_word' id='word_1_292' title='bbox 498 3288 627 3344; x_wconf 88' lang='lat' dir='ltr'>statuas</span> <span class='ocrx_word' id='word_1_293' title='bbox 658 3273 726 3341; x_wconf 89' lang='lat' dir='ltr'>illis</span> <span class='ocrx_word' id='word_1_294' title='bbox 754 3273 883 3360; x_wconf 89' lang='lat' dir='ltr'>aliquid</span> <span class='ocrx_word' id='word_1_295' title='bbox 907 3273 948 3341; x_wconf 90' lang='lat' dir='ltr'>ad</span> <span class='ocrx_word' id='word_1_296' title='bbox 977 3285 1178 3363; x_wconf 88' lang='lat' dir='ltr'>peccatum:</span> <span class='ocrx_word' id='word_1_297' title='bbox 1206 3275 1268 3362; x_wconf 83' lang='lat' dir='ltr'>qui</span> <span class='ocrx_word' id='word_1_298' title='bbox 1292 3288 1342 3344; x_wconf 89' lang='lat' dir='ltr'>est</span> <span class='ocrx_word' id='word_1_299' title='bbox 1366 3279 1430 3342; x_wconf 80' lang='lat' dir='ltr'>ltms</span> 
     </span>
     <span class='ocr_line' id='line_1_35' title="bbox 178 3362 730 3433; baseline -0.004 -2"><span class='ocrx_word' id='word_1_300' title='bbox 178 3362 380 3432; x_wconf 86' lang='lat' dir='ltr'>benedictus</span> <span class='ocrx_word' id='word_1_301' title='bbox 406 3363 439 3430; x_wconf 93' lang='lat' dir='ltr'>in</span> <span class='ocrx_word' id='word_1_302' title='bbox 465 3363 592 3433; x_wconf 90' lang='lat' dir='ltr'>secula.</span> <span class='ocrx_word' id='word_1_303' title='bbox 613 3369 730 3431; x_wconf 77' lang='lat' dir='ltr'>lmen.</span> 
     </span>
    </p>
   </div>
   <div class='ocr_carea' id='block_1_5' title="bbox 0 0 1473 4798">
    <p class='ocr_par' dir='ltr' id='par_1_6' title="bbox 0 0 1473 4798">
     <span class='ocr_line' id='line_1_36' title="bbox 0 0 1473 4798; baseline 0 0"><span class='ocrx_word' id='word_1_304' title='bbox 0 0 1473 4798; x_wconf 95' lang='lat' dir='ltr'> </span> 
     </span>
    </p>
   </div>
  </div>
 </body>
</html>
