2920 4810
155 311 257 378 4030*
503 331 765 382 uterinotoetuu
789 333 1003 382 ruuusrnnrua
1139 318 1394 384 abutente

774 414 973 477 humanitatis
987 423 1017 476 et
1039 415 1205 479 ministerii
1226 421 1313 480 eausa
1338 433 1396 495 per·

178 491 208 552 S.
223 489 420 554 cntsrlrtus
440 491 493 554 Er.
510 509 547 554 nr
569 493 673 555 llanr.
774 496 950 556 mitteretur
969 496 1125 570 accedere,
1143 497 1190 557 isti
1207 503 1308 559 tamen
1324 497 1397 558 inde

128 593 258 661 Probub.
271 613 384 680 passius
398 601 523 662 ineunte
536 598 657 662 soeculo
668 599 685 662 1
689 599 722 661 V.
772 575 1399 734 {iigffitffinsff'fflffirggrnffiffiffgffi

148 732 326 795 Eiarinon.
340 732 421 793 -lo
434 734 558 794 civitate
574 733 742 810 Astiageusi
772 735 916 810 praesidis
937 734 1021 796 ioror
1042 745 1193 796 cresceret
1210 782 1218 808 ,
1237 736 1399 814 jugulando

109 811 187 872 beati
216 810 351 875 Garsnuu
377 812 529 890 Episcopi,
557 813 622 891 qui,
645 815 744 890 capite
771 811 856 886 alios,
872 812 946 875 alios
966 812 1124 892 suppliciis
1144 815 1400 878 aedicersiscrn·

107 899 273 967 amputato,
302 893 438 970 martyrii
461 891 591 968 gloriam
616 893 744 971 adeptus
771 893 909 955 eiatuum
931 893 1093 971 generibus
1114 892 1296 970 affligendo,
1318 913 1400 972 soua-

107 979 161 1032 est.
190 969 268 1032 llaec
289 970 362 1032 urbs
384 975 414 1033 io
444 969 588 1050 Hispania
621 971 742 1035 Baetica
772 971 1207 1035 lorecareerisetcatenurum
1223 975 1402 1052 ponderibus

107 1051 162 1111 sita
179 1057 234 1124 est,
257 1058 290 1111 et
304 1066 386 1112 nuno
401 1057 530 1112 vocatur
550 1051 650 1130 Ecijo.
669 1049 742 1112 San·
767 1052 951 1126 enecando,
981 1059 1011 1114 et
1038 1067 1131 1130 snper
1160 1056 1264 1115 omnia
1297 1058 1402 1133 praeci-

108 1131 147 1190 eti
165 1127 294 1206 Crispini
311 1129 365 1209 Ep.
382 1137 412 1191 et
427 1129 515 1192 llart.
532 1141 615 1208 gesta
640 1133 670 1192 in
686 1130 742 1210 ily·
772 1131 881 1209 pieodo
903 1147 941 1193 ne
955 1131 1025 1210 quis
1039 1132 1075 1193 ad
1101 1147 1156 1194 eos
1177 1149 1303 1210 prorsus
1321 1135 1399 1197 acce-

109 1223 182 1270 mno
193 1225 288 1279 sacro,
302 1209 381 1288 quod
393 1208 586 1271 inBreviario
596 1210 743 1273 Toletano
770 1210 856 1273 deret
868 1217 944 1273 utet
956 1209 1055 1273 inedia
1066 1214 1151 1288 quasi
1166 1212 1250 1274 alind
1264 1216 1401 1276 tormenti

109 1294 165 1360 est,
181 1289 409 1350 deseribuntur.
770 1305 869 1366 genus
889 1289 1099 1364 adhiberetur,
1121 1295 1273 1354 concessit
1306 1301 1400 1356 tamen

772 1369 851 1432 Deus
877 1385 966 1447 supra
992 1370 1081 1431 dietis
1106 1371 1246 1433 diaconis
1267 1375 1400 1451 gratiam,

160 1471 209 1534 gs,
224 1471 446 1548 SEVEfflNUS,
473 1473 690 1538 EXUpEfflUg
769 1451 990 1512 coniessoribus
1009 1451 1072 1512 suis
1092 1451 1274 1527 providens,
1291 1463 1337 1525 ut,
1359 1455 1401 1514 in·

240 1587 276 1632 ΕΤ
290 1569 517 1636 FEUOEANUS
539 1571 607 1636 MM·
769 1529 1217 1686 gliristgffgssigslsrsufsgcsrelggluess
1232 1549 1400 1680 111311ιὶιὲ03

186 1695 579 1760 Passipitptctbcaannum
592 1696 659 1759 170,
769 1688 1097 1778 qilodhicsstlsebltls,
1119 1705 1213 1767 quem
1242 1691 1399 1754 diaconum

769 1784 856 1845 supra
872 1768 1021 1839 diximus,
1044 1770 1238 1846 postmodum
1253 1775 1402 1849 episcopus

146 1847 325 1909 linnrrnoo.
349 1879 387 1892 -
412 1847 549 1910 Viennae
563 1852 741 1910 sanctornm
769 1847 847 1924 apud
861 1844 1032 1910 Laodiciam
1045 1847 1162 1922 Syriae,
1179 1849 1402 1922 ordinatasest

108 1925 275 2006 liartyrum
298 1926 453 2000 Snvsnuu,
475 1926 625 1989 Exnrunn
640 1935 671 1989 et
685 1927 740 1988 En·
769 1927 920 1989 llaximus
948 1943 1047 2002 vero,
1071 1943 1164 2005 quem
1192 1929 1400 2009 presbyterum

107 2021 238 2068 urernur:
262 2021 394 2086 priorum
409 2021 536 2084 corpora
558 2015 622 2084 post
644 2006 740 2070 multa
770 2005 1034 2081 memoravimus,
1065 2008 1120 2085 ipsi
1149 2006 1303 2087 Dionysio
1333 2011 1400 2090 apud

105 2101 260 2148 annorum
284 2086 446 2160 curricula,
475 2087 547 2163 ipsis
573 2085 738 2149 revelanti·
772 2085 986 2148 Alexandriam
1002 2087 1145 2148 suecessit
1160 2090 1192 2149 in
1219 2091 1399 2170 episcopatu.

106 2165 173 2240 bus,
198 2167 334 2241 intenta,
356 2174 423 2228 eta
450 2164 608 2239 Pontilloe,
630 2164 741 2240 Glero,
770 2167 897 2228 Faustus
923 2175 1039 2238 autem,
1061 2172 1114 2245 qui
1138 2183 1211 2228 cum
1240 2170 1317 2248 ipsis
1339 2177 1400 2230 tour

106 2253 136 2304 et
152 2245 259 2324 populo
281 2245 363 2308 illius
385 2245 469 2307 urbis
485 2244 653 2308 bonorifloe
674 2247 742 2308 sub·
770 2245 923 2306 confessor
941 2245 1066 2319 enituit,
1091 2249 1248 2324 usquead
1271 2265 1402 2326 persecu·

108 2324 179 2398 lata,
194 2325 344 2402 condigno
367 2325 482 2386 bonore
497 2324 619 2386 condita
636 2337 714 2388 sunt.
772 2327 900 2397 tionem,
916 2339 993 2404 quae
1006 2326 1116 2386 nostris
1132 2327 1399 2405 temporibnsiacta

148 2404 225 2465 Pessi
240 2412 313 2465 erint
332 2405 389 2466 sub
407 2405 505 2466 llarco
521 2403 645 2468 aurello
667 2407 740 2467 Ant.
771 2410 839 2476 est,
869 2405 1061 2484 grandaevus
1088 2411 1119 2466 et
1146 2404 1261 2484 plenus
1287 2409 1397 2470 dierum

107 2491 136 2545 et
151 2482 244 2545 Lucio
260 2467 340 2546 Veia
357 2482 465 2562 imper.
772 2483 949 2561 perdurans,
972 2483 1102 2560 perlecto
1118 2492 1269 2560 martyrio
1282 2488 1397 2548 obtrun-

771 2565 888 2626 catione
900 2564 1005 2640 capitis
1015 2574 1246 2628 consummatus
1259 2575 1317 2628 est.
1331 2567 1397 2628 llaec

165 2671 195 2736 S.
212 2669 381 2734 Faustus
402 2671 492 2734 Dran.
514 2689 551 2734 nr
575 2671 680 2738 Manu.
770 2643 947 2782 fu?·l⁰?5⁵l⁰
969 2644 1137 2704 ⁰0¹'1553lm3
1159 2645 1221 2708 fide
1236 2661 1396 2710 memorii·

901 2877 952 2941 SS.
971 2879 1045 2941 ΑΖΑ
1061 2896 1098 2942 ur
1113 2881 1193 2943 Socu
1207 2880 1278 2942 ltu.

134 2968 327 3060 ,Mfflfflflffi
340 2999 378 3012 “
388 2965 504 3058 E⁰l¹⁰m
519 2964 570 3058 ΨΘ
583 2965 613 3029 S·
626 2938 740 3056 mill
809 2985 998 3064 Martyrium
1019 2983 1183 3050 audieruut
1196 3003 1281 3051 cuno
1295 2985 1358 3050 aba.

105 3048 228 3109 Draconi
243 3045 457 3114 Alexandrini,
479 3063 530 3122 qut
549 3059 685 3124 primum
708 3061 739 3105 ιιι

126 3125 317 3187 erseoutione
352 3124 504 3188 Valeriani
537 3140 607 3186 enm
637 3133 740 3186 saneto
808 3117 1088 3180 maurinom-ln
1105 3117 1217 3181 isauria
1233 3122 1390 3199 passiosan·

105 3143 251 3282 Bionysio
267 3205 298 3264 in
320 3203 464 3266 exsilium
486 3207 608 3280 missos,
629 3203 740 3265 deinde
768 3205 885 3260 uorum
915 3198 998 3288 dane
1024 3204 1068 3288 et¹
1082 3195 1244 3262 Sociorum
1282 3206 1389 3262 centum

108 3287 139 3347 in
154 3282 363 3361 perseeutione
374 3283 554 3346 Diocletiani
570 3282 741 3360 aetatelon-
768 3279 992 3356 quinquaginta
1008 3277 1139 3340 Militum
1151 3278 1209 3340 snb
1220 3279 1389 3342 Diocletiano

108 3379 231 3443 gaesus,
255 3363 356 3440 gladio
376 3363 607 3426 animadversus
628 3370 738 3437 marty·
770 3356 956 3436 imperatore
970 3363 1001 3418 ot
1017 3355 1162 3448 Aquilino
1178 3358 1327 3421 Tribuoo.

108 3445 189 3506 rium
205 3444 441 3506 consummavit.
809 3437 915 3514 Agunt
936 3436 973 3497 de
987 3435 1034 3498 iris
1055 3445 1149 3499 etiam
1163 3435 1271 3502 Graeci
1293 3441 1324 3500 io
1337 3433 1385 3496 lle

146 3523 188 3585 lie
209 3525 272 3602 eius
292 3525 460 3585 certamine
481 3524 511 3582 et
526 3519 622 3597 gloria
635 3520 741 3584 scribit
770 3515 902 3595 nologio.
917 3547 954 3558 -
967 3512 1008 3578 lta
1024 3515 1186 3580 Baronius.

107 3603 253 3666 Eusebius
275 3603 305 3664 in
318 3603 396 3664 Hisi.
412 3599 491 3664 Ecol.
509 3599 575 3663 Lib.
593 3615 647 3672 vn,
668 3617 694 3662 c.
708 3615 740 3675 ιι,

107 3682 310 3746 lrisceterbis:
325 3679 740 3759 «sedetexdtaeonisqaos-
795 3702 965 3745 noooaonro
980 3701 1185 3745 mosenum.
1267 3702 1315 3744 nm
1327 3699 1364 3741 xxv

105 3764 174 3826 dam
190 3765 222 3826 in
239 3761 335 3824 insula
358 3769 424 3841 post
446 3773 558 3838 poenas
579 3758 740 3821 contessio-

106 3845 154 3905 ois
174 3858 238 3906 esse
262 3840 441 3914 defunctos,
462 3838 646 3915 superiuisse
667 3853 741 3901 vero
906 3833 936 3897 S.
954 3833 1067 3897 FELlll
1086 3832 1268 3896 Comasson.

105 3937 142 3984 et
169 3924 214 3984 lais
239 3921 384 3984 Faustum
405 3927 435 3980 et
456 3919 635 3981 Eusebium.
667 3916 741 3991 Qui·
949 3938 1029 4002 0055
1042 3956 1125 4002 mmo
1138 3939 1224 4002 1212

107 4001 161 4063 bus
175 4005 268 4065 etiam
291 4001 384 4062 reiert
397 3997 414 4038 *
429 4005 548 4062 tantum
564 3995 694 4069 flduojae
709 4003 741 4059 et

107 4081 367 4157 magnanimitatis
390 4078 593 4156 pergratiam
615 4075 670 4138 Dei
692 4077 742 4140 da·
809 4073 988 4136 Eiarinon.
1004 4071 1155 4136 -Saneti
1170 4065 1383 4134 EmrctsdeVa·

106 4166 183 4226 tum,
207 4166 241 4217 ιιι
261 4173 332 4220 cum
360 4159 397 4219 ad
416 4172 467 4218 eos
488 4157 541 4232 qui
565 4157 743 4218 incarcere
770 4153 826 4218 lois
841 4152 1038 4215 Conlessoris.

109 4233 291 4295 tenebantur
323 4236 458 4308 iratres,
491 4247 584 4294 nemo
621 4248 742 4312 prorsus
810 4230 888 4296 liide
902 4231 1098 4295 Breciorium
1112 4231 1200 4293 Rom.
1215 4227 1334 4294 baudic.

246 2809 360 2869 Passus
376 2811 420 2870 est
434 2821 516 2869 anuo
530 2803 601 2868 260.

132 4350 145 4375 ·
160 4347 294 4400 Dionysium,
304 4357 403 4402 seilicet.
411 4354 518 4397 Antiates
528 4354 705 4404 Alexandrinus,
714 4359 742 4400 ed

105 4409 228 4454 quemdam
239 4413 381 4457 Germanum
392 4419 533 4466 Episcopum
543 4416 656 4460 scribens.
1068 4439 1107 4451 ⁶·
