2994 4832
258 355 334 428 teu
653 389 688 434 ns
706 380 732 421 s.
755 357 824 408 Sffl
844 334 906 384 Μ’
931 321 967 368 ΕΤ
990 319 1070 368 COM'
1255 331 1312 394 llll·
1349 340 1355 412 J

213 467 285 518 ⁰⁰¹¹
326 477 466 540 multis
492 493 578 540 ante
600 465 707 533 diebus
730 441 768 502 de
790 429 858 506 ’1)50.
885 405 1013 562 difflua]
1040 404 1321 526 luellltltballeiu
1362 514 1364 536 2

216 539 369 616 quidam
398 575 444 618 ex
464 559 548 632 ejus
574 533 747 614 comitibus.
773 515 904 568 ssflffilsse
958 513 1092 593 flemus.
1113 500 1215 578 tlluatns
1231 511 1254 578 dr
1274 529 1333 614 ηιμ
1364 540 1368 584 3

708 581 910 682 sundertdam
936 594 1098 680 veritatem
1111 593 1222 687 omnium
1235 535 1345 671 callium
1369 606 1370 612 ’

221 782 336 876 polim
353 797 387 849 et
400 791 606 856 accessisset
620 775 658 844 ad
676 771 935 864 imperatorem,
951 770 1075 858 etcum
1092 760 1149 860 ipso
1160 781 1185 837 et
1196 770 1356 863 eiuscoiipq
1387 846 1388 850 ,

222 865 333 944 neseio
358 870 466 944 unde,
489 871 521 936 eq
539 879 656 948 magna
673 859 919 918 intercessisset
943 845 1161 946 familiaritas,
1183 857 1268 926 muln
1284 863 1357 946 quide

222 949 312 1026 dicit,
339 951 382 1019 ad
402 972 563 1038 magnam
588 953 697 1012 autem
723 937 810 1035 iram
834 957 892 1005 eos
910 935 1368 1036 accendttadversusibristiam

222 1037 279 1130 qui
295 1051 395 1104 erant
410 1039 444 1105 in
466 1031 654 1102 Palaestina
668 1079 686 1124 ,ι
703 1024 823 1094 dicens
842 1045 900 1094 eos
920 1024 969 1124 vel
989 1045 1128 1096 maxime
1141 1027 1228 1102 fuisse
1243 1049 1361 1104 auctores
1407 1112 1408 1116 Ἰ

223 1145 342 1202 causas
359 1121 538 1192 seditionis
558 1122 863 1192 Samaritanorum,
884 1127 916 1182 et
932 1112 1056 1202 dignos
1073 1117 1245 1201 gravissimo
1265 1125 1379 1212 supplici

265 1213 283 1296 ξ
305 1215 379 1280 ot.
407 1213 495 1276 llaec
517 1217 696 1293 postquam
726 1203 761 1270 in
790 1202 982 1272 Palaestina
1001 1203 1184 1274 renunciata
1205 1206 1286 1278 fuere
1305 1211 1385 1278 Patria

225 1305 315 1378 abac,
336 1293 415 1364 eum
434 1291 546 1364 statim
572 1291 665 1361 subit
689 1289 925 1360 misericordia
940 1311 1073 1370 eorum,
1092 1291 1425 1376 (111111301111511111·ΙῚ

225 1405 293 1466 iur;
319 1395 352 1452 et
367 1381 533 1452 accedens
556 1379 599 1448 ad
625 1380 763 1448 beatum
789 1382 926 1460 Sabam,
952 1401 1031 1448 eum
1050 1379 1249 1453 vehementer
1263 1387 1379 1473 rogarit,
1427 1379 1432 1438 ἶ

224 1473 330 1552 abiret
352 1482 384 1540 et
404 1471 605 1557 fungeretur
621 1468 789 1558 legatione
813 1465 905 1558 apud
926 1471 1176 1556 Imperatorem,
1200 1485 1229 1540 et
1250 1475 1397 1562 excogitata
1435 1484 1439 1530 ‘2

225 1558 389 1640 refelleret
408 1557 643 1637 calumniam,
665 1571 698 1626 et
714 1557 923 1626 Christianos
948 1556 1107 1626 liberaret
1130 1578 1148 1624 a
1170 1560 1266 1629 tantis
1288 1561 1416 1650 periculis

225 1645 308 1726 nibil
333 1645 427 1722 aliud
453 1645 610 1727 futuros,
640 1645 705 1714 nisi
731 1644 859 1715 diaboli
880 1645 1019 1735 linguae
1049 1644 1242 1733 trophaeum
1262 1662 1293 1718 et
1314 1643 1424 1736 improbi

223 1735 311 1810 tatis.
339 1734 400 1804 Ille
423 1746 536 1805 autem
565 1735 688 1824 paruit,
715 1747 747 1804 et
771 1733 867 1803 nullo
891 1733 1099 1803 inter'ectos
1125 1733 1200 1816 atio,
1218 1736 1280 1805 iter
1296 1737 1455 1806 staiimar'

221 1823 351 1912 ripuit:
377 1835 517 1910 eratque
532 1845 649 1892 revera
666 1835 799 1912 praeter
823 1822 926 1892 fidem
951 1755 998 1904 nl,
1020 1755 1122 1908 quotlJ
1132 1824 1341 1904 cernebatur,
1359 1834 1444 1906 nempe

222 1910 410 1992 hominem,
437 1911 550 2000 quiin
576 1925 643 1982 tam
671 1909 845 1981 imbecilla
874 1910 1012 1980 lababat
1034 1923 1217 1992 senectute,
1245 1925 1280 1982 et
1300 1927 1447 2002 quempt

222 2011 294 2072 erat
317 2001 353 2068 in
369 1999 454 2070 lecto
472 2022 508 2070 se
523 2001 629 2088 quieti
652 1999 787 2080 dedero,
807 2001 893 2069 citra
909 2017 1039 2069 moram
1061 2011 1194 2069 tantum
1211 2001 1278 2072 iter
1302 2001 1395 2076 inire,
1417 2013 1479 2093 utu

223 2089 316 2160 nime
341 2087 530 2171 cedentem,
562 2111 673 2177 neque
699 2088 806 2159 senile
833 2086 1013 2178 quippiam
1039 2101 1098 2158 aut
1118 2088 1350 2178 languidum,
1373 2102 1463 2153 rents·

223 2197 343 2248 surnve
368 2178 613 2248 sustinentem:
640 2177 698 2248 sed
725 2176 866 2264 perinde
889 2188 990 2264 atque
1006 2188 1114 2246 aetate
1129 2176 1247 2246 adhuc
1267 2177 1436 2268 vigentem.
1450 2172 1490 2234 el·

223 2286 387 2360 magnam
412 2267 566 2356 corporis
582 2265 851 2336 imbecillitatem
873 2265 1063 2334 vincentem
1081 2265 1183 2354 copia
1198 2265 1362 2354 prompti
1382 2255 1472 2350 atala

223 2353 293 2422 cris
317 2355 438 2424 animi.
465 2361 547 2424 Cum
566 2354 638 2442 jam
665 2366 777 2424 autern
806 2354 1014 2443 pervenisset
1040 2354 1084 2424 ad
1110 2355 1290 2424 suburbia
1320 2354 1484 2442 Constabit·

223 2441 372 2530 nopoliS,
392 2445 594 2532 imperatori
618 2443 758 2530 quidem
776 2441 992 2534 significatur
1016 2443 1206 2512 adventus:
1234 2455 1273 2512 et
1300 2444 1380 2531 ipse
1399 2445 1484 2528 statut

218 2531 329 2600 mittit
352 2554 460 2602 unum
478 2553 518 2601 ex
529 2532 718 2620 Juvenibus
736 2531 980 2620 lmperatoriis,
999 2543 1031 2601 et
1047 2529 1216 2618 quosdam
1245 2553 1295 2602 ex
1323 2528 1405 2600 suis
1424 2533 1490 2592 sata

161 2639 164 2648 ’
224 2618 356 2700 litibus,
383 2620 567 2690 adventum
594 2619 689 2690 illius
714 2621 863 2690 maxime
886 2619 1072 2690 honorans.
1100 2619 1230 2690 Deinde
1258 2641 1334 2700 e0,
1364 2634 1436 2703 quo
1457 2625 1487 2696 ut

224 2721 309 2788 erat,
342 2709 506 2778 comitatu
530 2709 697 2798 stipatus,
726 2709 832 2778 Sabas
859 2708 902 2778 ad
929 2709 1044 2798 ipsum
1065 2707 1270 2778 deducitur.
1302 2699 1484 2776 Deindel

225 2796 411 2866 triarcbam
428 2817 564 2885 quoque
588 2797 834 2886 Epiphanium,
861 2810 895 2866 et
916 2796 1082 2886 quicquid
1107 2809 1179 2866 erat
1196 2795 1307 2887 apud
1331 2815 1376 2866 se
1397 2788 1488 2860 claru

162 2925 165 2930 -
225 2896 258 2954 et
273 2883 419 2965 illustre,
437 2886 572 2967 emittit,
588 2898 625 2954 ut
639 2886 670 2955 ei
687 2884 1069 2976 procederentobviam.
1087 2890 1200 2974 Neque
1212 2885 1333 2956 enim
1353 2893 1481 2972 terrep

226 2986 259 3042 et
273 2973 491 3042 mundanum
509 2973 672 3064 aliquem,
693 2973 750 3044 sed
769 2987 943 3063 tamquam
968 2995 1079 3044 unum
1102 2996 1143 3044 ex
1166 2973 1341 3066 angelis,
1369 2980 1410 3040 et
1435 2981 1487 3068 ct}

227 3083 396 3152 supernae
412 3061 602 3132 Jerusalem
628 3085 664 3132 se
687 3063 848 3132 censebat
870 3062 1037 3151 accipere.
1060 3067 1168 3145 Quem
1186 3075 1419 3151 postquam
1436 3049 1485 3120 ‘ab

227 3149 345 3240 procul
373 3151 610 3241 procedentem
636 3151 774 3242 agnovit
793 3155 993 3240 Imperator,
1021 3149 1079 3222 ille
1103 3173 1244 3239 quoque
1271 3144 1478 3220 cernebat

227 3239 311 3325 quid
337 3239 449 3308 simile
470 3240 513 3322 ei,
539 3239 630 3327 quod
654 3240 782 3309 viderat
805 3238 1016 3310 Anastasius.
1039 3239 1181 3310 Videbat
1199 3241 1322 3310 enim
1344 3247 1486 3322 qum

228 3349 390 3398 coronam
416 3328 491 3416 ejus
513 3329 619 3418 capiti
643 3329 857 3418 impositam,
887 3327 1035 3418 eleganti
1060 3329 1208 3417 quodam
1236 3319 1491 3418 splendore

227 3429 391 3498 caratam,
411 3429 443 3486 et
461 3419 643 3488 micantem
661 3417 737 3488 luce
753 3417 868 3486 omnis
887 3417 1022 3506 generis
1039 3417 1246 3508 gratiarum.
1287 3412 1478 3484 visione

228 3511 296 3576 Rex
321 3505 590 3596 obstupefactus,
612 3505 808 3576 ecatbedra
828 3506 987 3586 surrexit,
1006 3518 1038 3576 et
1060 3529 1196 3577 sacrum
1212 3501 1339 3576 illud
1369 3512 1494 3584 capu

229 3607 383 3666 verenter
406 3607 438 3664 et
465 3595 615 3684 jucunde
637 3607 688 3664 est
714 3593 923 3684 complexus.
951 3593 1079 3664 Deinde
1102 3593 1274 3666 camille
1303 3589 1370 3660 ab
1405 3598 1493 3684 ep*

230 3686 335 3770 pisset
359 3667 645 3764 benedictionem,
663 3683 773 3752 oravit
795 3695 833 3754 ut
853 3703 915 3752 sua
931 3704 1068 3771 quoque
1085 3684 1211 3773 conjux
1225 3689 1364 3754 esset
1396 3691 1477 3760 esu
1496 3708 1497 3711 ¹

229 3772 347 3861 ticeps.
371 3777 454 3842 Cum
472 3793 511 3842 ea
528 3785 643 3842 autem
660 3771 838 3853 adfuisset,
858 3771 1013 3842 adoravit
1030 3785 1063 3842 et
1084 3794 1122 3842 ro
1147 3772 1227 3854 avit,
1263 3779 1325 3840 ut
1366 3759 1495 3834 solv¹

231 3859 351 3928 vitium
377 3862 452 3950 ejus
478 3861 630 3930 matricis
644 3859 731 3950 (erat
754 3861 846 3930 enim
865 3871 960 3950 petra
976 3795 1149 3952 steriliorl,
1172 3873 1205 3930 et
1221 3871 1272 3929 ut
1298 3876 1366 3926 ex
1396 3869 1456 3918 se

231 3959 344 4034 posset
358 3948 471 4019 videre
488 3949 597 4019 filium
611 3973 618 4016 :
634 3949 725 4037 quod
743 3949 882 4039 quidem
901 3949 962 4019 illa
975 3949 1085 4041 pluris
1099 3949 1264 4028 faciebat,
1288 3955 1462 4032 quam

230 4035 428 4124 imperium.
448 4036 510 4106 Ille
529 4051 642 4108 autem
668 4037 710 4108 ad
740 4038 824 4108 baec
843 4050 972 4118 tacens,
1000 4038 1111 4109 solum
1138 4037 1189 4107 illi
1210 4029 1459 4128 precabar

232 4145 350 4212 sospes
374 4137 406 4194 et
430 4125 524 4194 salva
540 4138 628 4196 esset
644 4127 720 4215 ejus
741 4127 901 4216 potentia.
929 4127 991 4196 Illa
1017 4148 1095 4198 vero
1121 4149 1241 4196 rursus
1271 4113 1494 4192 instaba

231 4225 306 4281 tens
327 4235 444 4302 preces
461 4213 647 4284 liberorum
674 4215 931 4305 procreationis.
958 4215 1020 4285 llle
1043 4228 1156 4286 autern
1182 4211 1416 4306 pergebat
1449 4221 1497 4270 e³

234 4322 356 4370 rursus
376 4323 499 4458 preces
523 4302 647 4383 dicere,
665 4317 697 4372 et
713 4317 828 4393 aperte
846 4326 925 4394 prae
949 4326 986 4372 se
1006 4305 1132 4374 ferebat
1149 4326 1184 4374 se
1202 4315 1440 4374 recusare
1478 4314 1491 4347 ·

231 4411 274 4458 ne
288 4389 363 4478 ipsa
388 4403 470 4460 reret
486 4405 593 4459 mater
609 4391 773 4463 filiorum.
790 4394 850 4463 Ubi
869 4415 1041 4464 varocum
1060 4393 1119 4464 illa
1139 4394 1202 4464 boc
1220 4407 1372 4480 saepe
1401 4389 1494 4474 pel
