2972 4826
57 303 160 366 NEC'l
379 319 415 364 ns
437 317 562 366 iuvans.
591 318 636 366 ss.
664 317 825 376 ,tuenosm
852 317 920 364 uxo.
1176 302 1240 366 225

56 397 189 470 Ambrosii
220 396 373 498 Episcopi
404 410 434 467 et
466 397 637 468 Ecclesiae
671 398 822 468 Noetoris
851 419 890 468 ac
922 403 1122 468 Sanctorum
1157 403 1283 488 Marty-

55 509 111 556 rum
131 487 271 557 Cerrasti
302 500 333 555 et
364 487 502 556 Protasii
531 509 572 556 ex
596 499 687 558 certa
717 486 883 567 scientia,
920 501 1022 574 atque
1052 486 1152 556 etiam
1188 499 1283 558 motu

54 576 180 665 proprio,
200 575 386 664 apostoliea
409 576 613 646 auctoritate
641 575 870 663 undequaque
898 575 1132 667 approbamus
1147 589 1179 644 et
1203 597 1284 646 con-

53 665 202 734 firmamus
217 677 249 734 et
274 665 442 754 perpetuis
466 663 592 734 suturis
617 665 828 754 temporibus
853 663 991 734 hrvnum
1019 685 1155 754 semper
1171 675 1203 734 et
1226 688 1285 734 va-

54 752 135 822 lidum
156 775 228 823 esse
250 767 282 822 et
306 753 374 822 lore
397 753 627 825 decernimus.
661 758 835 822 Praeterea
861 753 1089 834 ostendamus,
1127 766 1164 824 ut
1187 775 1285 824 sacra

53 842 115 909 baec
131 847 280 931 Corpora,
300 842 393 911 unita
406 864 541 930 semper
558 853 730 921 maneant,
747 863 811 911 ceu
827 840 992 912 hactenus
1009 842 1158 923 luerunt,
1176 863 1285 930 eaque

50 929 297 1000 subimmediata
317 930 413 1000 Sedis
431 929 642 1020 Apostolicae
670 930 876 1019 protectione
902 931 1108 1021 recipimus;
1135 930 1220 1000 adeo
1245 943 1284 1001 ut

47 1019 315 1105 absquae'usdem
341 1019 437 1089 venia
463 1020 591 1088 nemini
612 1019 722 1100 liceat,
747 1032 925 1108 postquam
948 1031 1080 1110 peracta
1106 1019 1207 1088 luerit
1232 1031 1282 1091 so·

46 1105 149 1175 lemnis
168 1107 177 1175 i
195 1107 303 1177 lorum
324 1108 494 1198 repositio,
512 1130 552 1177 ea
568 1107 683 1178 denuo
701 1129 861 1187 reserare,
889 1108 938 1178 vel
956 1107 1144 1196 quamlibet
1168 1130 1283 1178 sacra-

47 1195 147 1264 tissimi
168 1197 241 1285 ejus
259 1196 405 1287 depositi
423 1211 552 1286 partem
578 1217 730 1284 unquam
748 1195 892 1278 auferre,
913 1196 1122 1288 adsportare‚
1150 1209 1209 1267 aut
1232 1195 1284 1267 di-

45 1283 193 1364 strahere,
222 1285 288 1355 sub
315 1307 423 1375 poena
441 1285 805 1355 excommunicationis
830 1283 916 1356 latae
939 1287 1151 1369 sententiae,
1184 1285 1284 1376 cujus

44 1371 268 1444 absolutionem
287 1373 389 1444 Nobis
413 1397 453 1444 ac
470 1371 599 1446 Nostris
623 1373 886 1444 successoribus
900 1376 1040 1444 omnino
1057 1397 1281 1446 reservamus.

77 1463 154 1548 §th
180 1467 220 1532 Ut
242 1473 356 1532 autem
389 1463 705 1552 auspicatissimum
731 1463 904 1551 ejusmodi
933 1476 1090 1533 eventum
1122 1463 1283 1554 ampliori

39 1549 195 1621 devotione
210 1563 243 1621 et
258 1552 367 1642 gratia
380 1550 623 1622 Christilideles
639 1551 820 1634 celebrent,
842 1565 943 1639 atque
955 1574 994 1622 eo
1015 1551 1208 1622 validiores
1238 1552 1283 1623 ud

41 1643 112 1707 Eum
135 1641 321 1728 patrocinio
343 1663 402 1730 pro
422 1640 583 1720 Ecclesia,
613 1662 673 1730 pro
697 1641 858 1711 universa
881 1640 1071 1710 Christiana
1096 1576 1285 1732 uepubbica

40 1731 68 1794 S.
83 1729 269 1799 Ambrosius
280 1741 382 1816 atque
397 1729 514 1820 inclyti
530 1734 692 1820 Martyres
706 1730 946 1800 intercessores
961 1729 1118 1811 existant,
1137 1751 1205 1831 quo
1220 1730 1286 1800 ser-

39 1817 171 1886 ventiore
200 1817 364 1906 obsequio
393 1839 451 1888 eos
474 1819 654 1908 contigerit
678 1819 861 1896 honorari;
888 1818 1050 1888 omnibus
1080 1831 1113 1888 et
1136 1819 1284 1908 singulis

38 1905 333 1988 ChristifidelibuS,
364 1907 424 1994 qui
445 1929 520 1976 vere
542 1907 779 2008 poenitentes,
805 1907 861 1976 die
879 1907 1077 1978 eorumdem
1102 1911 1281 1978 Sacrorum

37 1997 206 2094 Corporum
232 1995 396 2067 solemnis
413 1995 641 2086 repositionis,
668 1997 717 2066 vel
743 1995 809 2065 alia
834 2017 895 2087 pec
914 1996 1066 2066 locorum
1086 1995 1285 2068 Ordinarios

39 2082 216 2166 indicenda,
235 2083 382 2154 confessi
401 2097 434 2154 et
455 2089 557 2154 Sacro
582 2084 703 2155 Christi
722 2089 867 2174 Corpore
891 2085 1005 2155 relecti
1037 2085 1070 2152 in
1096 2084 1286 2173 Metropoli-

40 2181 105 2241 tana
126 2173 195 2242 sive
210 2173 432 2244 Ambrosiana
458 2171 701 2244 blediolancnsi
717 2173 872 2254 Basilica,
900 2174 949 2244 vel
972 2173 1116 2244 ubilibet
1134 2173 1286 2244 locorum

40 2261 66 2326 in
83 2261 212 2362 templis
223 2261 393 2332 Ambrosii
412 2263 549 2331 nomina
571 2267 634 2332 [teo
648 2261 799 2332 dicatis*
817 2263 1100 2352 proinstantibus
1118 2262 1287 2332 Ecclesiae

42 2349 282 2420 necessitatibus
306 2349 447 2438 ejusque
471 2351 695 2432 exaltatione,
722 2355 922 2420 Sanctorum
944 2351 1111 2421 Ambrosii
1135 2373 1174 2422 ac
1200 2355 1285 2420 llar-

45 2448 136 2523 tyrum
156 2439 308 2510 Cervasii
325 2461 364 2508 ac
381 2440 523 2510 Protasii
549 2441 717 2530 suppetiis
737 2439 940 2528 inrplorotis,
969 2441 1042 2529 pias
1065 2439 1155 2530 apud
1182 2445 1284 2509 lleunr

45 2545 139 2611 preces
162 2525 365 2608 effuderint,
392 2527 580 2597 Plenariam
606 2528 761 2598 omniurn
791 2542 1004 2616 peccatorum
1035 2528 1286 2618 indulgentiam

40 2635 72 2682 ac
86 2615 315 2686 remissionem
334 2637 421 2702 quae
447 2637 506 2706 per
530 2615 669 2686 modum
696 2617 851 2708 sullragii
879 2617 979 2688 etiarn
1008 2618 1191 2688 animabus
1217 2620 1287 2707 pia-

35 2703 199 2774 cularibus
223 2705 374 2774 flammis
397 2705 543 2775 detentis
566 2705 732 2796 applicari
759 2707 890 2795 possint
913 2707 1060 2796 benigne
1084 2709 1117 2776 iu
1146 2706 1286 2776 Domino

34 2809 138 2864 tenore
159 2793 388 2882 praesentium
411 2793 644 2864 concedimus.
936 2843 940 2852 -

68 2884 85 2966 §
107 2887 186 2955 1⁰.
214 2881 378 2965 Quocirca
401 2883 650 2954 corrrmittirnus
673 2894 705 2953 et
730 2883 936 2954 mandamus
966 2884 1137 2956 Universis
1161 2897 1193 2956 et
1217 2886 1288 2954 sin-

31 2971 114 3054 gulis
139 2970 397 3040 venerabilibus
420 2971 595 3042 Fratribus
611 2971 740 3042 Nostris
767 2973 981 3054 Patriarchis,
1001 2973 1284 3062 archiepiscopis,

31 3060 211 3148 Episcopis,
236 3060 446 3146 caeterisque
469 3059 696 3154 Ecclesiarum
724 3061 909 3144 Praelatis,
937 3073 974 3132 ut
1001 3075 1194 3150 praesentes
1219 3062 1287 3132 Lit-

31 3161 109 3217 teras
135 3148 171 3216 in
196 3149 269 3218 suis
291 3147 436 3235 quilibet
463 3149 673 3228 Provinciis,
702 3151 900 3222 Civitatibus
923 3163 956 3220 et
980 3149 1064 3220 locis
1089 3149 1287 3228 solemniter

32 3237 196 3321 publicari
215 3248 346 3318 curent,
367 3258 405 3305 ea
431 3237 563 3308 meliori
583 3238 712 3308 ratione
736 3260 838 3326 quam
857 3238 1016 3328 expedire
1035 3239 1242 3308 cerrsuerint.

68 3330 165 3415 lpsas
189 3345 325 3414 quoque
349 3325 489 3396 Litteras
513 3336 545 3395 et
561 3347 798 3414 quaecumque
814 3327 848 3396 in
870 3327 919 3398 eis
934 3339 1092 3396 contenta
1110 3325 1205 3396 nullo
1226 3349 1287 3398 un-

31 3437 125 3498 quam
150 3427 300 3514 temporc
323 3411 365 3482 de
388 3414 619 3504 subreptionis
645 3415 693 3484 vel
718 3415 928 3506 obreptionis
952 3438 1012 3486 seu
1042 3413 1209 3484 nullitatis
1232 3428 1292 3484 aut

33 3501 249 3572 invaliditatrs
275 3501 354 3572 vitio
373 3525 433 3574 seu
460 3503 663 3574 Intentionis
687 3509 825 3576 Nostrae
849 3502 900 3574 vel
924 3502 992 3574 alio
1011 3504 1133 3591 quovis
1157 3501 1301 3583 delectu
1367 3523 1369 3530 ’

34 3592 158 3672 notari,
185 3590 409 3681 impugnari,
436 3591 494 3662 sed
519 3613 655 3682 semper
677 3605 709 3662 et
735 3605 897 3683 perpetuo
927 3592 1058 3666 validas
1081 3603 1113 3662 et
1136 3590 1291 3662 efficaces

33 3701 95 3751 esse
118 3693 155 3750 et
171 3678 253 3760 sore,
272 3701 420 3767 suosque
443 3678 616 3838 plenarios
638 3693 671 3750 ct
695 3681 845 3771 integros
864 3682 1004 3753 elbsctus
1022 3681 1136 3752 sortiri
1152 3694 1184 3751 et
1203 3679 1291 3750 obti-

36 3789 115 3852 nere,
136 3768 257 3855 sicque
279 3766 323 3838 ab
346 3769 438 3838 orrrni
467 3791 508 3838 us
533 3770 783 3858 cujuscumque
807 3769 947 3862 gradus,
974 3771 1118 3850 ordinis,
1148 3771 1292 3860 praemi-

37 3859 164 3928 nentiae
186 3869 220 3926 et
246 3856 422 3948 dignitatis
445 3857 575 3928 censeri
604 3857 786 3940 volumus;
813 3859 1014 3928 mandantes
1035 3871 1072 3928 ut
1091 3859 1293 3930 earumdem

38 3944 259 4030 praesentium
283 3946 521 4035 Transumptis
544 3947 644 4016 etiarn
665 3946 852 4036 impressis,
874 3969 979 4016 macru
1009 3959 1120 4017 tamen
1146 3947 1296 4036 alicujus

40 4033 159 4118 publici
175 4033 301 4104 Notarii
320 4033 535 4124 subscriptis,
562 4047 593 4104 et
613 4035 725 4127 sigillo
750 4041 915 4106 Personae
933 4036 966 4105 in
987 4035 1225 4108 Ecclesiastica
1244 4036 1296 4106 lli-

41 4124 154 4216 qnitate
176 4122 381 4192 constitutae
400 4123 554 4204 munitis,
571 4125 691 4194 eadem
715 4147 856 4214 prorsus
875 4124 960 4194 fides
976 4125 1191 4206 adhibeatur,
1210 4147 1298 4213 quae

46 4213 117 4298 asts
132 4209 372 4302 praesentibus
386 4211 606 4284 adhiberetur
622 4213 650 4285 si
678 4211 788 4284 lorent
805 4213 974 4284 exhibitae
995 4213 1043 4282 vel
1065 4228 1230 4284 ostensae.

62 4371 71 4394 ¹
82 4373 107 4413 ln
116 4373 175 4414 loeta
184 4372 226 4413 ubl
235 4371 303 4412 multo
311 4373 375 4412 exiet
384 4373 484 4414 eoeleste
499 4375 538 4416 vel
548 4375 631 4416 sellom
642 4372 737 4424 aliquod
748 4375 821 4415 altare
831 4375 875 4414 acvb
885 4375 956 4414 tituta
966 4371 1084 4416 eunuciotl
1095 4377 1172 4416 tauotl
1187 4377 1259 4416 Docto
1267 4335 1304 4417 rlb

48 4425 113 4467 suern
121 4423 229 4467 vitltstlo
237 4425 290 4466 bart
300 4425 370 4467 dabat
378 4426 402 4466 tn
412 4424 510 4470 ecclesia
518 4438 560 4477 per
569 4429 718 4470 Ordtuerlum
727 4429 890 4472 dioecesanum
901 4425 1049 4478 designanda

113 4507 236 4566 surius
249 4534 263 4552 ·
282 4503 369 4565 Vitae
382 4503 432 4568 SS.
450 4537 462 4553 ·
478 4505 544 4569 Vol.
559 4505 622 4570 llll.
1189 4507 1223 4566 15
