2932 4812
260 262 322 326 {tlt
532 279 571 326 nn
595 279 622 324 s.
650 276 756 324 motta
779 273 926 324 attumne.
954 275 1165 324 cauturium.
1316 255 1381 320 ott.
1402 256 1430 315 ὲι

213 362 271 432 sed
296 363 461 433 dominus
480 367 570 452 Papa
587 363 620 431 id
639 361 737 431 lecit:
761 382 822 430 nec
840 383 893 430 me
908 362 1005 431 decet
1025 358 1212 440 absolvere,
1228 373 1266 430 ut
1282 381 1329 428 ros
1345 359 1427 424 tota.

212 473 300 538 quos
324 449 381 520 ille
406 451 573 541 ligavit.»
595 456 679 519 Tum
698 449 769 519 illi:
792 450 939 530 «lubet,
961 451 1135 536 inquiunt,
1159 453 1239 528 Rex,
1262 463 1430 518 utcunotn-

214 540 318 609 nibus
343 541 411 610 tuis
438 561 581 628 eregno
609 539 763 608 excedas.
788 563 806 607 ι
827 543 948 608 Contra
970 537 1271 628 hrchiepiscopus:
1296 535 1374 604 used
1390 557 1427 600 to

212 628 386 717 deinceps,
409 629 466 708 ait,
497 633 560 697 heo
586 627 744 716 propitio,
768 649 867 698 nemo
888 629 977 697 inter
995 626 1183 696 Ecclesiam
1200 648 1307 696 meam
1324 639 1425 694 etnam

212 718 410 806 conspiciet.
438 721 508 787 Non
534 718 610 784 veni
635 729 673 786 ut
696 716 871 806 lugerem;
900 716 955 786 bic
980 737 1033 785 me
1057 717 1213 804 reperiet,
1232 715 1260 785 si
1275 715 1344 801 quis
1357 733 1424 796 quae*

212 807 316 875 sierit.
342 830 359 872 ι
385 804 458 875 Illis
477 805 734 893 objicientibus,
752 804 844 891 quod
865 805 974 874 animi
990 803 1104 873 furore
1120 805 1281 894 percitus,
1303 805 1427 871 mintsttes

212 895 313 986 Regis
337 916 376 963 ex
397 893 547 964 Ecclesia
574 894 716 982 turpiter
739 894 905 981 ejecisset,
934 895 984 962 ιιι
1008 906 1149 962 sanctus
1173 915 1252 961 cum
1280 891 1367 960 multo
1384 911 1428 974 sp·

211 984 298 1052 ritus
317 981 458 1062 fervore,
480 983 548 1052 illis
563 982 762 1072 respondit:
786 1008 799 1044 ι
826 983 989 1069 Quisquis
1005 1003 1112 1051 ausus
1136 981 1240 1050 suerit
1258 997 1375 1050 sanctae
1389 983 1427 1045 ιιι-

213 1093 334 1140 manae
358 1072 450 1141 sedis
475 1071 641 1152 instituta,
664 1070 712 1140 vel
730 1070 899 1140 Ecclesiae
919 1070 1040 1140 Christi
1052 1071 1134 1159 jura
1152 1070 1289 1148 violare,
1310 1091 1360 1138 nec
1373 1086 1425 1136 utt-¹

213 1159 424 1240 satisfecerit,
445 1181 513 1229 non
530 1181 680 1249 parcam,
701 1181 762 1229 nec
782 1159 938 1228 differam
959 1159 1191 1229 ecclesiastica
1214 1180 1350 1228 censura
1368 1175 1427 1224 ιιι·

211 1268 288 1318 cere
316 1263 559 1338 peccantem.»
578 1252 648 1317 Hoc
679 1247 729 1316 illi
749 1249 824 1334 qviri
849 1249 906 1318 Dei
932 1249 1124 1318 constantia
1148 1247 1309 1338 perculsi,
1336 1263 1427 1334 propt:

211 1337 391 1417 accedunt,
409 1338 597 1425 dicuntque
612 1339 661 1406 ei:
682 1359 699 1404 ιι
714 1341 754 1405 In
770 1338 892 1427 capitis
911 1339 959 1406 tui
975 1336 1167 1426 periculum
1185 1337 1268 1406 haec
1282 1335 1427 1426 prolocuta-

211 1447 258 1494 es.
281 1453 293 1489 ι
313 1432 351 1496 at
366 1427 417 1494 vir
433 1439 592 1498 sanctus:
611 1450 629 1492 ι
650 1430 720 1496 Non
741 1447 805 1506 me,
826 1427 948 1513 inquit,
969 1439 1095 1496 terrent
1114 1427 1230 1494 minae
1247 1440 1375 1496 vestrae:
1394 1444 1428 1488 tt*

211 1513 318 1604 gladii
335 1517 434 1585 vestri
454 1515 679 1604 promptiores
699 1527 781 1584 sunt
796 1513 839 1583 ad
860 1514 1066 1593 feriendum,
1085 1534 1189 1600 quam
1208 1536 1272 1604 ego
1294 1515 1332 1583 ad
1349 1531 1428 1581 marzt·

211 1604 300 1672 riom
326 1604 540 1674 obeundum.
565 1603 677 1674 Alium
693 1605 856 1690 quaerite,
875 1604 935 1691 qui
960 1626 1018 1674 vos
1037 1602 1167 1692 lugiet:
1188 1625 1242 1672 me
1256 1603 1366 1673 collato
1379 1599 1427 1688 pel·-

212 1713 272 1780 pro
297 1695 442 1762 llomino
468 1715 542 1762 meo
566 1691 814 1781 proeliaturum
839 1693 1102 1781 comperietis.»
1131 1689 1205 1762 lllis
1228 1715 1306 1761 cnm
1329 1691 1428 1760 ulmo

209 1791 241 1848 et
264 1781 483 1852 contumeliis
506 1782 723 1861 exeuntibus,
747 1780 797 1850 vir
818 1783 874 1850 Dei
894 1802 976 1853 suos
992 1779 1247 1860 consolabatur,
1268 1793 1301 1851 et
1318 1794 1351 1850 ut
1368 1777 1427 1846 tm

211 1869 322 1938 visum
348 1884 409 1951 est,
436 1871 496 1958 qui
522 1883 715 1959 praesentes
744 1869 942 1950 adfuimus,
976 1871 1020 1940 ita
1045 1868 1185 1940 sedehat
1217 1869 1426 1961 imperterritus.

210 1959 280 2028 acsi
306 1959 348 2028 ad
369 1959 508 2046 nuptias
528 1958 690 2028 invitatus
705 1959 851 2029 essetab
872 1958 952 2028 illis.

255 2049 272 2134 ἓ
300 2053 376 2120 ’M-
403 2053 476 2117 Mox
507 2061 725 2118 revertuntur
745 2046 796 2115 illi
813 2045 956 2127 loricati,
984 2047 1198 2136 accinctique
1223 2047 1352 2137 gladiis,
1363 2060 1385 2112 et
1401 2074 1427 2108 s·

210 2135 354 2208 curibus
373 2136 507 2206 armati.
536 2141 636 2207 Fores
659 2149 772 2206 autem
799 2134 937 2206 clausae
952 2147 1061 2214 erant,
1080 2157 1141 2204 nec
1183 2136 1367 2206 ulsantibus
1381 2153 1425 2216 ep

210 2225 374 2296 riebatnr.
398 2231 480 2293 Tum
500 2223 551 2294 illi
567 2224 754 2296 occultiore
771 2226 821 2293 via
843 2245 903 2314 per
922 2225 1115 2313 pomarium
1132 2158 1183 2292 ad
1193 2246 1309 2314 sepem
1326 2223 1423 2312 ligneo:

210 2313 393 2394 divertunt,
421 2313 578 2400 ferroque
600 2327 632 2383 ct
658 2335 782 2402 magna
806 2313 837 2380 ιι
861 2314 927 2383 sibi
952 2313 1084 2382 aditum
1102 2327 1237 2403 parant.
1256 2319 1302 2384 Eo
1320 2309 1416 2406 hortiit

210 2403 354 2492 strepitu
373 2403 522 2474 ministri
531 2414 563 2471 et
578 2402 693 2472 clerici
707 2423 793 2490 pene
804 2422 924 2472 omnes
939 2402 1044 2473 territi
1060 2401 1236 2492 fugerunt.
1256 2397 1429 2472 hortantibus

210 2490 292 2571 illis,
321 2493 381 2579 qui
407 2505 653 2572 remanserant,
680 2505 719 2560 ut
736 2489 785 2558 vir
804 2505 944 2561 sanctus
966 2491 999 2559 itt
1028 2489 1206 2560 ecclesiam
1237 2513 1273 2560 se
1295 2487 1427 2561 conserat.

210 2579 311 2668 plane
328 2580 508 2650 recusavit.
527 2583 597 2650 Non
623 2579 715 2649 enim
740 2577 799 2648 tali
822 2600 907 2649 casu
924 2578 1126 2668 fugiendum
1144 2593 1227 2660 erat,
1248 2579 1305 2648 sed
1322 2573 1424 2647 dandus

210 2669 322 2757 potius
340 2668 488 2739 subditis
503 2667 711 2757 exemplum,
741 2681 778 2737 ut
798 2668 914 2738 mallet
933 2668 1081 2756 quisque
1104 2665 1199 2737 leriri
1222 2668 1346 2758 gladio,
1363 2684 1429 2760 quqttt

208 2756 321 2826 videre
338 2756 424 2843 lapis
448 2757 583 2826 divinae
607 2769 856 2844 contemptum,
882 2771 915 2826 et
938 2777 1115 2826 sacrorum
1133 2779 1308 2827 canonum
1330 2772 1430 2826 everstt·

209 2867 298 2914 nem.
317 2845 495 2915 lnstabant
520 2867 596 2915 vero
614 2844 787 2924 monachi,
813 2844 951 2933 ajebant
968 2845 1168 2915 indecorum
1190 2867 1276 2927 esse,
1303 2869 1321 2916 a
1340 2861 1432 2930 respo·

208 2933 288 3002 tinis
307 2932 482 3016 landibost
498 2955 586 3020 quae
610 2947 681 3004 tum
707 2931 981 3015 celebrabantur,
1012 2934 1128 3022 ipsum
1153 2934 1285 3006 abesse.
1313 2933 1367 3004 lllc
1387 2949 1432 3024 ιιι·

207 3024 405 3102 noncessit,
434 3023 561 3092 veritus
584 3045 620 3092 se
645 3022 814 3110 privatum
842 3021 884 3091 iri
907 3035 1021 3111 optata
1042 3023 1198 3111 martyrii
1227 3045 1359 3100 corona,
1379 3021 1399 3088 si
1415 3037 1433 3081 tt

208 3110 374 3200 templum
393 3124 481 3182 esset
500 3112 689 3203 ingressus,
708 3111 811 3199 cujus
832 3111 1019 3182 reverentia
1044 3112 1153 3182 arceri
1178 3126 1317 3200 possent
1338 3135 1355 3180 a
1377 3121 1433 3198 tom

206 3199 333 3268 scelere
351 3200 541 3288 parricidae
560 3200 624 3270 illi.
651 3205 737 3269 Sane
757 3213 935 3288 postquam
953 3201 996 3269 ab
1010 3201 1131 3271 exsilio
1151 3223 1309 3271 reversus
1324 3201 1385 3270 luit.
1406 3216 1428 3288 >tf

206 3287 335 3360 dixisse
358 3288 475 3370 lertur,
505 3302 680 3377 tamquam
705 3301 819 3358 certus
837 3289 910 3376 jam
937 3309 972 3358 se
990 3310 1050 3378 per
1066 3289 1270 3378 martyrium
1290 3289 1364 3359 hinc
1380 3303 1432 3352 cnt-

206 3391 406 3468 graturum:
433 3379 608 3448 «Habetis
629 3377 684 3448 hic
701 3377 861 3447 dilectum
887 3380 953 3446 Deo
977 3400 1017 3448 ao
1043 3399 1117 3446 vere
1142 3391 1326 3468 martyrem
1350 3373 1432 3460 Elpltr

206 3489 288 3556 gunt
302 3491 309 3549 ;
324 3467 431 3538 alium
448 3488 585 3554 quoque
606 3467 700 3538 vohis
720 3467 794 3536 sinc
811 3487 906 3535 mora
921 3465 1040 3536 divina
1057 3467 1231 3536 miseratio
1249 3465 1432 3624 providebit·

206 3557 363 3626 llonachi
383 3569 592 3626 autemeam
618 3577 696 3625 enm
723 3575 1013 3645 permoverepon
1036 3569 1184 3645 possent,
1209 3577 1248 3624 va
1265 3557 1308 3626 de
1330 3553 1432 3624 invitm

205 3643 449 3735 absportarnnt
475 3645 509 3712 in
533 3642 733 3714 ecclesiam:
762 3665 865 3731 quam
893 3664 973 3713 cum
1002 3644 1150 3734 ingressi
1176 3657 1303 3726 essent,
1328 3653 1433 3730 quatuo:

205 3733 254 3804 illi
275 3734 406 3804 nobiles
422 3755 528 3804 cursu
545 3732 765 3821 rapidissimo
780 3732 889 3803 secuti
907 3745 988 3802 sunt
1004 3755 1084 3803 com
1102 3736 1155 3801 Hu
1180 3755 1246 3803 one
1263 3732 1431 3803 subdiacon

204 3823 399 3913 deploratae
416 3821 597 3910 nequitiae,
615 3842 717 3908 quern
736 3821 866 3891 malum
883 3819 1048 3891 clericum
1065 3755 1298 3910 eppehabant.
1315 3819 1429 3890 totone·

204 3927 317 3982 autem
343 3911 504 3981 monachi
524 3911 683 3981 obserare
702 3908 791 3980 fores
815 3909 989 3992 ecclesiae,
1018 3909 1180 4000 prohibiti
1207 3925 1288 3982 sunt
1309 3933 1328 3980 a
1348 3913 1428 3976 suttlt

205 4003 292 4081 viro,
323 3999 383 4087 qui
412 4014 485 4068 tum
515 3998 688 4089 praeclare
711 3997 899 4070 dicebam«
925 4004 991 4069 Nos
1017 3997 1176 4088 patiendo
1206 4001 1336 4089 potius,
1358 4003 1426 4080 qum

204 4087 403 4177 pugnando,
423 4109 463 4156 ex
482 4088 577 4157 hoste
594 4087 907 4177 triumphabimus:
938 4108 1050 4176 neque
1077 4109 1116 4158 eo
1143 4088 1214 4158 huc
1240 4089 1385 4158 venimus,
1402 4084 1425 4138 nt

203 4195 450 4263 repugnemus,
469 4176 526 4245 sed
553 4190 591 4245 nt
614 4177 797 4267 patiemur.
821 4175 988 4247 »Adsunt
1004 4199 1081 4247 mox
1098 4177 1258 4267 sacrilegi
1275 4169 1421 4252 carnifices,

202 4260 463 4358 exclamansque
482 4263 680 4334 furibundi:
700 4287 718 4331 ιι
738 4265 801 4335 Ubi
818 4280 869 4338 est
887 4265 1032 4338 Thomas
1049 4265 1188 4348 Bclteth,
1210 4265 1307 4356 Regis
1320 4267 1421 4340 etrcgtt

205 4345 407 4428 proditori»
423 4354 563 4423 Nemine
580 4353 818 4443 respondente,
838 4355 960 4442 majori
978 4356 1195 4426 contentione
1221 4349 1420 4424 ιοιιιιιιιιιιῑ
