2946 4798
34 264 99 328 nii.
125 266 164 330 27
364 283 406 331 or.
431 287 459 332 s.
485 285 606 333 scinne
630 287 681 332 ir.
708 287 745 331 nr
769 283 921 331 crinem..
1169 268 1233 332 473

30 387 57 434 ac
72 387 223 436 revocans
239 369 429 439 veritatem.
447 373 629 457 Postquam
647 381 760 439 autem
775 389 907 445 omnes,
926 368 1016 454 quod
1043 389 1186 439 suarum
1204 383 1277 439 erat

30 455 169 542 partium,
196 460 260 526 Deo
290 457 493 536 adduxerat,
525 457 659 528 coelum
688 458 827 547 quidem
861 455 1012 527 efficiens
1040 458 1273 546 proscenium,

26 555 116 613 terrae
133 557 245 614 autem
270 545 388 616 orbem
415 546 598 627 theatrum,
618 569 657 616 ac
674 547 817 636 Angelos
842 557 1061 630 spectatores,
1083 547 1143 634 qui
1160 559 1276 634 stupe-

26 631 88 700 lacti
106 646 200 702 erant
219 633 260 702 ad
278 635 436 704 decorem
460 637 593 705 virtutis
611 635 705 704 illios
721 659 760 704 ac
783 636 999 725 prudentiam
1016 633 1276 723 (desiderabilia

25 742 155 808 namque
171 745 274 812 super
289 746 413 794 aurum
432 736 464 793 et
486 723 635 814 lapidem
658 725 844 814 pretiosum
867 723 1028 804 multum,
1055 745 1094 793 ac
1119 723 1275 794 dulciora

22 831 112 899 super
134 811 199 879 mel
223 825 255 880 et
271 810 400 894 savum,
426 813 714 883 erantdoctrinae
731 814 842 902 ipsius
865 812 981 882 divina
1006 810 1168 902 eloquia),
1194 815 1276 882 civi-

22 909 108 966 tatem
132 920 290 990 egressus
313 913 375 982 est,
403 901 585 992 discipulis
611 904 838 992 praecipiens,
861 915 899 972 ut
922 900 1072 991 ligonem
1097 924 1137 970 ac
1155 924 1274 972 sarcu-

21 985 82 1055 lum
100 1009 212 1058 secum
238 989 447 1060 conferrent:
474 1013 513 1060 ac
529 991 686 1080 protinus
710 993 744 1059 in
772 1002 920 1060 montem
942 989 1127 1077 quemdam
1154 1012 1276 1060 ascen-

19 1074 114 1155 dens,
141 1077 201 1146 ubi
235 1100 329 1148 nunc
367 1078 474 1167 hujus
512 1078 678 1169 ternplum
714 1093 906 1149 extructum
938 1092 988 1148 est
1021 1079 1167 1148 eximiae
1194 1101 1275 1150 cum

21 1163 263 1249 pulcritudinis,
286 1179 358 1237 tum
383 1167 646 1256 magnitudinis,
666 1180 828 1256 stansque
846 1169 880 1235 in
899 1169 989 1257 ipso:
1017 1189 1035 1233 «
1056 1169 1131 1250 Hic,
1151 1168 1273 1256 inquit,

21 1251 87 1330 filii,
114 1254 195 1322 mihi
219 1253 334 1325 fodite.
357 1280 374 1322 o
401 1256 526 1326 Deinde
538 1257 597 1326 ubi
615 1279 650 1326 se
667 1270 774 1327 totum
792 1259 1040 1346 consignasset,
1061 1278 1100 1326 ac
1120 1257 1273 1327 dixisset:

20 1363 35 1438 r
56 1345 89 1409 Et
107 1353 140 1410 tu
164 1365 300 1414 mecum
320 1357 404 1426 esto,
432 1346 573 1414 Domine
592 1344 672 1415 lesu
697 1347 837 1426 Christe,
858 1345 1176 1432 »adstantibusque
1193 1347 1276 1415 sub-

13 1430 188 1516 junxisset:
216 1438 315 1502 «Pax
340 1435 447 1516 vobio,
465 1433 603 1515 iratres;
628 1457 646 1501 »
676 1436 708 1503 in
736 1434 866 1504 foveam
896 1433 1033 1502 demisit
1060 1434 1217 1522 pallium,
1244 1449 1277 1504 et

17 1519 82 1605 ipse
97 1541 231 1606 quoque
247 1523 281 1589 in
300 1543 375 1590 eam
393 1523 581 1603 descendit,
600 1545 640 1592 ac
656 1523 798 1613 corpure
816 1521 962 1592 mediam
982 1522 1130 1592 obtinuit
1146 1524 1272 1603 Asiam,

16 1607 69 1676 ubi
92 1607 187 1688 olim,
205 1612 265 1696 qui
281 1632 300 1679 e
316 1613 522 1682 Graecanico
547 1625 646 1681 coetu
665 1625 773 1693 erant,
801 1611 1146 1702 philosophabantur.
1173 1617 1276 1681 Porro

17 1693 167 1784 discipuli
185 1719 302 1768 comas
316 1699 518 1780 evellebant,
545 1723 719 1790 genasque
740 1699 987 1792 percutiebant,
1006 1721 1046 1768 ac
1063 1700 1274 1770 orbationem

17 1785 248 1856 miserabiliter
271 1787 506 1877 deplorabant,
537 1801 720 1879 pastorem,
747 1791 1024 1880 gubernatorem,
1056 1801 1273 1871 servatorem,

19 1871 154 1960 denique
177 1897 281 1957 eum,
307 1878 366 1964 qui
392 1878 556 1948 omnibus
591 1880 707 1948 omnia
742 1892 833 1958 erat,
863 1877 1107 1946 inclamabant.
1151 1878 1276 1946 Deinde

16 1963 107 2058 etiam
124 1964 294 2034 civitatem
314 1967 525 2048 accedentes,
546 1966 612 2046 his,
639 1969 697 2055 qui
724 1968 757 2035 in
783 1967 918 2036 civitate
935 1977 1032 2034 erant
1057 1966 1277 2034 manifestant

17 2049 46 2116 td
64 2053 153 2138 quod
170 2051 298 2122 lactum
323 2067 406 2124 erat.
434 2056 574 2125 Interim
600 2068 713 2125 autem
739 2056 795 2126 die
814 2055 1044 2135 illucescente,
1065 2069 1276 2125 concurrunt

19 2139 54 2205 ad
77 2156 351 2225 monumentum,
370 2143 501 2213 discere
525 2145 714 2233 cupientes,
743 2167 826 2214 num
856 2157 1055 2234 praeceptor
1079 2144 1194 2213 adhue
1217 2166 1276 2212 su-

21 2231 203 2312 perviveret,
230 2243 263 2300 et
282 2231 369 2301 ovile
392 2245 623 2302 accesserunt.
646 2239 748 2304 Porro
767 2247 881 2323 pastor
902 2255 1072 2321 nusquam
1099 2253 1276 2321 compare-

20 2313 81 2397 bat,
97 2319 184 2388 solae
195 2321 358 2409 jacebant
380 2322 559 2412 crepidae:
587 2323 617 2390 is
641 2336 768 2402 autern,
787 2323 845 2411 qui
872 2323 933 2391 has
958 2321 1138 2412 abjecerat,
1162 2321 1274 2409 dispa-

19 2419 130 2476 ruerat.
150 2409 355 2479 Discurrunt
369 2410 481 2480 hucet
497 2410 592 2492 illuc,
611 2411 904 2498 quemadmodum
928 2411 973 2491 hi,
992 2411 1146 2498 quicum
1168 2409 1276 2479 iiliseo

15 2511 111 2575 erant,
125 2511 337 2579 scrutantur,
355 2499 572 2590 investigant,
588 2521 702 2570 verum
722 2502 881 2570 incessus
895 2499 1043 2569 efficitur
1063 2499 1148 2588 ipsis
1165 2499 1272 2568 labor.
1305 2581 1307 2588 y

16 2585 132 2654 Deinde
149 2587 203 2654 vix
221 2587 357 2656 tandem
377 2588 470 2657 illius
490 2590 582 2658 vocis
600 2589 786 2672 recordati:
803 2591 842 2659 Si
860 2611 935 2658 eum
948 2593 1021 2658 volo
1044 2611 1191 2667 monere,
1220 2589 1277 2656 do-

12 2694 63 2740 ner
85 2677 231 2756 veniam,
261 2677 343 2767 qnid
369 2677 414 2746 od
441 2679 499 2745 te?
528 2677 640 2766 (loon.
664 2678 743 2766 xxr),
768 2677 809 2746 ad
832 2691 978 2746 mentem
1000 2677 1201 2746 alacriorem
1228 2699 1275 2746 re·

11 2759 121 2832 deum.
151 2768 190 2833 Et
216 2763 272 2833 ille
299 2764 439 2865 quidem
465 2766 580 2834 Enoch
604 2780 637 2835 et
661 2766 752 2835 liliae
776 2767 954 2836 Thesbitae
973 2766 1213 2854 conjungitur:
1242 2766 1276 2834 hi

11 2865 115 2920 eutem
139 2874 160 2920 a
181 2852 339 2922 lamentts
363 2854 588 2936 discedentes
617 2860 722 2924 Deum
740 2857 979 2924 universorum
999 2854 1199 2935 laudabant,
1216 2856 1277 2941 qui

10 2961 103 3008 suum
132 2940 297 3011 dilectum
324 2942 408 3012 adeo
425 2944 706 3033 magnificaverat
722 2943 749 3008 *.

48 3031 63 3114 ἓ
86 3033 157 3102 1¹2.
185 3035 254 3099 Hoc
279 3032 393 3118 itaque
417 3031 483 3112 die,
510 3054 579 3117 quo
600 3034 683 3102 haec
707 3033 936 3122 contigerunt,
964 3031 1168 3120 splendidus
1194 3033 1275 3100 huic

10 3115 176 3210 theologo
199 3118 392 3190 celebratur
408 3121 532 3210 Ephesi
553 3135 740 3190 conventus
753 3143 792 3189 ex
806 3121 899 3190 omni
920 3142 1042 3211 genere
1059 3143 1099 3189 ac
1116 3123 1276 3190 universa

9 3219 121 3288 aetate,
150 3209 213 3294 qui
237 3223 406 3279 astrorum
433 3209 649 3298 splendorem
672 3211 835 3280 imitetur.
856 3215 1029 3278 Praeterea
1046 3210 1080 3276 in
1100 3209 1163 3278 hoc
1180 3231 1276 3278 sacro

11 3291 86 3376 loco,
114 3296 160 3366 ad
186 3319 288 3384 quem
314 3298 370 3367 hic
394 3320 473 3367 cum
502 3298 603 3386 pallio
619 3298 812 3379 declinavit,
835 3299 989 3367 minutus
1005 3297 1145 3385 quidam
1165 3298 1277 3386 pulvis

11 3401 119 3454 manat
156 3407 196 3454 ac
220 3387 393 3468 exoritur,
420 3387 530 3456 cuivis
555 3387 729 3457 accedenti
762 3386 929 3455 medelam
961 3387 1004 3455 ab
1035 3385 1130 3455 omni
1155 3387 1275 3454 morbo

10 3473 246 3563 suppeditans.
266 3479 347 3543 Cum
366 3476 472 3566 igitur
496 3477 530 3543 in
550 3477 727 3546 nocturnis
745 3475 907 3545 laudibus
926 3475 1000 3544 sesti
1020 3475 1142 3564 ipsius,
1160 3476 1203 3543 ab
1221 3474 1276 3541 his

10 3563 62 3644 qui
86 3565 121 3632 in
149 3585 189 3632 eo
210 3564 419 3645 ministrant,
448 3564 602 3634 tradatur
626 3565 780 3634 cortibus
804 3565 846 3634 ad
871 3565 935 3634 hoc
960 3563 1187 3652 congregatis,
1208 3583 1275 3631 non

11 3645 101 3720 iacile
125 3652 347 3722 exhauritur:
375 3653 431 3724 sed
457 3675 524 3742 quo
541 3653 693 3743 amplius
710 3653 887 3734 hauriunt,
908 3667 1000 3723 tanto
1019 3654 1127 3740 magis
1146 3665 1273 3733 manat,

11 3739 105 3808 veluti
165 3753 328 3830 erpetuus
358 3742 499 3828 quidam
527 3741 720 3822 thesaurus
750 3743 810 3829 qui
838 3743 942 3812 simul
971 3755 1003 3810 et
1033 3741 1276 3830 participantes

12 3827 113 3899 reddit
130 3764 286 3911 ditiores,
307 3852 345 3899 ac
366 3832 479 3920 seipso
503 3831 735 3901 abundantior
759 3853 895 3920 semper
918 3830 1077 3910 efficitur,
1105 3831 1212 3918 gratia
1237 3852 1276 3897 ac

37 4131 45 4150 ⁹
59 4131 181 4178 Dat-ouius,
195 4134 220 4172 iri
234 4134 300 4172 Notis
314 4133 343 4171 ari
357 4131 550 4182 Martyrotogimu
564 4133 627 4172 Rom.
643 4133 686 4172 hnc
702 4131 746 4178 die.
755 4131 865 4182 pluribus
875 4131 1024 4182 antiquitatis
1035 4133 1176 4174 testimoniis
1187 4131 1278 4176 odiatis,

15 4184 93 4228 erosit,
106 4189 192 4228 eontra
205 4187 363 4234 quorumdam
372 4189 532 4226 recentiorum
542 4187 691 4230 assertiones.
699 4197 755 4226 rore
766 4189 786 4227 S.
798 4189 913 4227 Joennem
922 4188 1007 4236 Evang.
1019 4185 1068 4226 vnit
1078 4187 1185 4225 iunctum
1196 4183 1278 4224 luisse.

16 4237 140 4282 &troici-um
155 4243 236 4279 antem
252 4239 325 4288 huius
340 4240 359 4278 D.
375 4237 487 4288 Apostoli.
497 4240 691 4286 Ephesisurnuro
709 4241 796 4279 honore
814 4241 952 4280 hebebatur.
963 4243 1029 4280 Inter
1039 4239 1162 4287 religiosos
1174 4239 1278 4278 Orienta-

16 4283 67 4328 lium
79 4291 281 4344 peregrinationes
295 4294 436 4340 percelebris
450 4295 508 4339 erat,
522 4295 555 4332 eit
570 4291 630 4332 idern
644 4291 767 4338 Duronius,
785 4293 909 4342 Ephesius,
922 4291 1034 4333 visitandi
1051 4292 1126 4342 gretie
1142 4293 1277 4341 sepulcrum

17 4339 61 4384 ¹²0⁶.
74 4354 140 4392 quum
156 4347 300 4396 praesertim
314 4347 378 4385 certa
390 4348 490 4395 quadam
504 4347 631 4386 traditione
645 4348 792 4396 exploratum
805 4348 938 4392 haberetur,
948 4345 996 4386 illic
1008 4348 1068 4394 apud
1079 4348 1100 4386 S.
1111 4348 1225 4387 ioannem
1236 4344 1277 4386 Dei

17 4392 146 4438 Geni-tricem
157 4401 259 4438 Marium
271 4397 403 4445 aitqusnrtiu
413 4398 579 4450 permansisse.
