<?xml version="1.0" encoding="UTF-8"?>
<!DOCTYPE html PUBLIC "-//W3C//DTD XHTML 1.0 Transitional//EN"
    "http://www.w3.org/TR/xhtml1/DTD/xhtml1-transitional.dtd">
<html xmlns="http://www.w3.org/1999/xhtml" xml:lang="en" lang="en">
 <head>
  <title>
</title>
<meta http-equiv="Content-Type" content="text/html;charset=utf-8" />
  <meta name='ocr-system' content='tesseract 3.04.00' />
  <meta name='ocr-capabilities' content='ocr_page ocr_carea ocr_par ocr_line ocrx_word'/>
</head>
<body>
  <div class='ocr_page' id='page_1' title='image "./historiaeseuvit00lippgoog_0426.png"; bbox 0 0 2954 4816; ppageno 0'>
   <div class='ocr_carea' id='block_1_1' title="bbox 26 311 1232 380">
    <p class='ocr_par' dir='ltr' id='par_1_1' title="bbox 26 311 1232 380">
     <span class='ocr_line' id='line_1_1' title="bbox 26 311 1232 380; baseline 0.001 -4"><span class='ocrx_word' id='word_1_1' title='bbox 26 311 98 376; x_wconf 84' lang='lat' dir='ltr'>bllC.</span> <span class='ocrx_word' id='word_1_2' title='bbox 123 313 163 377; x_wconf 83' lang='lat' dir='ltr'>at</span> <span class='ocrx_word' id='word_1_3' title='bbox 408 331 446 378; x_wconf 84' lang='lat' dir='ltr'>ns</span> <span class='ocrx_word' id='word_1_4' title='bbox 469 329 588 378; x_wconf 82' lang='lat' dir='ltr'>vrorum</span> <span class='ocrx_word' id='word_1_5' title='bbox 613 331 746 378; x_wconf 75' lang='lat' dir='ltr'>narnus</span> <span class='ocrx_word' id='word_1_6' title='bbox 771 329 882 378; x_wconf 80' lang='lat' dir='ltr'>nomm</span> <span class='ocrx_word' id='word_1_7' title='bbox 1175 315 1232 380; x_wconf 76' lang='lat' dir='ltr'>aot</span> 
     </span>
    </p>
   </div>
   <div class='ocr_carea' id='block_1_2' title="bbox 20 415 1371 4504">
    <p class='ocr_par' dir='ltr' id='par_1_2' title="bbox 20 415 1308 3604">
     <span class='ocr_line' id='line_1_2' title="bbox 56 415 1281 506; baseline 0 -20"><span class='ocrx_word' id='word_1_8' title='bbox 56 417 129 500; x_wconf 66' lang='grc' dir='ltr'>δῦ.</span> <span class='ocrx_word' id='word_1_9' title='bbox 155 416 293 486; x_wconf 85' lang='lat' dir='ltr'>Tertius</span> <span class='ocrx_word' id='word_1_10' title='bbox 317 427 368 484; x_wconf 91' lang='lat' dir='ltr'>est</span> <span class='ocrx_word' id='word_1_11' title='bbox 390 416 477 486; x_wconf 91' lang='lat' dir='ltr'>actio</span> <span class='ocrx_word' id='word_1_12' title='bbox 502 437 619 506; x_wconf 59' lang='lat' dir='ltr'>pravae</span> <span class='ocrx_word' id='word_1_13' title='bbox 648 421 725 485; x_wconf 86' lang='lat' dir='ltr'>Post</span> <span class='ocrx_word' id='word_1_14' title='bbox 748 415 990 504; x_wconf 74' lang='lat' dir='ltr'>cogitationem</span> <span class='ocrx_word' id='word_1_15' title='bbox 1016 428 1048 485; x_wconf 88' lang='lat' dir='ltr'>et</span> <span class='ocrx_word' id='word_1_16' title='bbox 1073 415 1281 486; x_wconf 89' lang='lat' dir='ltr'>locutionem</span> 
     </span>
     <span class='ocr_line' id='line_1_3' title="bbox 23 503 1281 596; baseline 0.005 -28"><span class='ocrx_word' id='word_1_17' title='bbox 23 503 141 573; x_wconf 81' lang='lat' dir='ltr'>venitur</span> <span class='ocrx_word' id='word_1_18' title='bbox 158 504 201 574; x_wconf 92' lang='lat' dir='ltr'>ad</span> <span class='ocrx_word' id='word_1_19' title='bbox 219 525 338 596; x_wconf 87' lang='lat' dir='ltr'>opera,</span> <span class='ocrx_word' id='word_1_20' title='bbox 360 505 497 591; x_wconf 90' lang='lat' dir='ltr'>quando</span> <span class='ocrx_word' id='word_1_21' title='bbox 512 504 714 575; x_wconf 84' lang='lat' dir='ltr'><strong>exhibemus</strong></span> <span class='ocrx_word' id='word_1_22' title='bbox 732 506 886 573; x_wconf 91' lang='lat' dir='ltr'>membra</span> <span class='ocrx_word' id='word_1_23' title='bbox 906 514 1019 573; x_wconf 89' lang='lat' dir='ltr'>nostra</span> <span class='ocrx_word' id='word_1_24' title='bbox 1041 525 1137 574; x_wconf 91' lang='lat' dir='ltr'>arma</span> <span class='ocrx_word' id='word_1_25' title='bbox 1151 505 1281 593; x_wconf 87' lang='lat' dir='ltr'>iniqui·</span> 
     </span>
     <span class='ocr_line' id='line_1_4' title="bbox 23 592 1282 683; baseline 0.002 -23"><span class='ocrx_word' id='word_1_26' title='bbox 23 593 87 662; x_wconf 86' lang='lat' dir='ltr'>tatis</span> <span class='ocrx_word' id='word_1_27' title='bbox 102 606 252 682; x_wconf 87' lang='lat' dir='ltr'>peccatu,</span> <span class='ocrx_word' id='word_1_28' title='bbox 275 606 309 664; x_wconf 91' lang='lat' dir='ltr'>et</span> <span class='ocrx_word' id='word_1_29' title='bbox 332 593 550 664; x_wconf 88' lang='lat' dir='ltr'>contumeliis</span> <span class='ocrx_word' id='word_1_30' title='bbox 573 592 746 662; x_wconf 86' lang='lat' dir='ltr'>afficimus</span> <span class='ocrx_word' id='word_1_31' title='bbox 769 614 911 683; x_wconf 87' lang='lat' dir='ltr'>corpora</span> <span class='ocrx_word' id='word_1_32' title='bbox 930 607 1056 662; x_wconf 89' lang='lat' dir='ltr'>nostra.</span> <span class='ocrx_word' id='word_1_33' title='bbox 1076 593 1162 676; x_wconf 93' lang='lat' dir='ltr'>Quid</span> <span class='ocrx_word' id='word_1_34' title='bbox 1188 594 1282 662; x_wconf 91' lang='lat' dir='ltr'>enim</span> 
     </span>
     <span class='ocr_line' id='line_1_5' title="bbox 23 681 1283 772; baseline 0.002 -24"><span class='ocrx_word' id='word_1_35' title='bbox 23 681 154 770; x_wconf 90' lang='lat' dir='ltr'>turpius,</span> <span class='ocrx_word' id='word_1_36' title='bbox 172 704 280 768; x_wconf 89' lang='lat' dir='ltr'>quarn</span> <span class='ocrx_word' id='word_1_37' title='bbox 304 683 458 753; x_wconf 89' lang='lat' dir='ltr'>membra</span> <span class='ocrx_word' id='word_1_38' title='bbox 473 683 596 753; x_wconf 89' lang='lat' dir='ltr'>Christi</span> <span class='ocrx_word' id='word_1_39' title='bbox 616 682 787 772; x_wconf 81' lang='lat' dir='ltr'>sanguine</span> <span class='ocrx_word' id='word_1_40' title='bbox 807 694 1016 762; x_wconf 89' lang='lat' dir='ltr'>consecrata,</span> <span class='ocrx_word' id='word_1_41' title='bbox 1035 696 1067 750; x_wconf 88' lang='lat' dir='ltr'>et</span> <span class='ocrx_word' id='word_1_42' title='bbox 1081 682 1283 772; x_wconf 91' lang='lat' dir='ltr'>consepulta</span> 
     </span>
     <span class='ocr_line' id='line_1_6' title="bbox 21 769 1283 860; baseline 0.003 -24"><span class='ocrx_word' id='word_1_43' title='bbox 21 769 47 836; x_wconf 88' lang='lat' dir='ltr'>ei</span> <span class='ocrx_word' id='word_1_44' title='bbox 68 771 97 837; x_wconf 95' lang='lat' dir='ltr'>in</span> <span class='ocrx_word' id='word_1_45' title='bbox 122 771 342 860; x_wconf 88' lang='lat' dir='ltr'>baptismate,</span> <span class='ocrx_word' id='word_1_46' title='bbox 374 770 569 841; x_wconf 87' lang='lat' dir='ltr'>libidinosis</span> <span class='ocrx_word' id='word_1_47' title='bbox 597 770 780 840; x_wconf 91' lang='lat' dir='ltr'>ardoribus</span> <span class='ocrx_word' id='word_1_48' title='bbox 808 770 992 852; x_wconf 85' lang='lat' dir='ltr'>maculare,</span> <span class='ocrx_word' id='word_1_49' title='bbox 1023 791 1085 840; x_wconf 91' lang='lat' dir='ltr'>neo</span> <span class='ocrx_word' id='word_1_50' title='bbox 1109 771 1283 840; x_wconf 89' lang='lat' dir='ltr'>attendere</span> 
     </span>
     <span class='ocr_line' id='line_1_7' title="bbox 20 859 1283 949; baseline 0.002 -23"><span class='ocrx_word' id='word_1_51' title='bbox 20 861 230 929; x_wconf 79' lang='lat' dir='ltr'>reverentiam</span> <span class='ocrx_word' id='word_1_52' title='bbox 248 859 437 948; x_wconf 90' lang='lat' dir='ltr'>praesentis</span> <span class='ocrx_word' id='word_1_53' title='bbox 452 861 509 928; x_wconf 83' lang='lat' dir='ltr'>Dei</span> <span class='ocrx_word' id='word_1_54' title='bbox 521 859 685 930; x_wconf 92' lang='lat' dir='ltr'>minantis</span> <span class='ocrx_word' id='word_1_55' title='bbox 700 880 857 948; x_wconf 89' lang='lat' dir='ltr'>poenam,</span> <span class='ocrx_word' id='word_1_56' title='bbox 873 859 1019 949; x_wconf 77' lang='lat' dir='ltr'>gloriam</span> <span class='ocrx_word' id='word_1_57' title='bbox 1037 860 1283 947; x_wconf 85' lang='lat' dir='ltr'>promittentisl</span> 
     </span>
     <span class='ocr_line' id='line_1_8' title="bbox 21 947 1282 1040; baseline 0.004 -26"><span class='ocrx_word' id='word_1_58' title='bbox 21 947 101 1016; x_wconf 89' lang='lat' dir='ltr'>lbsit</span> <span class='ocrx_word' id='word_1_59' title='bbox 114 961 152 1018; x_wconf 89' lang='lat' dir='ltr'>ut</span> <span class='ocrx_word' id='word_1_60' title='bbox 167 949 299 1036; x_wconf 89' lang='lat' dir='ltr'>aliquis</span> <span class='ocrx_word' id='word_1_61' title='bbox 313 961 461 1018; x_wconf 86' lang='lat' dir='ltr'>vestrum</span> <span class='ocrx_word' id='word_1_62' title='bbox 481 949 563 1017; x_wconf 89' lang='lat' dir='ltr'>huic</span> <span class='ocrx_word' id='word_1_63' title='bbox 576 949 668 1018; x_wconf 93' lang='lat' dir='ltr'>idolo</span> <span class='ocrx_word' id='word_1_64' title='bbox 686 947 935 1030; x_wconf 78' lang='lat' dir='ltr'><strong>substernatur,</strong></span> <span class='ocrx_word' id='word_1_65' title='bbox 953 961 991 1018; x_wconf 91' lang='lat' dir='ltr'>ut</span> <span class='ocrx_word' id='word_1_66' title='bbox 1006 948 1116 1018; x_wconf 91' lang='lat' dir='ltr'>lilium</span> <span class='ocrx_word' id='word_1_67' title='bbox 1132 949 1282 1040; x_wconf 86' lang='lat' dir='ltr'>Virginis</span> 
     </span>
     <span class='ocr_line' id='line_1_9' title="bbox 21 1035 1279 1128; baseline 0.003 -27"><span class='ocrx_word' id='word_1_68' title='bbox 21 1035 50 1102; x_wconf 94' lang='lat' dir='ltr'>in</span> <span class='ocrx_word' id='word_1_69' title='bbox 77 1038 211 1108; x_wconf 83' lang='lat' dir='ltr'>Veneris</span> <span class='ocrx_word' id='word_1_70' title='bbox 242 1037 371 1128; x_wconf 92' lang='lat' dir='ltr'>templo</span> <span class='ocrx_word' id='word_1_71' title='bbox 390 1038 568 1128; x_wconf 88' lang='lat' dir='ltr'>suscipiat,</span> <span class='ocrx_word' id='word_1_72' title='bbox 590 1049 628 1107; x_wconf 92' lang='lat' dir='ltr'>ut</span> <span class='ocrx_word' id='word_1_73' title='bbox 652 1058 765 1106; x_wconf 91' lang='lat' dir='ltr'>arcam</span> <span class='ocrx_word' id='word_1_74' title='bbox 786 1037 841 1106; x_wconf 75' lang='lat' dir='ltr'>liei</span> <span class='ocrx_word' id='word_1_75' title='bbox 864 1037 960 1126; x_wconf 83' lang='lat' dir='ltr'>juxta</span> <span class='ocrx_word' id='word_1_76' title='bbox 980 1043 1093 1128; x_wconf 83' lang='lat' dir='ltr'>Dagon</span> <span class='ocrx_word' id='word_1_77' title='bbox 1112 1037 1279 1107; x_wconf 87' lang='lat' dir='ltr'>oollooet:</span> 
     </span>
     <span class='ocr_line' id='line_1_10' title="bbox 21 1126 1280 1216; baseline 0.002 -25"><span class='ocrx_word' id='word_1_78' title='bbox 21 1145 57 1192; x_wconf 88' lang='lat' dir='ltr'>ue</span> <span class='ocrx_word' id='word_1_79' title='bbox 82 1127 230 1196; x_wconf 85' lang='lat' dir='ltr'>nutritus</span> <span class='ocrx_word' id='word_1_80' title='bbox 258 1127 293 1196; x_wconf 94' lang='lat' dir='ltr'>in</span> <span class='ocrx_word' id='word_1_81' title='bbox 321 1127 469 1208; x_wconf 86' lang='lat' dir='ltr'>croceis,</span> <span class='ocrx_word' id='word_1_82' title='bbox 497 1139 644 1196; x_wconf 76' lang='lat' dir='ltr'><strong>stercora</strong></span> <span class='ocrx_word' id='word_1_83' title='bbox 673 1126 932 1216; x_wconf 86' lang='lat' dir='ltr'>complectatur.</span> <span class='ocrx_word' id='word_1_84' title='bbox 966 1127 1053 1209; x_wconf 93' lang='lat' dir='ltr'>Quid</span> <span class='ocrx_word' id='word_1_85' title='bbox 1081 1132 1177 1196; x_wconf 84' lang='lat' dir='ltr'>Petro</span> <span class='ocrx_word' id='word_1_86' title='bbox 1199 1147 1280 1195; x_wconf 91' lang='lat' dir='ltr'>cum</span> 
     </span>
     <span class='ocr_line' id='line_1_11' title="bbox 23 1214 1282 1312; baseline 0.003 -34"><span class='ocrx_word' id='word_1_87' title='bbox 23 1217 122 1312; x_wconf 80' lang='lat' dir='ltr'>ltagol</span> <span class='ocrx_word' id='word_1_88' title='bbox 145 1215 236 1299; x_wconf 84' lang='lat' dir='ltr'>Quid</span> <span class='ocrx_word' id='word_1_89' title='bbox 267 1217 400 1286; x_wconf 92' lang='lat' dir='ltr'>Christo</span> <span class='ocrx_word' id='word_1_90' title='bbox 429 1237 508 1284; x_wconf 89' lang='lat' dir='ltr'>curn</span> <span class='ocrx_word' id='word_1_91' title='bbox 542 1214 770 1284; x_wconf 75' lang='lat' dir='ltr'>Antichristo?</span> <span class='ocrx_word' id='word_1_92' title='bbox 799 1215 886 1298; x_wconf 89' lang='lat' dir='ltr'>Quid</span> <span class='ocrx_word' id='word_1_93' title='bbox 913 1216 1038 1304; x_wconf 79' lang='lat' dir='ltr'>virgini</span> <span class='ocrx_word' id='word_1_94' title='bbox 1064 1226 1095 1284; x_wconf 91' lang='lat' dir='ltr'>et</span> <span class='ocrx_word' id='word_1_95' title='bbox 1120 1214 1282 1286; x_wconf 77' lang='lat' dir='ltr'>libidini?</span> 
     </span>
     <span class='ocr_line' id='line_1_12' title="bbox 25 1301 1284 1398; baseline 0.002 -28"><span class='ocrx_word' id='word_1_96' title='bbox 25 1301 100 1398; x_wconf 77' lang='lat' dir='ltr'>Quid</span> <span class='ocrx_word' id='word_1_97' title='bbox 116 1304 257 1392; x_wconf 91' lang='lat' dir='ltr'>puritati</span> <span class='ocrx_word' id='word_1_98' title='bbox 273 1317 305 1374; x_wconf 88' lang='lat' dir='ltr'>et</span> <span class='ocrx_word' id='word_1_99' title='bbox 322 1305 536 1392; x_wconf 77' lang='lat' dir='ltr'>impuritati?</span> <span class='ocrx_word' id='word_1_100' title='bbox 557 1304 650 1373; x_wconf 82' lang='lat' dir='ltr'>tbstt</span> <span class='ocrx_word' id='word_1_101' title='bbox 674 1317 712 1373; x_wconf 91' lang='lat' dir='ltr'>ut</span> <span class='ocrx_word' id='word_1_102' title='bbox 738 1303 919 1392; x_wconf 87' lang='lat' dir='ltr'>quisquam</span> <span class='ocrx_word' id='word_1_103' title='bbox 952 1315 1100 1373; x_wconf 90' lang='lat' dir='ltr'>vestrum</span> <span class='ocrx_word' id='word_1_104' title='bbox 1129 1303 1284 1374; x_wconf 84' lang='lat' dir='ltr'>ambulet</span> 
     </span>
     <span class='ocr_line' id='line_1_13' title="bbox 24 1392 1282 1483; baseline 0.006 -30"><span class='ocrx_word' id='word_1_105' title='bbox 24 1411 52 1454; x_wconf 93' lang='lat' dir='ltr'>m</span> <span class='ocrx_word' id='word_1_106' title='bbox 71 1393 222 1478; x_wconf 82' lang='lat' dir='ltr'>passione</span> <span class='ocrx_word' id='word_1_107' title='bbox 240 1392 416 1472; x_wconf 88' lang='lat' dir='ltr'>desiderii,</span> <span class='ocrx_word' id='word_1_108' title='bbox 443 1395 533 1463; x_wconf 88' lang='lat' dir='ltr'>siout</span> <span class='ocrx_word' id='word_1_109' title='bbox 556 1405 588 1462; x_wconf 90' lang='lat' dir='ltr'>et</span> <span class='ocrx_word' id='word_1_110' title='bbox 612 1404 740 1483; x_wconf 82' lang='lat' dir='ltr'>gentes,</span> <span class='ocrx_word' id='word_1_111' title='bbox 769 1413 857 1478; x_wconf 88' lang='lat' dir='ltr'>quae</span> <span class='ocrx_word' id='word_1_112' title='bbox 890 1392 1050 1482; x_wconf 85' lang='lat' dir='ltr'>ignorant</span> <span class='ocrx_word' id='word_1_113' title='bbox 1077 1397 1194 1474; x_wconf 83' lang='lat' dir='ltr'>beum,</span> <span class='ocrx_word' id='word_1_114' title='bbox 1221 1393 1282 1480; x_wconf 88' lang='lat' dir='ltr'>qui</span> 
     </span>
     <span class='ocr_line' id='line_1_14' title="bbox 24 1480 1284 1570; baseline 0.005 -26"><span class='ocrx_word' id='word_1_115' title='bbox 24 1497 132 1568; x_wconf 87' lang='lat' dir='ltr'>corpus</span> <span class='ocrx_word' id='word_1_116' title='bbox 146 1481 275 1552; x_wconf 92' lang='lat' dir='ltr'>Christi</span> <span class='ocrx_word' id='word_1_117' title='bbox 290 1494 349 1551; x_wconf 91' lang='lat' dir='ltr'>aut</span> <span class='ocrx_word' id='word_1_118' title='bbox 363 1482 582 1560; x_wconf 87' lang='lat' dir='ltr'>consecratis,</span> <span class='ocrx_word' id='word_1_119' title='bbox 594 1495 653 1551; x_wconf 87' lang='lat' dir='ltr'>aut</span> <span class='ocrx_word' id='word_1_120' title='bbox 665 1480 787 1550; x_wconf 79' lang='lat' dir='ltr'>Christi</span> <span class='ocrx_word' id='word_1_121' title='bbox 805 1481 940 1570; x_wconf 86' lang='lat' dir='ltr'>corpori</span> <span class='ocrx_word' id='word_1_122' title='bbox 953 1481 1167 1562; x_wconf 90' lang='lat' dir='ltr'>ministratis,</span> <span class='ocrx_word' id='word_1_123' title='bbox 1184 1481 1284 1552; x_wconf 88' lang='lat' dir='ltr'>electi</span> 
     </span>
     <span class='ocr_line' id='line_1_15' title="bbox 24 1567 1283 1660; baseline 0.005 -26"><span class='ocrx_word' id='word_1_124' title='bbox 24 1567 131 1637; x_wconf 84' lang='lat' dir='ltr'>servire</span> <span class='ocrx_word' id='word_1_125' title='bbox 150 1570 381 1660; x_wconf 88' lang='lat' dir='ltr'>lrnperatori‚</span> <span class='ocrx_word' id='word_1_126' title='bbox 412 1583 545 1640; x_wconf 86' lang='lat' dir='ltr'>utcum</span> <span class='ocrx_word' id='word_1_127' title='bbox 574 1575 780 1660; x_wconf 84' lang='lat' dir='ltr'>Imperatore</span> <span class='ocrx_word' id='word_1_128' title='bbox 805 1569 962 1651; x_wconf 88' lang='lat' dir='ltr'>sedeatis,</span> <span class='ocrx_word' id='word_1_129' title='bbox 988 1591 1067 1640; x_wconf 91' lang='lat' dir='ltr'>oum</span> <span class='ocrx_word' id='word_1_130' title='bbox 1098 1571 1223 1641; x_wconf 89' lang='lat' dir='ltr'>sederit</span> <span class='ocrx_word' id='word_1_131' title='bbox 1247 1571 1283 1640; x_wconf 93' lang='lat' dir='ltr'>in</span> 
     </span>
     <span class='ocr_line' id='line_1_16' title="bbox 25 1654 1285 1747; baseline 0.007 -26"><span class='ocrx_word' id='word_1_132' title='bbox 25 1654 89 1724; x_wconf 89' lang='lat' dir='ltr'>sede</span> <span class='ocrx_word' id='word_1_133' title='bbox 104 1659 296 1747; x_wconf 85' lang='lat' dir='ltr'>majestatis</span> <span class='ocrx_word' id='word_1_134' title='bbox 311 1681 405 1728; x_wconf 91' lang='lat' dir='ltr'>suae.</span> <span class='ocrx_word' id='word_1_135' title='bbox 432 1665 504 1743; x_wconf 91' lang='lat' dir='ltr'>Qua</span> <span class='ocrx_word' id='word_1_136' title='bbox 525 1657 646 1739; x_wconf 79' lang='lat' dir='ltr'>fronte,</span> <span class='ocrx_word' id='word_1_137' title='bbox 673 1659 801 1745; x_wconf 90' lang='lat' dir='ltr'>quibus</span> <span class='ocrx_word' id='word_1_138' title='bbox 817 1657 928 1728; x_wconf 89' lang='lat' dir='ltr'>oculis</span> <span class='ocrx_word' id='word_1_139' title='bbox 945 1659 1073 1728; x_wconf 89' lang='lat' dir='ltr'>videret</span> <span class='ocrx_word' id='word_1_140' title='bbox 1093 1681 1167 1741; x_wconf 81' lang='lat' dir='ltr'>noe,</span> <span class='ocrx_word' id='word_1_141' title='bbox 1195 1660 1285 1730; x_wconf 86' lang='lat' dir='ltr'>vive·</span> 
     </span>
     <span class='ocr_line' id='line_1_17' title="bbox 27 1747 1283 1834; baseline 0.006 -24"><span class='ocrx_word' id='word_1_142' title='bbox 27 1757 66 1811; x_wconf 89' lang='lat' dir='ltr'>ret</span> <span class='ocrx_word' id='word_1_143' title='bbox 80 1747 269 1830; x_wconf 90' lang='lat' dir='ltr'>nobiscum,</span> <span class='ocrx_word' id='word_1_144' title='bbox 296 1749 356 1834; x_wconf 88' lang='lat' dir='ltr'>qui</span> <span class='ocrx_word' id='word_1_145' title='bbox 377 1749 480 1818; x_wconf 88' lang='lat' dir='ltr'>tantis</span> <span class='ocrx_word' id='word_1_146' title='bbox 495 1749 584 1816; x_wconf 89' lang='lat' dir='ltr'>inter</span> <span class='ocrx_word' id='word_1_147' title='bbox 602 1769 662 1816; x_wconf 89' lang='lat' dir='ltr'>nos</span> <span class='ocrx_word' id='word_1_148' title='bbox 678 1747 968 1817; x_wconf 84' lang='lat' dir='ltr'>obscoenitatibus</span> <span class='ocrx_word' id='word_1_149' title='bbox 988 1747 1197 1818; x_wconf 80' lang='lat' dir='ltr'>deserviret?</span> <span class='ocrx_word' id='word_1_150' title='bbox 1210 1754 1283 1831; x_wconf 90' lang='lat' dir='ltr'>Qua</span> 
     </span>
     <span class='ocr_line' id='line_1_18' title="bbox 29 1834 1285 1923; baseline 0.008 -26"><span class='ocrx_word' id='word_1_151' title='bbox 29 1849 130 1915; x_wconf 88' lang='lat' dir='ltr'>mente,</span> <span class='ocrx_word' id='word_1_152' title='bbox 148 1858 219 1923; x_wconf 90' lang='lat' dir='ltr'>qua</span> <span class='ocrx_word' id='word_1_153' title='bbox 240 1837 451 1907; x_wconf 88' lang='lat' dir='ltr'>conscientia</span> <span class='ocrx_word' id='word_1_154' title='bbox 474 1835 649 1906; x_wconf 91' lang='lat' dir='ltr'>accederet</span> <span class='ocrx_word' id='word_1_155' title='bbox 665 1834 707 1904; x_wconf 95' lang='lat' dir='ltr'>ad</span> <span class='ocrx_word' id='word_1_156' title='bbox 734 1849 1076 1917; x_wconf 86' lang='lat' dir='ltr'>sanctasanctorum,</span> <span class='ocrx_word' id='word_1_157' title='bbox 1104 1837 1285 1907; x_wconf 89' lang='lat' dir='ltr'>immolare</span> 
     </span>
     <span class='ocr_line' id='line_1_19' title="bbox 31 1924 1282 2015; baseline 0.006 -28"><span class='ocrx_word' id='word_1_158' title='bbox 31 1936 164 1994; x_wconf 86' lang='lat' dir='ltr'>sanctum</span> <span class='ocrx_word' id='word_1_159' title='bbox 186 1939 401 2005; x_wconf 89' lang='lat' dir='ltr'>sanctorum,</span> <span class='ocrx_word' id='word_1_160' title='bbox 427 1926 527 2014; x_wconf 90' lang='lat' dir='ltr'>cujus</span> <span class='ocrx_word' id='word_1_161' title='bbox 555 1924 648 1994; x_wconf 86' lang='lat' dir='ltr'>fama</span> <span class='ocrx_word' id='word_1_162' title='bbox 675 1925 968 2015; x_wconf 89' lang='lat' dir='ltr'>contemptibilis,</span> <span class='ocrx_word' id='word_1_163' title='bbox 997 1925 1066 1994; x_wconf 84' lang='lat' dir='ltr'>vita</span> <span class='ocrx_word' id='word_1_164' title='bbox 1098 1925 1282 2006; x_wconf 91' lang='lat' dir='ltr'>notabilis,</span> 
     </span>
     <span class='ocr_line' id='line_1_20' title="bbox 30 2013 1281 2115; baseline 0.004 -39"><span class='ocrx_word' id='word_1_165' title='bbox 30 2031 120 2081; x_wconf 90' lang='lat' dir='ltr'>senno</span> <span class='ocrx_word' id='word_1_166' title='bbox 135 2013 422 2104; x_wconf 89' lang='lat' dir='ltr'>reprehensibilis</span> <span class='ocrx_word' id='word_1_167' title='bbox 445 2013 649 2084; x_wconf 82' lang='lat' dir='ltr'>haberetur?</span> <span class='ocrx_word' id='word_1_168' title='bbox 662 2013 724 2082; x_wconf 88' lang='lat' dir='ltr'>Sed</span> <span class='ocrx_word' id='word_1_169' title='bbox 743 2014 772 2082; x_wconf 92' lang='lat' dir='ltr'>si</span> <span class='ocrx_word' id='word_1_170' title='bbox 790 2013 874 2083; x_wconf 84' lang='lat' dir='ltr'>forte</span> <span class='ocrx_word' id='word_1_171' title='bbox 896 2014 910 2104; x_wconf 85' lang='lat'>(</span> <span class='ocrx_word' id='word_1_172' title='bbox 914 2015 1106 2083; x_wconf 89' lang='lat' dir='ltr'>humanum</span> <span class='ocrx_word' id='word_1_173' title='bbox 1133 2013 1281 2115; x_wconf 90' lang='lat' dir='ltr'>loquor),</span> 
     </span>
     <span class='ocr_line' id='line_1_21' title="bbox 30 2101 1283 2196; baseline 0.002 -28"><span class='ocrx_word' id='word_1_174' title='bbox 30 2113 144 2196; x_wconf 88' lang='lat' dir='ltr'>propter</span> <span class='ocrx_word' id='word_1_175' title='bbox 166 2103 406 2172; x_wconf 79' lang='lat' dir='ltr'>infirmitatem</span> <span class='ocrx_word' id='word_1_176' title='bbox 431 2103 547 2172; x_wconf 89' lang='lat' dir='ltr'>carnis</span> <span class='ocrx_word' id='word_1_177' title='bbox 572 2115 718 2182; x_wconf 88' lang='lat' dir='ltr'>nostrae,</span> <span class='ocrx_word' id='word_1_178' title='bbox 741 2101 868 2190; x_wconf 87' lang='lat' dir='ltr'>aliquis</span> <span class='ocrx_word' id='word_1_179' title='bbox 893 2115 1046 2172; x_wconf 88' lang='lat' dir='ltr'>nostrum</span> <span class='ocrx_word' id='word_1_180' title='bbox 1070 2103 1135 2172; x_wconf 90' lang='lat' dir='ltr'>tale</span> <span class='ocrx_word' id='word_1_181' title='bbox 1151 2102 1283 2189; x_wconf 81' lang='lat' dir='ltr'>aliquid</span> 
     </span>
     <span class='ocr_line' id='line_1_22' title="bbox 30 2190 1285 2281; baseline 0.005 -27"><span class='ocrx_word' id='word_1_182' title='bbox 30 2208 55 2254; x_wconf 87' lang='lat' dir='ltr'>tn</span> <span class='ocrx_word' id='word_1_183' title='bbox 70 2191 224 2263; x_wconf 87' lang='lat' dir='ltr'>cubiculo</span> <span class='ocrx_word' id='word_1_184' title='bbox 239 2191 470 2263; x_wconf 86' lang='lat' dir='ltr'>conscientiae</span> <span class='ocrx_word' id='word_1_185' title='bbox 486 2191 716 2281; x_wconf 86' lang='lat' dir='ltr'>complicavit,</span> <span class='ocrx_word' id='word_1_186' title='bbox 739 2190 885 2281; x_wconf 91' lang='lat' dir='ltr'>deplicet</span> <span class='ocrx_word' id='word_1_187' title='bbox 908 2191 994 2262; x_wconf 93' lang='lat' dir='ltr'>illud</span> <span class='ocrx_word' id='word_1_188' title='bbox 1021 2213 1081 2281; x_wconf 90' lang='lat' dir='ltr'>per</span> <span class='ocrx_word' id='word_1_189' title='bbox 1099 2191 1285 2262; x_wconf 81' lang='lat' dir='ltr'>confessio·</span> 
     </span>
     <span class='ocr_line' id='line_1_23' title="bbox 30 2279 1284 2371; baseline 0.005 -27"><span class='ocrx_word' id='word_1_190' title='bbox 30 2297 90 2347; x_wconf 91' lang='lat' dir='ltr'>nen</span> <span class='ocrx_word' id='word_1_191' title='bbox 114 2293 145 2350; x_wconf 92' lang='lat' dir='ltr'>et</span> <span class='ocrx_word' id='word_1_192' title='bbox 166 2281 429 2371; x_wconf 90' lang='lat' dir='ltr'>poenitentiam,</span> <span class='ocrx_word' id='word_1_193' title='bbox 461 2293 494 2350; x_wconf 89' lang='lat' dir='ltr'>et</span> <span class='ocrx_word' id='word_1_194' title='bbox 521 2303 583 2371; x_wconf 82' lang='lat' dir='ltr'>ego</span> <span class='ocrx_word' id='word_1_195' title='bbox 609 2282 639 2350; x_wconf 92' lang='lat' dir='ltr'>ei</span> <span class='ocrx_word' id='word_1_196' title='bbox 664 2279 708 2350; x_wconf 91' lang='lat' dir='ltr'>de</span> <span class='ocrx_word' id='word_1_197' title='bbox 732 2280 966 2350; x_wconf 89' lang='lat' dir='ltr'>misericordia</span> <span class='ocrx_word' id='word_1_198' title='bbox 988 2281 1159 2350; x_wconf 88' lang='lat' dir='ltr'>nascentis</span> <span class='ocrx_word' id='word_1_199' title='bbox 1186 2281 1284 2371; x_wconf 91' lang='lat' dir='ltr'>pueri</span> 
     </span>
     <span class='ocr_line' id='line_1_24' title="bbox 31 2369 1284 2459; baseline 0.004 -26"><span class='ocrx_word' id='word_1_200' title='bbox 31 2370 217 2454; x_wconf 87' lang='lat' dir='ltr'>repromitto,</span> <span class='ocrx_word' id='word_1_201' title='bbox 238 2371 323 2456; x_wconf 88' lang='lat' dir='ltr'>quia</span> <span class='ocrx_word' id='word_1_202' title='bbox 343 2370 371 2437; x_wconf 90' lang='lat' dir='ltr'>si</span> <span class='ocrx_word' id='word_1_203' title='bbox 389 2369 567 2439; x_wconf 84' lang='lat' dir='ltr'>confessus</span> <span class='ocrx_word' id='word_1_204' title='bbox 582 2369 696 2450; x_wconf 86' lang='lat' dir='ltr'>luerit,</span> <span class='ocrx_word' id='word_1_205' title='bbox 715 2381 748 2438; x_wconf 88' lang='lat' dir='ltr'>et</span> <span class='ocrx_word' id='word_1_206' title='bbox 773 2370 988 2459; x_wconf 90' lang='lat' dir='ltr'>poenituerit,</span> <span class='ocrx_word' id='word_1_207' title='bbox 1017 2384 1176 2440; x_wconf 89' lang='lat' dir='ltr'>nascetur</span> <span class='ocrx_word' id='word_1_208' title='bbox 1191 2370 1227 2439; x_wconf 91' lang='lat' dir='ltr'>in</span> <span class='ocrx_word' id='word_1_209' title='bbox 1244 2391 1284 2438; x_wconf 92' lang='lat' dir='ltr'>eo</span> 
     </span>
     <span class='ocr_line' id='line_1_25' title="bbox 33 2451 1284 2548; baseline 0.008 -28"><span class='ocrx_word' id='word_1_210' title='bbox 33 2451 74 2523; x_wconf 88' lang='lat' dir='ltr'>hu</span> <span class='ocrx_word' id='word_1_211' title='bbox 90 2459 217 2540; x_wconf 92' lang='lat' dir='ltr'>mundi,</span> <span class='ocrx_word' id='word_1_212' title='bbox 238 2469 290 2538; x_wconf 89' lang='lat' dir='ltr'>ut,</span> <span class='ocrx_word' id='word_1_213' title='bbox 309 2457 448 2528; x_wconf 90' lang='lat' dir='ltr'>dimotis</span> <span class='ocrx_word' id='word_1_214' title='bbox 465 2457 646 2528; x_wconf 78' lang='lat' dir='ltr'>fallacibus</span> <span class='ocrx_word' id='word_1_215' title='bbox 667 2455 827 2540; x_wconf 87' lang='lat' dir='ltr'>tenebris,</span> <span class='ocrx_word' id='word_1_216' title='bbox 846 2457 1062 2548; x_wconf 89' lang='lat' dir='ltr'>splendorem</span> <span class='ocrx_word' id='word_1_217' title='bbox 1081 2481 1179 2529; x_wconf 87' lang='lat' dir='ltr'>verae</span> <span class='ocrx_word' id='word_1_218' title='bbox 1196 2457 1284 2530; x_wconf 87' lang='lat' dir='ltr'>lucis</span> 
     </span>
     <span class='ocr_line' id='line_1_26' title="bbox 32 2545 1282 2638; baseline 0.004 -28"><span class='ocrx_word' id='word_1_219' title='bbox 32 2545 165 2638; x_wconf 81' lang='lat' dir='ltr'>¹recipiat.</span> <span class='ocrx_word' id='word_1_220' title='bbox 184 2545 366 2630; x_wconf 82' lang='lat' dir='ltr'>Quomodo</span> <span class='ocrx_word' id='word_1_221' title='bbox 382 2548 474 2617; x_wconf 91' lang='lat' dir='ltr'>enim</span> <span class='ocrx_word' id='word_1_222' title='bbox 493 2548 630 2617; x_wconf 89' lang='lat' dir='ltr'>miseris</span> <span class='ocrx_word' id='word_1_223' title='bbox 648 2547 882 2617; x_wconf 87' lang='lat' dir='ltr'>misericordia</span> <span class='ocrx_word' id='word_1_224' title='bbox 899 2546 962 2617; x_wconf 90' lang='lat' dir='ltr'>hac</span> <span class='ocrx_word' id='word_1_225' title='bbox 978 2560 1075 2617; x_wconf 91' lang='lat' dir='ltr'>nocte</span> <span class='ocrx_word' id='word_1_226' title='bbox 1089 2547 1282 2638; x_wconf 81' lang='lat' dir='ltr'>negabitur,</span> 
     </span>
     <span class='ocr_line' id='line_1_27' title="bbox 32 2635 1284 2719; baseline 0.006 -23"><span class='ocrx_word' id='word_1_227' title='bbox 32 2651 57 2696; x_wconf 85' lang='lat' dir='ltr'>tn</span> <span class='ocrx_word' id='word_1_228' title='bbox 73 2653 133 2719; x_wconf 89' lang='lat' dir='ltr'>qua</span> <span class='ocrx_word' id='word_1_229' title='bbox 150 2636 420 2706; x_wconf 91' lang='lat' dir='ltr'>misericorditer</span> <span class='ocrx_word' id='word_1_230' title='bbox 440 2636 595 2705; x_wconf 90' lang='lat' dir='ltr'>nascitur</span> <span class='ocrx_word' id='word_1_231' title='bbox 614 2635 810 2705; x_wconf 90' lang='lat' dir='ltr'>misericors</span> <span class='ocrx_word' id='word_1_232' title='bbox 833 2649 865 2705; x_wconf 89' lang='lat' dir='ltr'>et</span> <span class='ocrx_word' id='word_1_233' title='bbox 890 2638 1069 2706; x_wconf 88' lang='lat' dir='ltr'>miserator</span> <span class='ocrx_word' id='word_1_234' title='bbox 1094 2637 1284 2705; x_wconf 85' lang='lat' dir='ltr'>Dominusl</span> 
     </span>
     <span class='ocr_line' id='line_1_28' title="bbox 33 2720 1286 2806; baseline 0.006 -21"><span class='ocrx_word' id='word_1_235' title='bbox 33 2720 113 2790; x_wconf 90' lang='lat' dir='ltr'>ldest</span> <span class='ocrx_word' id='word_1_236' title='bbox 125 2728 212 2795; x_wconf 87' lang='lat' dir='ltr'>[teus</span> <span class='ocrx_word' id='word_1_237' title='bbox 229 2737 265 2794; x_wconf 91' lang='lat' dir='ltr'>et</span> <span class='ocrx_word' id='word_1_238' title='bbox 282 2723 395 2804; x_wconf 89' lang='lat' dir='ltr'>bomo,</span> <span class='ocrx_word' id='word_1_239' title='bbox 416 2737 570 2794; x_wconf 88' lang='lat' dir='ltr'>meteret</span> <span class='ocrx_word' id='word_1_240' title='bbox 588 2725 638 2792; x_wconf 83' lang='lat' dir='ltr'>vir</span> <span class='ocrx_word' id='word_1_241' title='bbox 662 2746 694 2805; x_wconf 93' lang='lat' dir='ltr'>o,</span> <span class='ocrx_word' id='word_1_242' title='bbox 714 2747 792 2794; x_wconf 91' lang='lat' dir='ltr'>caro</span> <span class='ocrx_word' id='word_1_243' title='bbox 809 2737 841 2794; x_wconf 90' lang='lat' dir='ltr'>et</span> <span class='ocrx_word' id='word_1_244' title='bbox 858 2727 1012 2806; x_wconf 84' lang='lat' dir='ltr'>verbum,</span> <span class='ocrx_word' id='word_1_245' title='bbox 1035 2725 1092 2794; x_wconf 84' lang='lat' dir='ltr'>lux</span> <span class='ocrx_word' id='word_1_246' title='bbox 1108 2739 1139 2794; x_wconf 91' lang='lat' dir='ltr'>et</span> <span class='ocrx_word' id='word_1_247' title='bbox 1156 2724 1286 2793; x_wconf 91' lang='lat' dir='ltr'>illumi-</span> 
     </span>
     <span class='ocr_line' id='line_1_29' title="bbox 33 2747 1281 2906; baseline 0.007 -33"><span class='ocrx_word' id='word_1_248' title='bbox 33 2813 233 2906; x_wconf 80' lang='lat' dir='ltr'>nans,bonus</span> <span class='ocrx_word' id='word_1_249' title='bbox 249 2825 281 2881; x_wconf 93' lang='lat' dir='ltr'>et</span> <span class='ocrx_word' id='word_1_250' title='bbox 299 2813 443 2893; x_wconf 90' lang='lat' dir='ltr'>bonitas,</span> <span class='ocrx_word' id='word_1_251' title='bbox 455 2747 691 2882; x_wconf 79' lang='lat' dir='ltr'>misericordia</span> <span class='ocrx_word' id='word_1_252' title='bbox 706 2825 738 2882; x_wconf 89' lang='lat' dir='ltr'>et</span> <span class='ocrx_word' id='word_1_253' title='bbox 755 2795 889 2896; x_wconf 74' lang='lat' dir='ltr'>veritas,</span> <span class='ocrx_word' id='word_1_254' title='bbox 910 2813 1077 2883; x_wconf 84' lang='lat' dir='ltr'>foecunda</span> <span class='ocrx_word' id='word_1_255' title='bbox 1090 2815 1281 2906; x_wconf 86' lang='lat' dir='ltr'>virginitas,</span> 
     </span>
     <span class='ocr_line' id='line_1_30' title="bbox 33 2899 1285 2987; baseline 0.01 -27"><span class='ocrx_word' id='word_1_256' title='bbox 33 2899 188 2987; x_wconf 84' lang='lat' dir='ltr'>orginalis</span> <span class='ocrx_word' id='word_1_257' title='bbox 217 2901 457 2983; x_wconf 85' lang='lat' dir='ltr'>foecunditas,</span> <span class='ocrx_word' id='word_1_258' title='bbox 485 2915 623 2971; x_wconf 90' lang='lat' dir='ltr'>aeterna</span> <span class='ocrx_word' id='word_1_259' title='bbox 654 2903 797 2984; x_wconf 86' lang='lat' dir='ltr'>novitas,</span> <span class='ocrx_word' id='word_1_260' title='bbox 829 2924 914 2972; x_wconf 90' lang='lat' dir='ltr'>nova</span> <span class='ocrx_word' id='word_1_261' title='bbox 939 2907 1139 2984; x_wconf 87' lang='lat' dir='ltr'>aeternitas,</span> <span class='ocrx_word' id='word_1_262' title='bbox 1168 2903 1285 2973; x_wconf 88' lang='lat' dir='ltr'>divina</span> 
     </span>
     <span class='ocr_line' id='line_1_31' title="bbox 33 2981 1284 3084; baseline 0.01 -34"><span class='ocrx_word' id='word_1_263' title='bbox 33 2981 221 3084; x_wconf 81' lang='lat' dir='ltr'>hnmanitas,</span> <span class='ocrx_word' id='word_1_264' title='bbox 245 2991 396 3060; x_wconf 92' lang='lat' dir='ltr'>humana</span> <span class='ocrx_word' id='word_1_265' title='bbox 422 2990 596 3072; x_wconf 90' lang='lat' dir='ltr'>divinitas,</span> <span class='ocrx_word' id='word_1_266' title='bbox 619 2991 764 3060; x_wconf 91' lang='lat' dir='ltr'>humilis</span> <span class='ocrx_word' id='word_1_267' title='bbox 782 2991 988 3066; x_wconf 83' lang='lat' dir='ltr'>sublimitas.</span> <span class='ocrx_word' id='word_1_268' title='bbox 1015 3004 1047 3062; x_wconf 91' lang='lat' dir='ltr'>et</span> <span class='ocrx_word' id='word_1_269' title='bbox 1072 2993 1107 3062; x_wconf 93' lang='lat' dir='ltr'>in</span> <span class='ocrx_word' id='word_1_270' title='bbox 1132 2991 1186 3061; x_wconf 95' lang='lat' dir='ltr'>his</span> <span class='ocrx_word' id='word_1_271' title='bbox 1210 3014 1284 3062; x_wconf 87' lang='lat' dir='ltr'>om-</span> 
     </span>
     <span class='ocr_line' id='line_1_32' title="bbox 34 3075 1285 3170; baseline 0.006 -28"><span class='ocrx_word' id='word_1_272' title='bbox 34 3075 119 3170; x_wconf 80' lang='lat' dir='ltr'>nibus</span> <span class='ocrx_word' id='word_1_273' title='bbox 135 3079 370 3148; x_wconf 89' lang='lat' dir='ltr'>misericordia</span> <span class='ocrx_word' id='word_1_274' title='bbox 385 3078 584 3150; x_wconf 82' lang='lat' dir='ltr'>fabricatur.</span> <span class='ocrx_word' id='word_1_275' title='bbox 597 3079 755 3149; x_wconf 82' lang='lat' dir='ltr'>Cohibete</span> <span class='ocrx_word' id='word_1_276' title='bbox 771 3080 878 3169; x_wconf 85' lang='lat' dir='ltr'>igitur</span> <span class='ocrx_word' id='word_1_277' title='bbox 893 3080 1124 3150; x_wconf 85' lang='lat' dir='ltr'>extollentiam</span> <span class='ocrx_word' id='word_1_278' title='bbox 1144 3082 1187 3150; x_wconf 93' lang='lat' dir='ltr'>ab</span> <span class='ocrx_word' id='word_1_279' title='bbox 1202 3103 1285 3151; x_wconf 91' lang='lat' dir='ltr'>ocu·</span> 
     </span>
     <span class='ocr_line' id='line_1_33' title="bbox 35 3160 1286 3259; baseline 0.009 -32"><span class='ocrx_word' id='word_1_280' title='bbox 35 3160 74 3240; x_wconf 75' lang='lat' dir='ltr'>hs,</span> <span class='ocrx_word' id='word_1_281' title='bbox 91 3165 326 3251; x_wconf 87' lang='lat' dir='ltr'>loquacitatem</span> <span class='ocrx_word' id='word_1_282' title='bbox 346 3191 366 3237; x_wconf 94' lang='lat' dir='ltr'>a</span> <span class='ocrx_word' id='word_1_283' title='bbox 383 3167 514 3258; x_wconf 84' lang='lat' dir='ltr'>lingua,</span> <span class='ocrx_word' id='word_1_284' title='bbox 541 3167 778 3238; x_wconf 88' lang='lat' dir='ltr'>crudelitatem</span> <span class='ocrx_word' id='word_1_285' title='bbox 800 3191 819 3238; x_wconf 90' lang='lat' dir='ltr'>a</span> <span class='ocrx_word' id='word_1_286' title='bbox 841 3169 1014 3251; x_wconf 90' lang='lat' dir='ltr'>manibus,</span> <span class='ocrx_word' id='word_1_287' title='bbox 1033 3171 1239 3259; x_wconf 90' lang='lat' dir='ltr'>voluptatem</span> <span class='ocrx_word' id='word_1_288' title='bbox 1265 3191 1286 3238; x_wconf 90' lang='lat' dir='ltr'>a</span> 
     </span>
     <span class='ocr_line' id='line_1_34' title="bbox 37 3246 1285 3348; baseline 0.006 -31"><span class='ocrx_word' id='word_1_289' title='bbox 37 3246 154 3336; x_wconf 90' lang='lat' dir='ltr'>lumbis,</span> <span class='ocrx_word' id='word_1_290' title='bbox 174 3257 279 3346; x_wconf 86' lang='lat' dir='ltr'>pedes</span> <span class='ocrx_word' id='word_1_291' title='bbox 303 3256 346 3326; x_wconf 94' lang='lat' dir='ltr'>ab</span> <span class='ocrx_word' id='word_1_292' title='bbox 370 3257 492 3326; x_wconf 91' lang='lat' dir='ltr'>itinere</span> <span class='ocrx_word' id='word_1_293' title='bbox 517 3279 583 3326; x_wconf 93' lang='lat' dir='ltr'>non</span> <span class='ocrx_word' id='word_1_294' title='bbox 611 3258 700 3336; x_wconf 91' lang='lat' dir='ltr'>trito,</span> <span class='ocrx_word' id='word_1_295' title='bbox 726 3271 758 3326; x_wconf 88' lang='lat' dir='ltr'>et</span> <span class='ocrx_word' id='word_1_296' title='bbox 783 3259 904 3338; x_wconf 86' lang='lat' dir='ltr'>venite,</span> <span class='ocrx_word' id='word_1_297' title='bbox 931 3271 963 3328; x_wconf 88' lang='lat' dir='ltr'>et</span> <span class='ocrx_word' id='word_1_298' title='bbox 987 3259 1228 3348; x_wconf 86' lang='lat' dir='ltr'>arguite-eum,</span> <span class='ocrx_word' id='word_1_299' title='bbox 1256 3259 1285 3326; x_wconf 89' lang='lat' dir='ltr'>si</span> 
     </span>
     <span class='ocr_line' id='line_1_35' title="bbox 37 3343 1285 3437; baseline 0.009 -32"><span class='ocrx_word' id='word_1_300' title='bbox 37 3357 87 3434; x_wconf 88' lang='lat' dir='ltr'>non</span> <span class='ocrx_word' id='word_1_301' title='bbox 102 3343 162 3413; x_wconf 88' lang='lat' dir='ltr'>hac</span> <span class='ocrx_word' id='word_1_302' title='bbox 177 3358 276 3416; x_wconf 89' lang='lat' dir='ltr'>nocte</span> <span class='ocrx_word' id='word_1_303' title='bbox 291 3345 477 3436; x_wconf 88' lang='lat' dir='ltr'>disrumpit</span> <span class='ocrx_word' id='word_1_304' title='bbox 491 3346 616 3425; x_wconf 89' lang='lat' dir='ltr'>coelos,</span> <span class='ocrx_word' id='word_1_305' title='bbox 636 3347 663 3414; x_wconf 93' lang='lat' dir='ltr'>si</span> <span class='ocrx_word' id='word_1_306' title='bbox 682 3368 748 3415; x_wconf 92' lang='lat' dir='ltr'>non</span> <span class='ocrx_word' id='word_1_307' title='bbox 769 3345 946 3416; x_wconf 87' lang='lat' dir='ltr'>descendit</span> <span class='ocrx_word' id='word_1_308' title='bbox 962 3346 1004 3416; x_wconf 89' lang='lat' dir='ltr'>ad</span> <span class='ocrx_word' id='word_1_309' title='bbox 1022 3369 1091 3427; x_wconf 89' lang='lat' dir='ltr'>vos,</span> <span class='ocrx_word' id='word_1_310' title='bbox 1103 3359 1135 3416; x_wconf 91' lang='lat' dir='ltr'>et</span> <span class='ocrx_word' id='word_1_311' title='bbox 1149 3346 1285 3437; x_wconf 87' lang='lat' dir='ltr'>projicit</span> 
     </span>
     <span class='ocr_line' id='line_1_36' title="bbox 39 3431 1285 3528; baseline 0.003 -28"><span class='ocrx_word' id='word_1_312' title='bbox 39 3431 287 3528; x_wconf 83' lang='lat' dir='ltr'>ttprofundum</span> <span class='ocrx_word' id='word_1_313' title='bbox 317 3435 421 3505; x_wconf 90' lang='lat' dir='ltr'>maris</span> <span class='ocrx_word' id='word_1_314' title='bbox 445 3435 562 3505; x_wconf 93' lang='lat' dir='ltr'>omnia</span> <span class='ocrx_word' id='word_1_315' title='bbox 590 3447 726 3524; x_wconf 89' lang='lat' dir='ltr'>peccata</span> <span class='ocrx_word' id='word_1_316' title='bbox 753 3447 873 3504; x_wconf 84' lang='lat' dir='ltr'>vestra.</span> <span class='ocrx_word' id='word_1_317' title='bbox 901 3436 983 3518; x_wconf 91' lang='lat' dir='ltr'>Quis</span> <span class='ocrx_word' id='word_1_318' title='bbox 1007 3437 1098 3504; x_wconf 90' lang='lat' dir='ltr'>enim</span> <span class='ocrx_word' id='word_1_319' title='bbox 1127 3448 1197 3516; x_wconf 91' lang='lat' dir='ltr'>est,</span> <span class='ocrx_word' id='word_1_320' title='bbox 1224 3435 1285 3522; x_wconf 92' lang='lat' dir='ltr'>qui</span> 
     </span>
     <span class='ocr_line' id='line_1_37' title="bbox 40 3511 1308 3604; baseline 0.005 -18"><span class='ocrx_word' id='word_1_321' title='bbox 40 3511 124 3604; x_wconf 68' lang='lat' dir='ltr'>botos</span> <span class='ocrx_word' id='word_1_322' title='bbox 140 3525 225 3594; x_wconf 92' lang='lat' dir='ltr'>tertii</span> <span class='ocrx_word' id='word_1_323' title='bbox 248 3523 349 3592; x_wconf 88' lang='lat' dir='ltr'>rivuli</span> <span class='ocrx_word' id='word_1_324' title='bbox 375 3545 441 3593; x_wconf 94' lang='lat' dir='ltr'>non</span> <span class='ocrx_word' id='word_1_325' title='bbox 464 3524 507 3594; x_wconf 89' lang='lat' dir='ltr'>sit</span> <span class='ocrx_word' id='word_1_326' title='bbox 525 3545 669 3603; x_wconf 88' lang='lat' dir='ltr'>mersus,</span> <span class='ocrx_word' id='word_1_327' title='bbox 687 3537 720 3594; x_wconf 90' lang='lat' dir='ltr'>et</span> <span class='ocrx_word' id='word_1_328' title='bbox 735 3527 907 3593; x_wconf 73' lang='lat' dir='ltr'>remersus</span> <span class='ocrx_word' id='word_1_329' title='bbox 924 3525 1110 3596; x_wconf 79' lang='lat' dir='ltr'>instantia?</span> <span class='ocrx_word' id='word_1_330' title='bbox 1306 3579 1308 3582; x_wconf 92' lang='lat'>.</span> 
     </span>
    </p>

    <p class='ocr_par' dir='ltr' id='par_1_3' title="bbox 44 3607 1371 4504">
     <span class='ocr_line' id='line_1_38' title="bbox 74 3607 1286 3703; baseline 0.007 -27"><span class='ocrx_word' id='word_1_331' title='bbox 74 3607 150 3690; x_wconf 54' lang='lat' dir='ltr'>§a</span> <span class='ocrx_word' id='word_1_332' title='bbox 176 3616 326 3695; x_wconf 84' lang='lat' dir='ltr'>Quartus</span> <span class='ocrx_word' id='word_1_333' title='bbox 345 3613 439 3683; x_wconf 87' lang='lat' dir='ltr'>rivus</span> <span class='ocrx_word' id='word_1_334' title='bbox 462 3625 513 3683; x_wconf 90' lang='lat' dir='ltr'>est</span> <span class='ocrx_word' id='word_1_335' title='bbox 536 3611 689 3681; x_wconf 80' lang='lat' dir='ltr'>defensio</span> <span class='ocrx_word' id='word_1_336' title='bbox 714 3627 945 3703; x_wconf 88' lang='lat' dir='ltr'>peccatorum.</span> <span class='ocrx_word' id='word_1_337' title='bbox 975 3617 1014 3682; x_wconf 91' lang='lat' dir='ltr'>In</span> <span class='ocrx_word' id='word_1_338' title='bbox 1048 3614 1185 3682; x_wconf 86' lang='lat' dir='ltr'>veritate</span> <span class='ocrx_word' id='word_1_339' title='bbox 1210 3611 1286 3684; x_wconf 88' lang='lat' dir='ltr'>dico</span> 
     </span>
     <span class='ocr_line' id='line_1_39' title="bbox 44 3691 1287 3792; baseline 0.015 -38"><span class='ocrx_word' id='word_1_340' title='bbox 44 3691 128 3778; x_wconf 83' lang='lat' dir='ltr'>tobis,</span> <span class='ocrx_word' id='word_1_341' title='bbox 147 3702 225 3788; x_wconf 90' lang='lat' dir='ltr'>quia</span> <span class='ocrx_word' id='word_1_342' title='bbox 256 3700 341 3771; x_wconf 94' lang='lat' dir='ltr'>nihil</span> <span class='ocrx_word' id='word_1_343' title='bbox 367 3701 417 3772; x_wconf 86' lang='lat' dir='ltr'>sic</span> <span class='ocrx_word' id='word_1_344' title='bbox 440 3713 618 3792; x_wconf 84' lang='lat' dir='ltr'>exasperat</span> <span class='ocrx_word' id='word_1_345' title='bbox 637 3702 724 3771; x_wconf 90' lang='lat' dir='ltr'>iram</span> <span class='ocrx_word' id='word_1_346' title='bbox 749 3702 950 3784; x_wconf 88' lang='lat' dir='ltr'>divinitatis,</span> <span class='ocrx_word' id='word_1_347' title='bbox 968 3724 1073 3789; x_wconf 88' lang='lat' dir='ltr'>quam</span> <span class='ocrx_word' id='word_1_348' title='bbox 1095 3703 1287 3790; x_wconf 90' lang='lat' dir='ltr'>iniquitatis</span> 
     </span>
     <span class='ocr_line' id='line_1_40' title="bbox 45 3775 1286 3877; baseline 0.015 -35"><span class='ocrx_word' id='word_1_349' title='bbox 45 3775 180 3864; x_wconf 75' lang='lat' dir='ltr'>defensio.</span> <span class='ocrx_word' id='word_1_350' title='bbox 194 3793 307 3877; x_wconf 74' lang='lat' dir='ltr'>Aequo</span> <span class='ocrx_word' id='word_1_351' title='bbox 319 3791 411 3859; x_wconf 90' lang='lat' dir='ltr'>enim</span> <span class='ocrx_word' id='word_1_352' title='bbox 428 3791 615 3860; x_wconf 87' lang='lat' dir='ltr'>certamine</span> <span class='ocrx_word' id='word_1_353' title='bbox 632 3813 695 3860; x_wconf 92' lang='lat' dir='ltr'>nos</span> <span class='ocrx_word' id='word_1_354' title='bbox 712 3790 928 3861; x_wconf 88' lang='lat' dir='ltr'>decertamus</span> <span class='ocrx_word' id='word_1_355' title='bbox 944 3814 1024 3862; x_wconf 92' lang='lat' dir='ltr'>oum</span> <span class='ocrx_word' id='word_1_356' title='bbox 1039 3791 1286 3871; x_wconf 70' lang='lat' dir='ltr'>Dominarum</span> 
     </span>
     <span class='ocr_line' id='line_1_41' title="bbox 46 3863 1371 3970; baseline 0.007 -31"><span class='ocrx_word' id='word_1_357' title='bbox 46 3863 233 3968; x_wconf 77' lang='lat' dir='ltr'>defendimus</span> <span class='ocrx_word' id='word_1_358' title='bbox 245 3879 335 3966; x_wconf 89' lang='lat' dir='ltr'>qood</span> <span class='ocrx_word' id='word_1_359' title='bbox 351 3878 435 3960; x_wconf 94' lang='lat' dir='ltr'>odit,</span> <span class='ocrx_word' id='word_1_360' title='bbox 453 3901 532 3948; x_wconf 91' lang='lat' dir='ltr'>cum</span> <span class='ocrx_word' id='word_1_361' title='bbox 551 3878 650 3949; x_wconf 90' lang='lat' dir='ltr'>nobis</span> <span class='ocrx_word' id='word_1_362' title='bbox 667 3878 887 3968; x_wconf 79' lang='lat' dir='ltr'>placetquod</span> <span class='ocrx_word' id='word_1_363' title='bbox 906 3879 1067 3970; x_wconf 89' lang='lat' dir='ltr'>displicet</span> <span class='ocrx_word' id='word_1_364' title='bbox 1082 3879 1144 3948; x_wconf 94' lang='lat' dir='ltr'>illi.</span> <span class='ocrx_word' id='word_1_365' title='bbox 1165 3886 1287 3970; x_wconf 82' lang='lat' dir='ltr'>tttagna</span> <span class='ocrx_word' id='word_1_366' title='bbox 1370 3951 1371 3956; x_wconf 62' lang='grc'>,</span> 
     </span>
     <span class='ocr_line' id='line_1_42' title="bbox 48 3965 1285 4070; baseline 0.005 -38"><span class='ocrx_word' id='word_1_367' title='bbox 48 3965 348 4052; x_wconf 79' lang='lat' dir='ltr'>tttppedillerentia</span> <span class='ocrx_word' id='word_1_368' title='bbox 364 3979 415 4037; x_wconf 87' lang='lat' dir='ltr'>est</span> <span class='ocrx_word' id='word_1_369' title='bbox 431 3969 519 4037; x_wconf 89' lang='lat' dir='ltr'>inter</span> <span class='ocrx_word' id='word_1_370' title='bbox 535 3968 723 4070; x_wconf 87' lang='lat' dir='ltr'>superbum</span> <span class='ocrx_word' id='word_1_371' title='bbox 738 3979 770 4037; x_wconf 89' lang='lat' dir='ltr'>et</span> <span class='ocrx_word' id='word_1_372' title='bbox 782 3967 949 4038; x_wconf 92' lang='lat' dir='ltr'>humilem</span> <span class='ocrx_word' id='word_1_373' title='bbox 970 3981 1192 4059; x_wconf 88' lang='lat' dir='ltr'>peccatorem,</span> <span class='ocrx_word' id='word_1_374' title='bbox 1206 3991 1285 4038; x_wconf 90' lang='lat' dir='ltr'>oum</span> 
     </span>
     <span class='ocr_line' id='line_1_43' title="bbox 51 4041 1287 4150; baseline 0.01 -34"><span class='ocrx_word' id='word_1_375' title='bbox 51 4041 123 4116; x_wconf 80' lang='lat' dir='ltr'>llum</span> <span class='ocrx_word' id='word_1_376' title='bbox 143 4052 317 4146; x_wconf 91' lang='lat' dir='ltr'>despiciat,</span> <span class='ocrx_word' id='word_1_377' title='bbox 345 4057 438 4126; x_wconf 91' lang='lat' dir='ltr'>huno</span> <span class='ocrx_word' id='word_1_378' title='bbox 464 4057 637 4146; x_wconf 83' lang='lat' dir='ltr'>respiciat,</span> <span class='ocrx_word' id='word_1_379' title='bbox 663 4057 746 4143; x_wconf 86' lang='lat' dir='ltr'>quia</span> <span class='ocrx_word' id='word_1_380' title='bbox 770 4057 917 4128; x_wconf 81' lang='lat' dir='ltr'>humilio</span> <span class='ocrx_word' id='word_1_381' title='bbox 942 4060 1089 4150; x_wconf 78' lang='lat' dir='ltr'>respicit,</span> <span class='ocrx_word' id='word_1_382' title='bbox 1109 4069 1140 4126; x_wconf 89' lang='lat' dir='ltr'>et</span> <span class='ocrx_word' id='word_1_383' title='bbox 1168 4062 1287 4128; x_wconf 88' lang='lat' dir='ltr'>oltoo</span> 
     </span>
     <span class='ocr_line' id='line_1_44' title="bbox 56 4131 1287 4237; baseline 0.008 -31"><span class='ocrx_word' id='word_1_384' title='bbox 56 4131 124 4228; x_wconf 74' lang='lat' dir='ltr'>loppa</span> <span class='ocrx_word' id='word_1_385' title='bbox 137 4165 170 4212; x_wconf 89' lang='lat' dir='ltr'>co</span> <span class='ocrx_word' id='word_1_386' title='bbox 193 4147 296 4214; x_wconf 82' lang='lat' dir='ltr'>noscit</span> <span class='ocrx_word' id='word_1_387' title='bbox 307 4145 376 4234; x_wconf 82' lang='lat' dir='ltr'>(Pr.</span> <span class='ocrx_word' id='word_1_388' title='bbox 390 4145 477 4235; x_wconf 82' lang='lat' dir='ltr'>tat).</span> <span class='ocrx_word' id='word_1_389' title='bbox 489 4143 634 4229; x_wconf 92' lang='lat' dir='ltr'>Quando</span> <span class='ocrx_word' id='word_1_390' title='bbox 650 4147 765 4216; x_wconf 91' lang='lat' dir='ltr'>sanari</span> <span class='ocrx_word' id='word_1_391' title='bbox 781 4148 912 4236; x_wconf 88' lang='lat' dir='ltr'>poterit,</span> <span class='ocrx_word' id='word_1_392' title='bbox 930 4149 991 4234; x_wconf 93' lang='lat' dir='ltr'>qui</span> <span class='ocrx_word' id='word_1_393' title='bbox 1006 4145 1177 4216; x_wconf 91' lang='lat' dir='ltr'>medicum</span> <span class='ocrx_word' id='word_1_394' title='bbox 1192 4168 1287 4237; x_wconf 91' lang='lat' dir='ltr'>sper·</span> 
     </span>
     <span class='ocr_line' id='line_1_45' title="bbox 55 4233 1283 4310; baseline 0.005 -9"><span class='ocrx_word' id='word_1_395' title='bbox 55 4233 97 4301; x_wconf 87' lang='lat' dir='ltr'>nt,</span> <span class='ocrx_word' id='word_1_396' title='bbox 111 4247 157 4298; x_wconf 88' lang='lat' dir='ltr'>me</span> <span class='ocrx_word' id='word_1_397' title='bbox 180 4233 306 4302; x_wconf 90' lang='lat' dir='ltr'>icinam</span> <span class='ocrx_word' id='word_1_398' title='bbox 322 4233 513 4310; x_wconf 83' lang='lat' dir='ltr'>conculcat,</span> <span class='ocrx_word' id='word_1_399' title='bbox 530 4247 563 4304; x_wconf 91' lang='lat' dir='ltr'>et</span> <span class='ocrx_word' id='word_1_400' title='bbox 580 4235 753 4304; x_wconf 89' lang='lat' dir='ltr'>infirmam</span> <span class='ocrx_word' id='word_1_401' title='bbox 777 4235 1005 4306; x_wconf 86' lang='lat' dir='ltr'>substantiam</span> <span class='ocrx_word' id='word_1_402' title='bbox 1031 4236 1283 4307; x_wconf 88' lang='lat' dir='ltr'>contrariorum</span> 
     </span>
     <span class='ocr_line' id='line_1_46' title="bbox 60 4319 1286 4408; baseline 0.008 -23"><span class='ocrx_word' id='word_1_403' title='bbox 60 4319 213 4402; x_wconf 77' lang='lat' dir='ltr'>neptune</span> <span class='ocrx_word' id='word_1_404' title='bbox 225 4321 426 4392; x_wconf 87' lang='lat' dir='ltr'>succenditl</span> <span class='ocrx_word' id='word_1_405' title='bbox 437 4327 486 4392; x_wconf 85' lang='lat' dir='ltr'>Tu</span> <span class='ocrx_word' id='word_1_406' title='bbox 497 4322 585 4392; x_wconf 90' lang='lat' dir='ltr'>diois</span> <span class='ocrx_word' id='word_1_407' title='bbox 598 4323 726 4393; x_wconf 89' lang='lat' dir='ltr'>malum</span> <span class='ocrx_word' id='word_1_408' title='bbox 739 4324 881 4405; x_wconf 91' lang='lat' dir='ltr'>bonum,</span> <span class='ocrx_word' id='word_1_409' title='bbox 893 4346 1051 4395; x_wconf 92' lang='lat' dir='ltr'>amarum</span> <span class='ocrx_word' id='word_1_410' title='bbox 1066 4324 1179 4408; x_wconf 91' lang='lat' dir='ltr'>dulce,</span> <span class='ocrx_word' id='word_1_411' title='bbox 1194 4340 1286 4395; x_wconf 87' lang='lat' dir='ltr'>tene-</span> 
     </span>
     <span class='ocr_line' id='line_1_47' title="bbox 60 4387 1283 4504; baseline 0.011 -31"><span class='ocrx_word' id='word_1_412' title='bbox 60 4387 115 4470; x_wconf 65' lang='lat' dir='ltr'>bras</span> <span class='ocrx_word' id='word_1_413' title='bbox 127 4403 241 4495; x_wconf 88' lang='lat' dir='ltr'>luceru,</span> <span class='ocrx_word' id='word_1_414' title='bbox 259 4424 292 4482; x_wconf 90' lang='lat' dir='ltr'>et</span> <span class='ocrx_word' id='word_1_415' title='bbox 308 4413 344 4481; x_wconf 93' lang='lat' dir='ltr'>in</span> <span class='ocrx_word' id='word_1_416' title='bbox 362 4415 550 4483; x_wconf 81' lang='lat' dir='ltr'>Creatorem</span> <span class='ocrx_word' id='word_1_417' title='bbox 570 4411 725 4482; x_wconf 77' lang='lat' dir='ltr'>refundis</span> <span class='ocrx_word' id='word_1_418' title='bbox 741 4413 900 4504; x_wconf 90' lang='lat' dir='ltr'>injurias,</span> <span class='ocrx_word' id='word_1_419' title='bbox 918 4427 956 4484; x_wconf 92' lang='lat' dir='ltr'>ut</span> <span class='ocrx_word' id='word_1_420' title='bbox 972 4411 1283 4502; x_wconf 88' lang='lat' dir='ltr'>quodlaudaverit,</span> 
     </span>
    </p>
   </div>
   <div class='ocr_carea' id='block_1_3' title="bbox 0 0 1493 4816">
    <p class='ocr_par' dir='ltr' id='par_1_4' title="bbox 0 0 1493 4816">
     <span class='ocr_line' id='line_1_48' title="bbox 0 0 1493 4816; baseline 0 0"><span class='ocrx_word' id='word_1_421' title='bbox 0 0 1493 4816; x_wconf 95' lang='lat' dir='ltr'> </span> 
     </span>
    </p>
   </div>
  </div>
 </body>
</html>
