2972 4826
79 271 172 334 liet
316 291 355 338 nn
378 291 406 338 s.
432 289 588 338 nnoaosm
613 292 662 336 ar.
691 291 817 338 anoton.
846 293 890 338 er
908 291 996 339 nour.
1189 277 1251 339 etto

76 372 111 440 lis
127 373 332 455 interveniret,
352 395 438 460 quos
454 386 589 444 renatos
607 375 794 444 invenerat.
811 375 1008 445 Obsecravit
1030 376 1141 463 primo
1158 377 1296 467 scriptis

76 465 295 549 imperatorem,
323 463 428 534 misso
460 462 627 532 diacono:
664 476 780 552 postea
819 483 1028 552 veroquam
1064 464 1215 534 directus
1247 479 1298 536 est

71 553 192 632 loannes,
217 563 294 620 tunc
319 553 481 622 tribunus
504 565 537 622 et
557 553 724 634 notarius,
743 553 803 640 qui
830 575 923 623 rrunc
948 551 1141 642 praefectus
1165 567 1227 636 est,
1254 554 1297 624 ad

72 639 208 708 tuitionem
224 661 352 722 eorum,
374 642 433 728 qui
450 639 490 709 ad
516 641 696 710 ecelesiam
723 641 961 732 confugerant,
979 643 1081 711 etiam
1107 643 1181 743 ipse
1196 643 1298 733 Aqui-

72 724 141 814 lejam
164 729 310 816 perrexit,
340 743 542 818 precaturus
567 751 628 818 pro
644 730 712 799 eis:
732 731 860 817 quibus
877 730 976 799 lacile
994 731 1090 800 venia
1118 745 1298 822 impetrata

71 829 110 895 est,
129 817 198 903 quia
216 818 529 889 christianissimus
553 823 753 908 Imperator,
782 819 982 908 provolutus
1007 819 1154 911 pedibus
1186 843 1299 891 sacer·

69 901 140 984 dotis,
164 907 341 978 testabatur
370 907 500 977 meritis
529 919 562 976 et
589 907 805 978 orationibus
837 909 911 998 ejus
943 930 979 977 se
1003 931 1078 980 esse
1110 923 1296 978 servatum.

68 996 210 1066 Revertens
226 997 339 1083 itaque
363 996 405 1065 de
420 998 507 1066 urbe
530 996 750 1087 Aquileiensi,
769 1018 839 1066 uno
863 997 919 1066 die
944 998 1127 1086 praecessit
1147 1002 1299 1087 Impera-

66 1092 154 1150 torem.
170 1087 230 1152 llec
253 1084 315 1154 diu
338 1084 628 1155 clementissimae
649 1085 833 1156 memoriae
859 1085 1070 1157 Theodosius
1094 1091 1297 1176 Imperator,

65 1173 198 1260 susceptis
215 1173 294 1244 filiis
318 1173 355 1242 in
380 1173 523 1244 ecelesia
547 1187 580 1242 et
600 1173 733 1243 traditis
758 1174 937 1256 sacerdoti,
969 1176 1003 1244 in
1025 1175 1089 1258 bae
1121 1175 1197 1245 luce
1221 1175 1297 1245 suit.

66 1261 121 1327 Post
137 1261 226 1351 cujus
249 1261 382 1332 obitum
398 1262 467 1332 fere
484 1263 670 1333 triennium
687 1264 884 1353 supervixit.
905 1269 978 1346 Quo
995 1265 1029 1333 in
1056 1277 1207 1354 tempore
1220 1286 1300 1334 san·

64 1347 96 1414 cti
112 1351 225 1420 llaaarii
241 1352 405 1441 martyris
421 1373 558 1442 corpus,
584 1351 675 1441 quod
696 1365 768 1421 erat
792 1354 826 1421 in
847 1353 944 1422 horto
965 1353 1114 1442 positum
1140 1367 1232 1423 extra
1253 1355 1301 1424 oi-

64 1435 180 1520 ritatem,
204 1440 368 1523 levatum,
394 1439 437 1509 ad
461 1440 640 1510 basilicam
661 1441 912 1530 Apostolorum,
932 1463 1019 1528 quae
1043 1455 1094 1512 est
1118 1446 1298 1523 Romana,

61 1527 212 1596 transtulit.
238 1529 398 1599 Vidimus
422 1541 535 1599 autem
554 1529 588 1597 in
615 1529 791 1620 sepulcro,
814 1551 883 1617 quo
902 1531 1039 1620 jacebat
1062 1553 1189 1620 corpus
1214 1537 1302 1600 Μει-

62 1615 203 1706 tyris(qui
218 1618 362 1704 quando
381 1618 425 1689 sit
440 1639 575 1708 passus
593 1639 703 1706 usque
723 1619 757 1688 in
783 1618 989 1688 hodiernum
1006 1617 1096 1688 diem
1118 1620 1206 1690 seire
1233 1641 1301 1688 non

61 1705 228 1796 possumus)
249 1708 459 1797 sanguinem
486 1706 648 1808 martyris
680 1707 724 1776 ita
752 1719 942 1789 recentem,
978 1707 1078 1794 quasi
1102 1707 1220 1777 eodem
1246 1708 1302 1778 die

60 1789 154 1863 luisset
173 1795 315 1868 effusus.
333 1800 440 1885 Caput
456 1795 558 1864 etiam
573 1808 619 1866 rta
642 1795 815 1887 integrum
841 1809 943 1884 atque
963 1796 1202 1886 incorruptum
1221 1819 1300 1866 cum

57 1881 166 1969 capillis
182 1885 306 1974 capitis
322 1896 424 1972 atque
448 1885 571 1966 barba,
601 1899 638 1954 ut
664 1885 763 1955 nobis
790 1885 962 1955 videretur
988 1884 1107 1954 eodem
1137 1897 1299 2041 tempore,

58 1989 108 2052 quo
124 1971 302 2056 letabatur,
332 1972 438 2044 lotum
457 1985 560 2061 atque
576 1995 650 2042 eom
678 1975 804 2044 ositum
822 1975 856 2042 in
882 1973 1053 2064 sepulcro.
1077 1978 1115 2043 Et
1139 1975 1197 2060 qui
1238 1975 1302 2043 nni·

58 2061 139 2127 rom?
156 2061 435 2149 quandoquidem
466 2062 632 2132 Dominus
656 1997 719 2132 boc
739 2064 773 2130 in
800 2062 983 2152 Evangelio
1007 2073 1085 2130 ante
1118 2062 1300 2150 promisit,

58 2147 125 2230 qnod
146 2151 290 2240 capillus
317 2150 493 2241 decapite
523 2171 641 2222 eorum
668 2173 735 2221 non
774 2153 909 2240 periret.
937 2153 1044 2220 Etiam
1081 2151 1185 2220 odore
1209 2163 1303 2220 tanto

60 2235 148 2324 repleti
161 2261 297 2321 sumus,
317 2251 356 2309 ut
378 2241 534 2309 omniurn
560 2251 752 2310 aromatum
776 2241 924 2310 vinceret
948 2242 1162 2309 suavitatem.
1184 2244 1303 2308 Levato

62 2343 167 2413 corpore
190 2328 355 2429 ltartyris
378 2340 410 2397 et
436 2328 470 2396 in
507 2329 626 2398 lectica
655 2329 867 2418 composito,
895 2329 1008 2398 statim
1035 2328 1076 2397 ad
1104 2333 1136 2398 S.
1166 2327 1302 2398 Celsum

66 2427 225 2505 martyrem,
252 2439 318 2506 qur
334 2417 369 2485 in
394 2416 510 2486 eodem
537 2417 635 2486 horto
652 2417 784 2506 positus
800 2429 862 2498 est,
890 2439 968 2487 cum
991 2433 1109 2488 saneto
1125 2417 1305 2487 Sacerdote

64 2499 277 2576 adorationem
303 2506 529 2592 perreximus.
556 2511 738 2596 Nunquam
760 2519 869 2575 tamen
890 2505 988 2576 illum
1014 2519 1111 2575 antea
1129 2527 1244 2577 orasse
1270 2506 1303 2573 in

60 2589 146 2660 mdem
162 2594 249 2678 loeo,
272 2609 488 2683 compertum
515 2594 695 2664 babemus.
729 2594 790 2664 Sed
815 2594 878 2663 boc
905 2608 976 2664 erat
1003 2595 1141 2686 signum
1167 2593 1306 2664 revelati

56 2681 194 2770 llartyris,
220 2687 251 2753 si
274 2696 419 2752 sanctus
432 2683 597 2752 Sacerdos
613 2682 654 2752 ad
675 2682 801 2764 locum,
821 2684 862 2753 ad
880 2704 982 2771 quem
1009 2705 1187 2770 nunquam
1206 2695 1306 2752 antea

53 2765 141 2838 luerat
156 2787 307 2853 oratum,
329 2773 420 2842 isset.
449 2773 678 2862 Cognovimus
696 2784 807 2842 tamen
829 2795 848 2841 a
877 2772 1080 2842 custodibus
1098 2772 1163 2841 loci
1181 2772 1303 2862 ipsius,

50 2858 156 2940 quoda
178 2861 396 2950 parentibus,
424 2859 493 2929 illis
517 2861 682 2930 traditum
703 2861 763 2942 sit,
791 2881 857 2936 non
880 2860 1055 2930 discedere
1079 2861 1122 2930 de
1147 2860 1221 2932 loco
1247 2859 1306 2930 illo

51 2965 244 3030 peromnem
287 2949 519 3020 onerationem
541 2962 574 3019 et
590 2949 787 3039 progeniem
807 2971 963 3031 suorum,
986 2972 1025 3020 eo
1045 2950 1135 3037 quod
1156 2949 1306 3020 thesauri

49 3037 147 3124 magni
163 3037 197 3107 in
218 3060 238 3108 e
289 3059 343 3106 em
371 3037 444 3107 loco
462 3038 563 3128 positi
578 3050 703 3107 essent.
730 3042 768 3106 Et
792 3059 869 3108 vere
886 3039 1003 3129 magni
1029 3038 1193 3122 thesauri,
1220 3059 1307 3124 quos

49 3144 102 3191 nmo
124 3149 250 3218 aerugo
278 3148 389 3214 neque
407 3127 497 3196 tinea
520 3127 734 3208 exterminat,
755 3148 864 3214 neque
887 3125 981 3197 lares
1005 3125 1173 3196 ellodiunt
1196 3140 1229 3196 et
1252 3124 1269 3194 l
1293 3165 1308 3176 ·

47 3225 161 3296 rantum
179 3217 267 3304 quia
286 3229 404 3286 eustos
420 3237 537 3285 eorum
565 3215 719 3286 Christus
733 3227 795 3293 est,
817 3228 850 3284 et
865 3214 962 3286 locus
981 3237 1099 3284 eorum
1126 3213 1207 3284 aula
1230 3235 1306 3313 eoe-

47 3298 145 3374 lestis:
171 3305 304 3392 quibus
322 3305 432 3374 virere
447 3305 601 3376 Christus
620 3302 696 3385 luit,
718 3316 751 3372 et
772 3303 1026 3374 morilucrum.
1045 3301 1222 3372 Translate
1245 3315 1308 3370 rta-

45 3408 99 3472 que
121 3413 265 3484 corpore
281 3393 440 3481 Martyris
464 3393 506 3463 ad
528 3391 706 3462 basilicam
723 3392 974 3481 Apostolorum,
992 3392 1053 3462 ubi
1080 3391 1211 3480 pridem
1228 3411 1308 3459 san-

44 3491 161 3550 ctorum
186 3481 429 3572 Apostolorum
455 3481 620 3568 reliquiae
644 3501 780 3552 summa
805 3481 961 3550 omnium
981 3479 1159 3550 devotione
1180 3480 1309 3569 positae

45 3562 188 3650 lucrant,
218 3593 301 3640 eum
328 3582 486 3640 tractaret
520 3570 733 3660 Episcopus,
760 3569 901 3656 quidam
926 3570 970 3637 de
998 3569 1126 3728 populo
1159 3567 1309 3657 repletus

44 3657 155 3742 spiritu
178 3659 378 3738 immundo,
401 3659 551 3728 clamare
574 3660 686 3748 coepit
703 3680 739 3728 se
754 3657 905 3746 torqueri
922 3657 965 3726 ab
981 3662 1040 3728 Am
1071 3657 1171 3728 rosio.
1198 3660 1236 3726 ιι
1252 3655 1309 3726 ιιιε

45 3763 219 3818 conversus
245 3747 288 3816 ad
306 3769 398 3828 eum,
418 3748 481 3817 ait:
509 3747 759 3829 «Obmutesoe,
786 3745 945 3816 diabole:
972 3747 1054 3834 quia
1082 3768 1150 3817 uon
1187 3757 1217 3816 te
1242 3759 1310 3817 tor-

45 3849 113 3915 quet
127 3836 344 3918 Ambrosius,
371 3836 429 3905 sed
448 3836 534 3906 fides
558 3848 754 3906 sanctorum
773 3848 806 3905 et
821 3833 951 3904 invidia
975 3847 1045 3917 tua,
1072 3835 1236 3924 quoniam
1252 3835 1311 3903 illo

46 3921 128 3992 rides
151 3925 341 3995 ascendere
365 3925 541 4007 homines,
569 3925 662 3994 unde
686 3937 722 3994 tu
742 3924 894 4013 dejectus
910 3945 969 3993 es:
998 3946 1076 3992 nam
1112 3923 1312 3994 ambrosius

47 4012 142 4082 nescit
159 4013 287 4083 inflari.
310 4037 328 4080 o
348 4017 421 4096 Quo
436 4013 539 4094 dicto,
566 4013 624 4082 ille
648 4014 708 4100 qui
733 4013 914 4093 clamabat,
943 4013 1134 4094 obmutuit,
1162 4027 1312 4102 prostra-

49 4107 159 4201 tusque
183 4102 219 4170 in
238 4113 362 4172 terram
379 4115 440 4185 est,
467 4125 529 4174 nec
554 4102 705 4192 amplius
731 4123 859 4182 vocem,
886 4123 953 4188 qua
968 4101 1163 4192 obstrepere
1185 4115 1309 4192 posset,

50 4201 161 4259 cmrsrt.

86 4278 189 4362 ιη
218 4283 281 4348 Per
303 4279 394 4348 idem
428 4292 575 4368 tempus,
603 4299 681 4348 cum
708 4277 910 4349 consulatus
941 4280 994 4349 sui
1021 4291 1171 4369 tempore
1200 4284 1314 4368 lmpe-

57 4375 132 4435 rator
147 4368 324 4438 Honorius
340 4370 374 4436 in
392 4369 477 4438 urbe
490 4367 733 4438 Mediolanensi
753 4368 957 4458 Libycarum
974 4367 1123 4440 serarum
1141 4367 1315 4438 exhiberet

121 4488 268 4545 surius·
289 4486 373 4548 Vitae
387 4484 439 4550 SS.
454 4520 467 4532 ·
481 4485 550 4549 Vol.
566 4483 631 4546 Xll.
1205 4483 1241 4543 ll
