2994 4832
60 295 160 364 llCt
388 317 430 364 ne
456 316 484 363 s.
510 315 635 364 tuncrus
659 315 808 364 necuim.
836 312 947 364 coion.
1201 301 1263 366 lot

58 399 218 490 populum,
247 411 278 469 st
304 401 413 489 pauci
444 400 502 470 alii
528 401 722 471 luminibus
747 412 829 470 sunt
850 401 986 481 orbati,
1017 402 1175 471 nonnulli
1202 405 1308 494 virgis

55 490 123 559 cresi
138 511 176 558 ac
190 488 336 569 detonsi,
352 511 478 559 ornnes
494 491 697 581 gravissimo
721 490 769 558 rei
791 488 975 559 familiaris
992 489 1120 560 damno
1136 491 1306 574 mulctati,

53 591 133 665 atquc
153 577 403 669 jusJurandum
429 579 511 649 dare
535 577 720 669 compulsi,
740 578 831 666 quod
856 578 1021 669 deinceps
1041 579 1308 739 drchicpiscopo

51 668 197 736 ciuitatem
220 678 343 737 contra
362 668 521 738 omniunt
542 667 724 737 hominurn
743 667 953 750 violentiam,
972 681 1142 756 quantum
1159 670 1257 741 consi
1277 672 1308 739 io

50 755 187 826 etermis
202 768 353 846 possent,
371 755 583 826 vindicaturi
607 769 733 839 essent,
753 769 785 826 et
801 757 950 844 eosqui
974 779 1014 826 ex
1036 758 1124 827 urbs
1144 757 1307 848 profuge-

50 857 120 926 rant,
143 844 254 932 quoad
272 844 379 936 digne
403 845 669 946 Archiepiscopo
685 844 942 926 satisfecissent,
970 866 1107 935 semper
1132 868 1194 936 pro
1218 847 1307 917 inle-

48 934 190 1004 stissimis
206 934 365 1004 hostibus
383 935 549 1004 habituri.
570 939 619 1004 lta
639 935 809 1004 civitatem
832 956 894 1036 pro
918 934 1115 1005 diversitate
1141 937 1305 1026 partium,

46 1037 70 1091 et
89 1023 198 1094 luctus
217 1024 347 1113 pariter
366 1036 399 1093 et
417 1022 544 1094 laetitia
569 1034 765 1105 tenuerunt,
783 1023 862 1093 aliis
887 1024 921 1093 in
948 1045 1108 1113 regressu
1134 1025 1309 1115 pontilicis

46 1113 128 1198 ejecti
139 1113 250 1198 justas
273 1111 442 1182 audaciae
466 1134 549 1182 suae
566 1133 694 1203 poenas
719 1112 907 1196 luentibus,
935 1112 1013 1181 aliis
1035 1112 1160 1202 dignos
1184 1135 1306 1184 conso-

46 1199 166 1272 lationis
181 1221 265 1270 suac
284 1201 410 1272 choros
426 1201 700 1272 instituentibus.
720 1201 896 1290 Siquidem
915 1222 982 1270 non
1001 1202 1036 1270 in
1054 1201 1140 1271 urbe
1156 1215 1304 1285 tentum,

46 1289 93 1358 sed
115 1303 146 1360 ct
166 1290 381 1377 ubicumque
397 1289 495 1360 locus
514 1289 727 1374 exhibendae
752 1291 983 1379 processionis
1008 1290 1227 1370 offerebatur,
1257 1293 1304 1362 ibi

47 1392 109 1468 post
133 1380 231 1448 istam
256 1377 387 1448 samam
413 1377 537 1448 Christi
565 1378 741 1450 consessor
764 1380 799 1447 in
826 1379 967 1470 hymnis
991 1391 1023 1448 et
1047 1380 1192 1450 canticis
1216 1381 1308 1450 velut

46 1467 178 1568 augelus
189 1481 354 1556 exceptus
370 1479 432 1549 est,
453 1468 712 1537 necimmerito.
728 1468 811 1551 Quis
825 1488 976 1554 namque
990 1481 1089 1558 neget
1102 1489 1180 1538 eunt
1196 1491 1305 1540 unum

44 1555 1308 1646 ertllisangelisfuisse,dequibusperllalachiamdiciturzhabiosaccr-

46 1646 122 1714 dotis
137 1647 320 1714 cutodiunt
336 1647 523 1727 scientiam,
541 1656 573 1715 ct
589 1649 601 1715 l
644 1669 696 1715 cm
710 1669 746 1716 rc
768 1648 887 1715 scirent
904 1669 949 1714 cco
968 1668 1025 1716 ore
1040 1647 1133 1736 ejus:
1149 1649 1232 1736 quio
1248 1671 1307 1717 aa·
1418 1661 1426 1683 ⁹

48 1736 135 1822 qclm
155 1737 285 1804 mmihi
306 1736 520 1804 caeercituum
544 1745 592 1803 cst
632 1739 713 1826 Cap.
728 1670 791 1827 ul?
808 1734 912 1819 Cujus
937 1746 1013 1824 post
1035 1733 1118 1804 baec
1136 1733 1307 1824 lacrymas

48 1825 77 1889 iu
98 1843 233 1892 ascensu
262 1823 316 1892 vel
341 1823 509 1892 descensu
538 1823 653 1893 dilecti
682 1823 747 1894 sibi
772 1823 900 1892 montis
926 1821 1064 1902 effusas,
1088 1822 1151 1903 illi,
1178 1823 1307 1911 quibus

52 1909 92 1978 ihi
108 1912 256 1992 servitur,
283 1925 317 1981 et
334 1911 506 1993 viderunt,
532 1925 564 1981 et
581 1911 734 1982 miserati
754 1924 836 1981 sunt
861 1912 992 1980 sancti:
1019 1932 1166 1998 quorum
1191 1914 1307 2003 pietati

55 2015 237 2084 conquestus
273 2023 375 2082 eam,
406 2023 524 2088 quam,
558 2023 575 2069 a
608 2002 681 2071 suis
710 2000 853 2082 tulerat,
885 1999 1155 2080 contumeliam,
1187 2022 1307 2071 omnes

61 2086 97 2153 ad
118 2087 216 2157 haurn
236 2091 351 2168 traxit,
369 2111 456 2177 quos
481 2088 530 2157 vel
548 2111 589 2158 cx
604 2089 707 2170 clero,
727 2089 776 2158 vel
803 2111 842 2160 er
868 2089 997 2180 populo
1012 2088 1156 2178 contigit
1171 2090 1303 2159 adesse.

63 2178 239 2247 Leraremnt
263 2192 380 2248 autern
410 2193 443 2247 et
468 2178 626 2248 monachi
658 2178 784 2269 pariter
811 2199 907 2248 voces
936 2199 1029 2258 suas,
1058 2189 1090 2246 et
1118 2176 1304 2248 redivivam

60 2261 294 2337 desiderabilem
320 2267 444 2336 faciem
462 2267 536 2354 cyus
564 2265 848 2424 contemplantes
866 2267 1019 2336 universi
1051 2267 1304 2357 personabant:

60 2357 133 2420 ale
148 2369 244 2424 nostra
271 2356 442 2426 vocabant
466 2356 628 2446 suspiria,
648 2368 679 2425 te
716 2378 797 2446 arga
823 2355 1043 2444 requirebant
1067 2354 1241 2424 lamenta:
1271 2370 1308 2426 tu

57 2438 197 2512 sactuscs
210 2467 289 2536 spes
314 2444 516 2534 desperatis,
537 2467 662 2536 magna
681 2444 869 2515 consolatio
886 2446 920 2514 itt
938 2445 1128 2515 tormentis.
1148 2468 1166 2512 a
1184 2445 1307 2515 ludie-

52 2530 165 2602 bantur
184 2533 265 2604 haec
290 2535 327 2602 in
352 2533 508 2614 excelsis,
536 2545 569 2603 ct
599 2535 719 2621 utique
752 2533 962 2604 credendum
994 2545 1045 2603 est
1076 2546 1143 2604 tarn
1170 2556 1302 2616 eorum,

48 2639 125 2704 quae
139 2623 361 2702 canebantur,
381 2621 575 2702 dulcedine,
595 2643 700 2710 quant
721 2623 892 2693 sacrificio
909 2622 1140 2712 lacrymarum
1157 2623 1308 2694 oblecta·

46 2721 121 2792 tum,
143 2731 256 2780 revera
281 2711 331 2780 ibi
355 2711 528 2781 Christum
555 2711 720 2792 adfuisse,
748 2713 837 2782 sicut
861 2724 893 2780 et
919 2712 992 2800 ipse
1017 2713 1198 2802 promisit,
1227 2733 1307 2782 cunt

44 2798 105 2880 ait:
133 2801 190 2869 Ubi
209 2811 288 2869 sunt
308 2801 374 2870 dcto
389 2803 444 2870 vel
469 2810 535 2870 tres
558 2803 808 2891 congregatim
826 2803 959 2870 nentina
984 2823 1068 2881 mco,
1098 2802 1148 2870 -iltt'
1171 2824 1246 2871 sum
1273 2803 1309 2869 in

42 2887 266 2958 mediocantus
291 2890 423 2970 (natta.
444 2888 550 2977 xviri).
577 2893 752 2959 Caeterum
777 2889 859 2977 quia
884 2889 1064 2959 nonnullis
1084 2891 1186 2959 etiam
1206 2888 1306 2960 bonis

44 2975 233 3048 scandtdum
256 2977 394 3068 ingerit,
410 2976 502 3064 quod
531 2977 564 3045 in
587 2977 751 3047 ultionem
778 2979 861 3047 tanti
880 2978 955 3058 viri,
976 2992 1043 3048 tato
1063 2999 1161 3048 saeva
1179 2978 1307 3048 dieitur

42 3063 244 3136 redundasse
268 3065 458 3155 castigatio,
477 3065 726 3156 agravissimis
750 3065 886 3154 fideque
903 3067 1018 3156 dignis
1036 3067 1194 3156 personis
1214 3066 1308 3136 testi-

41 3155 186 3224 monium
212 3154 405 3236 habentus,
438 3175 517 3223 eum
547 3175 627 3224 cum
653 3156 878 3226 sacramentis
904 3155 1077 3224 multoties
1097 3153 1301 3237 ellirmasse,

41 3261 129 3312 suain
154 3245 401 3312 conscientiam
427 3243 470 3312 ab
495 3243 559 3313 hac
577 3243 759 3333 tyrannide
776 3265 918 3334 pmrsus
933 3244 1149 3312 immunem:
1176 3245 1306 3331 quippe

39 3331 133 3418 cujus
157 3353 219 3402 nec
239 3331 355 3412 officii,
376 3354 437 3402 nec
462 3331 647 3402 voluntatis
667 3343 757 3404 esset
776 3353 944 3420 unquam,
965 3330 1056 3400 ultra
1083 3330 1169 3420 legis
1194 3332 1308 3400 Eccle-

39 3419 188 3490 siasticae
200 3423 282 3510 y'ura
307 3421 493 3491 vindictum
513 3443 654 3490 suarum
674 3420 881 3508 injuriarum
900 3420 1093 3490 extendere.
1117 3427 1189 3503 Qua
1213 3418 1255 3486 de
1274 3441 1308 3488 re

39 3509 210 3579 contrahat
233 3531 273 3580 os
297 3531 401 3580 suunt
428 3509 580 3580 invidust
603 3510 758 3580 cuicum
788 3529 900 3578 sermo
927 3510 982 3592 sit,
1001 3509 1045 3579 ab
1072 3509 1147 3599 ejus
1173 3506 1308 3577 tumulo
1348 3579 1354 3592 ,

40 3617 150 3668 caecos
163 3597 369 3689 plerumque
383 3597 494 3668 redire
510 3620 589 3668 cunt
606 3597 749 3680 lumine,
762 3599 846 3668 solet
858 3599 1019 3688 objicere,
1034 3598 1145 3686 magis
1159 3607 1305 3684 ereptos,

39 3705 135 3770 quam
151 3686 304 3758 redditos
322 3707 382 3776 per
396 3709 473 3758 eum
499 3687 630 3758 oculos.
649 3691 716 3758 Nec
734 3689 874 3768 mirum,
903 3709 982 3757 curn
1008 3698 1040 3756 et
1064 3692 1201 3776 Moysen
1225 3705 1308 3754 san-

40 3785 139 3854 ctum,
155 3775 367 3846 homicidam
388 3777 544 3846 nonnulli
562 3776 817 3866 blasphement.

81 3863 200 3952 §ete
226 3870 306 3935 Post
330 3863 413 3934 haec
437 3887 516 3934 curn
542 3869 743 3954 Imperator,
770 3865 939 3934 celebrata
965 3863 1120 3934 Pascbali
1146 3863 1310 3933 solemni-

42 3961 103 4018 tate
125 3952 157 4020 in
175 3954 380 4044 babinberg,
408 3953 629 4043 Ratisponam
656 3954 705 4022 ire
720 3952 981 4043 disposuisset,
1011 3972 1032 4021 a
1059 3953 1185 4023 nuncio
1211 3953 1310 4022 lictae

44 4035 212 4127 legationis
235 4041 391 4124 audivit,
418 4041 647 4112 Wilhelmum
674 4053 901 4132 cognomento
927 4041 1154 4122 bastardum,
1183 4047 1308 4142 Regem

46 4129 237 4218 lnglcmm‚
269 4132 314 4202 ab
343 4129 606 4221 hrohicpiscopo
631 4130 823 4202 Coloniensi
849 4153 936 4200 vana
962 4129 1209 4222 pollicitatione
1233 4129 1308 4200 ille-

47 4225 143 4302 ctum,
167 4241 245 4291 curn
272 4241 400 4312 magno
426 4221 577 4290 exercitu
603 4219 808 4301 adventare,
837 4221 934 4312 regni
955 4221 1070 4290 sedern
1104 4219 1308 4308 Aquisgrani

47 4323 202 4395 occupare
224 4323 397 4398 paratum.
418 4314 512 4378 Tunc
529 4313 597 4378 Rex
622 4309 760 4378 territus
780 4323 849 4380 tam
870 4309 974 4378 atroci
1001 4309 1142 4387 nuncio,
1162 4305 1203 4375 ad
1221 4307 1306 4405 Rhe-

49 4409 124 4461 nuru
151 4399 302 4470 concitus
334 4397 518 4476 remeavit,
552 4396 783 4468 celebritatem
816 4403 1033 4467 Pentecosten
1067 4397 1101 4464 in
1133 4399 1309 4484 lloguntta
