2954 4816
34 293 107 358 ude.
129 295 167 357 25
431 313 468 358 nu
500 311 527 358 s.
555 309 693 358 unarum
718 311 862 357 uaarrar
1174 293 1232 357 bit

33 417 152 464 carnem
170 407 263 485 pater
286 396 479 487 Philippus,
498 395 640 465 Claudia
660 407 773 465 autem
791 394 877 464 mibi
891 405 1022 464 mater:
1043 404 1075 462 et
1093 393 1215 464 fratres
1233 394 1280 475 hi,

31 487 81 571 qui
97 497 201 554 tecum
218 483 347 566 sedent,
369 486 484 555 bhitas
503 495 535 554 et
553 484 704 574 Sergius.
724 489 793 574 Ego
809 505 886 553 vero
906 505 984 553 sum
1000 495 1058 552 tua
1083 482 1155 552 iiiia
1175 488 1283 640 Eupa-

32 575 96 642 nia:
118 595 298 660 quaecum
319 575 519 644 universum
546 572 730 655 mundum,
755 586 790 641 et
804 593 893 659 quae
910 583 991 644 sunt
1008 571 1041 640 in
1070 571 1213 652 mundo,
1246 595 1283 641 a·

30 663 86 732 ciis
105 663 283 744 exuissem,
310 684 372 754 pro
395 661 558 733 omnibus
584 660 696 731 solum
725 660 824 730 indui
855 660 1040 731 Christum.
1068 665 1153 730 Ecce
1179 661 1281 730 etiam

29 773 105 838 quos
119 752 209 821 tides
224 753 423 833 Eunuchos,
450 751 475 820 ii
497 765 578 820 sunt
595 756 716 820 Protus
741 762 773 820 et
789 750 1016 839 Hyacinthus,
1044 749 1104 838 qui
1140 749 1225 819 mibi
1252 762 1284 818 et

30 841 186 910 doctrinae
201 853 234 910 et
259 841 357 922 vitae,
374 852 528 928 quaeest
546 860 586 909 er
610 838 754 917 Christo,
773 837 868 910 suere
885 839 981 908 socii.
1010 859 1029 904 a
1252 900 1256 908 .

68 931 84 1014 ξ
106 934 178 1001 ²8.
205 929 364 999 Nondum
381 927 525 999 orationi
543 927 647 997 finem
673 929 895 1017 imposuerat,
913 940 946 997 et
966 939 1106 1017 pateret
1122 925 1283 996 similiter

30 1017 263 1100 etiamiratres‚
289 1039 368 1088 cum
390 1018 527 1110 partim,
554 1016 693 1104 quidem
722 1038 761 1086 ex
791 1017 833 1085 iis
856 1037 944 1104 quae
968 1016 1122 1085 dicebat:
1158 1016 1282 1104 partim

31 1119 141 1186 autem,
167 1119 269 1194 atque
292 1107 377 1176 adeo
405 1105 647 1196 multomagis
674 1127 714 1174 ex
738 1106 848 1196 signis
874 1127 961 1194 quae
984 1115 1082 1174 erant
1111 1104 1147 1172 in
1172 1103 1281 1183 vultu,

33 1194 320 1282 deprehendissent
344 1195 516 1265 veritatem
533 1194 759 1284 (agnoverant
781 1194 873 1264 enim
894 1195 1020 1263 ineam
1043 1193 1207 1285 conjectis
1223 1213 1284 1259 cu-

36 1283 141 1356 riosius
155 1284 278 1364 oculis,
298 1286 388 1354 banc
403 1284 515 1374 ipsam
533 1305 607 1353 esse
632 1283 848 1372 Eugenium),
874 1283 923 1351 eis
944 1304 1002 1352 cor
1021 1282 1161 1369 quidem
1188 1281 1284 1350 volu-

35 1383 112 1460 ptate
131 1373 307 1453 ineffabili,
340 1393 420 1462 prae
448 1371 620 1460 voluptate
644 1388 756 1441 autem
792 1371 1013 1440 manantibus
1044 1370 1207 1460 iacrymis
1233 1392 1284 1440 re·

33 1459 153 1548 pientur
165 1461 269 1532 oculi.
285 1461 499 1532 bcindecum
510 1481 584 1529 eam
597 1459 993 1530 sustulissentinsolium
1009 1459 1190 1540 Praesidis,
1208 1480 1282 1548 pro·

32 1550 197 1638 pemodum
215 1551 250 1619 in
269 1550 380 1640 ipsam
397 1552 491 1640 ipsas
506 1548 730 1618 effundebant
745 1549 891 1628 animae,
911 1549 990 1618 etei
1008 1570 1111 1618 suum
1129 1567 1280 1618 amorem

32 1637 272 1727 dispertiebant,
294 1640 374 1709 binc
390 1651 497 1729 pater,
519 1638 616 1708 iliinc
632 1637 765 1708 fratres:
793 1651 826 1706 et
842 1637 910 1708 alia
926 1650 1074 1726 exparte
1091 1653 1197 1707 mater
1209 1637 1284 1726 (ad-

33 1729 195 1798 eratenim
215 1730 291 1818 ipsa
314 1749 463 1816 quoque,
489 1749 568 1796 cum
590 1727 623 1795 id
640 1726 844 1814 didicisset);
861 1739 894 1796 et
910 1727 1032 1816 partim
1050 1725 1279 1814 amplexibus,

34 1818 138 1970 partim
164 1818 277 1886 verbis
300 1818 498 1886 amantibus
522 1818 610 1884 inter
634 1837 669 1885 se
693 1816 956 1896 contendebant,
983 1835 1151 1901 quaenam
1179 1837 1284 1882 mem-

55 1925 81 1972 ra
105 1907 239 1993 quidem
274 1928 340 1975 non
365 1905 632 1995 amplectentes?
656 1905 742 1987 Quid
773 1919 887 1973 autem
919 1925 986 1974 non
1020 1904 1197 1992 patientes,
1227 1917 1284 1972 aut

37 2013 89 2060 uun
103 2008 237 2084 ugentes
254 2017 293 2064 ex
313 1995 436 2063 laetitia
457 1993 644 2065 ineffabili?
673 2005 732 2062 aut
755 1992 838 2079 quid
867 2013 999 2072 eorum,
1026 2013 1114 2078 quae
1132 1992 1285 2080 volupta-

35 2095 86 2149 tem
103 2085 206 2152 animi
224 2083 432 2174 significant,
450 2094 607 2152 caventes
622 2081 733 2151 facere
757 2093 896 2173 propter
913 2079 1194 2150 multitudinem?
1219 2084 1285 2148 Ma·

55 2171 178 2242 istratus
193 2173 285 2241 enim
301 2173 523 2262 majestatem,
539 2182 686 2240 ettotam
702 2169 811 2252 iilam,
825 2191 915 2258 quae
926 2191 964 2239 er
981 2168 1158 2259 dignitatis
1174 2167 1285 2256 splen·

36 2191 247 2341 demoritur,
276 2262 474 2352 gravitatem
504 2258 688 2349 superabat
717 2271 852 2340 natura,
885 2270 918 2328 et
942 2270 1059 2360 aperte
1086 2256 1282 2346 repellebat.

40 2345 216 2444 hiemabant
240 2349 354 2438 itaque
379 2362 552 2436 tamquam
578 2349 695 2418 divino
724 2347 840 2418 furore
870 2347 986 2430 afflatr,
1020 2351 1099 2437 lpsa
1121 2358 1172 2415 est
1201 2345 1282 2426 filia,

40 2455 98 2522 tpsa
117 2453 165 2508 est
180 2459 295 2508 soror:
326 2438 505 2508 oculorum
525 2436 693 2527 voluptas,
724 2439 839 2526 imago
859 2437 1013 2505 animae:
1039 2456 1142 2524 quam
1173 2435 1287 2503 eristi-

37 2527 185 2596 mrvimus
206 2525 313 2596 fuisse
328 2551 347 2596 a
365 2526 433 2595 diis
453 2538 606 2614 raptam:
629 2547 732 2612 quam
757 2547 817 2594 uos
837 2547 903 2595 non
923 2526 1086 2606 videntes,
1109 2545 1151 2592 ne
1173 2524 1285 2592 videre

35 2613 152 2696 quidem
174 2615 283 2685 iucem
302 2616 444 2684 omnino
464 2615 708 2683 sustinuimus.
729 2618 818 2682 Haec
835 2614 983 2704 populus
999 2634 1136 2701 quoque
1156 2612 1286 2680 scilicet

35 2701 159 2774 audieus
181 2717 214 2773 et
238 2704 376 2773 videns:
398 2708 523 2773 «Unus
541 2709 628 2772 [taus
651 2716 702 2790 est
722 2725 822 2772 verus
851 2703 1017 2782 Christus,
1038 2725 1056 2769 a
1075 2702 1283 2770 clamabant.

35 2790 229 2879 Quicumque.
258 2806 372 2862 autem
398 2813 438 2861 ex
468 2791 669 2861 Christianis
697 2791 798 2880 paulo
815 2790 875 2860 dili
903 2791 1093 2860 entioribus
1112 2803 1286 2879 exspecta-

34 2875 111 2958 bant,
134 2893 173 2950 ut
187 2894 262 2973 post
287 2895 441 2961 mortem,
462 2894 652 2970 martyrum
674 2901 816 2969 corpora
842 2814 1008 2962 tuderent,
1036 2890 1067 2949 et
1083 2879 1286 2948 convenien-

35 2975 88 3034 tem
110 2970 156 3038 eis
174 2983 332 3060 pararent
351 2969 578 3058 sepulturam,
607 2970 629 3037 ii
647 2991 725 3038 cum
754 2969 945 3040 audiissent
971 2981 1039 3038 tam
1071 2969 1284 3058 repentinam

35 3055 176 3127 Praefecti
191 3071 223 3128 et
239 3059 359 3148 populi
388 3059 625 3138 mutationem,
652 3079 731 3126 cum
762 3058 872 3128 turbis
898 3057 1104 3147 prosiliunt:
1136 3059 1215 3140 Quis
1240 3067 1287 3125 est

35 3161 169 3232 utapnus,
191 3150 277 3217 sicut
297 3152 384 3216 Deus
414 3147 642 3235 notter(Psal.
676 3145 748 3232 76)?
772 3147 837 3215 aba
870 3167 950 3215 voce
988 3147 1191 3225 clamantes;
1225 3147 1291 3228 Qui

37 3237 143 3304 recator
154 3237 327 3414 propende
350 3247 380 3304 et
404 3239 546 3314 occulta,
567 3245 598 3304 et
619 3237 653 3302 tir
668 3237 798 3304 astutio
822 3236 1209 3336 ipsorutrtuapprehendt't
1232 3257 1288 3302 sa·
1393 3288 1397 3294 .

36 3321 141 3414 pientes
168 3331 207 3394 Jo
245 3323 289 3482 tp.
314 3329 409 3394 Pater
429 3336 541 3393 autem
572 3345 651 3393 cum
682 3324 821 3392 invitam
852 3327 1038 3413 Eugcnram
1068 3344 1172 3392 aurea
1198 3334 1288 3392 veste

38 3408 186 3482 tuduisset
207 3413 264 3504 (vo
279 3414 356 3482 ebat
371 3414 462 3481 enim
490 3433 610 3482 omnes
632 3433 707 3481 esse
727 3434 809 3481 suae
841 3412 1024 3501 participes
1050 3410 1221 3500 laetitiae),
1252 3412 1286 3479 in

38 3493 91 3566 rita
111 3522 181 3571 eam
198 3502 278 3573 sede
294 3501 483 3581 collocavit,
502 3514 534 3570 et
551 3500 640 3581 tecit,
662 3513 699 3570 ut
723 3501 895 3570 videretur
912 3502 955 3570 ab
978 3501 1153 3569 omnibus

72 3586 179 3670 §u
207 3595 290 3660 Dum
317 3591 400 3676 haec
428 3603 541 3659 autem
568 3589 787 3680 gerebantur,
817 3591 889 3680 ipse
912 3611 1061 3676 quoque,
1088 3589 1145 3676 qui
1178 3598 1228 3656 est
1252 3587 1286 3655 in

39 3673 114 3744 coelo
130 3681 225 3760 heus,
245 3691 304 3748 aut
319 3695 358 3750 ut
374 3679 488 3769 potius
503 3678 615 3747 dicam
633 3701 712 3747 eum
730 3678 847 3746 divino
867 3680 944 3759 tob,
963 3679 1026 3761 Qui
1047 3678 1168 3746 eratin
1185 3675 1289 3746 coelis
1313 3687 1314 3692 ’

41 3762 115 3852 testis
142 3768 332 3856 Eugeniae,
366 3768 430 3852 Qui
455 3779 527 3836 erat
557 3768 590 3835 in
616 3766 722 3835 coelis
753 3768 829 3854 ejus
854 3769 1037 3838 conscius:
1069 3765 1287 3855 ¹repentinum

42 3865 132 3999 tpuem
148 3853 295 3946 desuper
310 3855 499 3943 jaculatus,
518 3855 723 3925 Melanthiae
740 3856 881 3924 domum
900 3855 1117 3945 consumpsit
1133 3853 1286 3924 omnino.

43 3934 119 4007 iiam
142 3945 231 4014 enirn
257 3958 394 4014 aeterno
419 3945 613 4014 reservavit.
632 3949 702 4014 Hoc
716 3959 830 4014 autem
849 3943 978 4014 sactum
997 3944 1118 4026 effecit,
1136 3955 1174 4012 ut
1190 3941 1289 4011 multi

42 4041 293 4102 eotrterterentur
309 4035 350 4103 ad
378 4035 567 4103 veritatem.
598 4035 756 4102 Protinus
780 4055 860 4121 ergo
884 4055 903 4101 a
924 4033 1127 4103 Christianis
1141 4030 1292 4102 celebra-

42 4105 122 4183 betur
142 4118 263 4190 festum
288 4143 485 4204 commune,
508 4135 540 4191 et
562 4122 665 4212 longa
692 4133 821 4191 mutata
841 4134 891 4189 est
917 4123 1064 4197 tristitia.
1084 4143 1163 4190 cum
1189 4124 1289 4190 Prae-

45 4191 129 4272 iectus
149 4210 285 4295 quidem
308 4211 412 4281 simul
433 4233 512 4292 ¹cum
535 4210 604 4280 filia
623 4211 810 4279 invenisset
828 4211 999 4298 pietatem,
1012 4225 1044 4280 et
1057 4210 1098 4279 ad
1116 4209 1287 4280 Christum

48 4294 225 4378 recessisset,
251 4312 282 4370 et
306 4313 424 4370 sancto
449 4300 570 4369 fuisset
594 4299 799 4389 obsignatus
832 4300 1059 4400 baptismate:
1087 4297 1290 4368 Christianis

51 4387 106 4445 tero
127 4389 276 4470 protinus
302 4410 419 4459 sacrae
444 4388 598 4458 redditae
623 4401 739 4458 essent
764 4387 994 4468 accresceret
1018 4388 1054 4470 ii,
1082 4409 1168 4475 quos
1193 4387 1290 4477 prius
