2994 4832
52 253 140 318 llll
358 272 401 317 nn
427 273 457 318 S.
488 271 616 320 annona
638 271 787 320 saturne.
815 271 926 320 conon.
1197 257 1238 320 89

62 355 287 438 nrilicationem,
301 377 364 446 per
374 357 803 447 continuosqnadraginta
812 355 885 425 dies
896 355 1086 445 quamlibet
1099 355 1283 428 lactantem

61 447 148 522 abere,
164 445 262 532 cujus
277 445 446 516 manibus
462 467 589 533 aquam
616 447 797 536 praehens
820 445 964 535 ipsemet
982 445 1084 535 pedes
1100 467 1139 516 ac
1157 467 1282 517 manus

47 533 148 622 parvuli
175 534 263 614 larit,
289 555 442 622 moxque
465 534 556 604 datis
576 535 773 615 alimentis,
803 533 952 604 solidum
979 555 1089 603 unum
1120 536 1280 624 porrexit.

45 627 123 710 Super
143 623 222 692 haec
243 633 277 692 et
305 623 564 692 xenodochium
594 623 753 694 Coloniae
783 621 986 704 construxit,
1021 621 1217 713 languidos,
1251 636 1286 694 et

45 711 162 793 debiles,
188 725 220 780 et
242 713 339 781 omni
373 711 557 782 destitutos
581 712 702 782 solatio
733 711 818 782 illuc
848 711 1015 793 inferens,
1042 711 1216 800 deputatis
1241 713 1283 782 ad

44 820 131 868 arom
160 800 316 869 subsidia
338 801 554 888 quotidianis
586 800 780 958 stipendiis.
807 805 989 887 Nunquam
1026 821 1212 891 pauperem
1250 823 1286 871 se

43 887 252 958 inclamantem
282 889 412 978 absque
442 890 619 959 misericor
645 891 676 959 ia
702 889 909 980 praeterivit,
933 911 1113 975 nunqnam
1145 889 1286 960 veniens

41 975 69 1044 ad
82 977 289 1047 invisendum
305 999 443 1069 egenos,
464 979 653 1049 monachos
673 979 724 1046 vel
745 977 942 1058 canonicos
962 977 1093 1064 absque
1109 977 1287 1049 charitatis

41 1065 113 1154 larga
133 1089 238 1136 manu
260 1067 436 1136 remeavit.
465 1072 552 1136 Sane
580 1067 615 1136 in
640 1089 746 1138 coena
776 1067 953 1136 [lominica
981 1087 1083 1153 quam
1118 1067 1285 1157 prodigus

40 1152 128 1235 luerit,
144 1155 359 1244 superfluum
384 1166 437 1224 est
452 1177 653 1240 memorare,
679 1177 758 1224 cum
778 1177 840 1224 nec
858 1175 983 1245 parcus
1006 1153 1152 1241 quilibet
1174 1177 1214 1224 ea
1229 1155 1286 1226 dio

42 1264 155 1312 nanum
179 1244 330 1313 retrahat
345 1244 389 1313 ab
405 1243 635 1335 eleemosyna.
656 1245 718 1315 His
734 1244 898 1314 omnibus
914 1243 1125 1313 antecellunt
1141 1265 1286 1315 numero

40 1341 62 1398 et
74 1331 297 1413 admiratione,
315 1354 405 1421 quae
425 1353 485 1422 per
502 1346 688 1402 nocturnas
702 1333 870 1414 tenebras,
890 1331 963 1401 solo
979 1337 1044 1402 neo
1065 1344 1157 1414 teste,
1179 1334 1283 1402 raris·

40 1420 116 1490 simis
136 1421 350 1492 secretalium
372 1443 516 1492 suorum
541 1423 718 1491 dumtaxat
741 1423 902 1578 exceptis,
917 1434 1079 1508 operatus
1104 1435 1176 1492 est:
1203 1443 1282 1490 cum

39 1509 207 1592 quibus,nt
233 1510 365 1579 dictum
394 1521 456 1590 est,
484 1522 588 1580 noctu
608 1525 804 1581 sanctorum
846 1510 950 1578 imina
975 1510 1159 1591 circuiens,
1187 1533 1283 1598 pere-

40 1598 136 1683 qnnos
149 1599 320 1685 atquibus
337 1617 406 1668 non
422 1610 494 1668 erat
509 1611 646 1680 tectum,
662 1600 695 1667 in
711 1598 912 1688 porticibus,
923 1599 957 1666 in
968 1595 1111 1688 'angulis
1127 1599 1285 1686 vasisque

42 1685 160 1756 vinariis
182 1710 239 1777 per
262 1687 394 1777 plateas
417 1688 591 1778 expositis,
612 1701 784 1758 scrutatus
807 1699 877 1756 est:
903 1707 992 1774 quos
1016 1689 1173 1757 inventos
1194 1689 1286 1778 pavit

40 1787 122 1859 atque
144 1777 279 1856 vestivit,
298 1775 401 1845 allato
422 1797 538 1845 secum
566 1797 626 1865 pro
651 1777 714 1845 hoc
741 1777 816 1866 ipso
841 1775 933 1846 victu
957 1789 989 1845 et
1014 1777 1149 1846 vestitu.

75 1864 150 1948 §lb
167 1869 252 1935 llaec
268 1865 376 1954 igitur
400 1864 601 1952 quotidiana
624 1867 696 1934 viro
721 1866 778 1934 Dei
803 1865 999 1943 institutio,
1026 1865 1110 1934 haec
1133 1867 1285 1936 incessa-

46 1947 110 2019 bilis
129 1953 324 2034 sollicitudo,
354 1954 410 2022 hic
435 1953 542 2036 labor,
570 1955 633 2025 hoc
653 1953 821 2024 studium.
841 1957 995 2039 Cumque
1012 1953 1090 2024 talis
1104 1967 1203 2036 esset,
1223 1955 1283 2042 qui

48 2037 231 2112 verbisbeati
253 2043 318 2112 lob
337 2041 451 2112 dicere
478 2056 610 2132 posset:
638 2045 760 2112 Oculus
779 2043 835 2132 sui
857 2065 964 2123 cocco,
996 2052 1028 2111 et
1050 2065 1109 2133 pes
1130 2045 1279 2112 claudo:

49 2137 219 2212 patuerunt
238 2153 451 2221 pauperum,
474 2143 504 2200 et
533 2155 588 2200 cor
612 2133 737 2200 viduae
757 2134 945 2201 consolatus
962 2153 1059 2200 tum:
1080 2141 1111 2200 et
1139 2154 1214 2199 cunt
1236 2153 1285 2200 se·

52 2213 141 2282 deren
164 2223 249 2308 quasi
271 2243 340 2288 rem
359 2223 594 2290 circumstante
617 2223 782 2299 excercitu,
810 2243 904 2289 cram
924 2231 1036 2288 tumen
1066 2222 1285 2288 moerentium

49 2308 217 2376 comolotor:
236 2310 320 2400 quic
344 2310 385 2376 cb
408 2311 557 2396 infautia
579 2311 682 2378 crevit
708 2331 838 2377 mecum
861 2310 1044 2388 miseratio,
1074 2318 1104 2376 ct
1129 2309 1169 2376 de
1191 2319 1287 2378 utero

46 2411 157 2478 eqressc
171 2408 211 2466 est
233 2419 363 2467 mecum
382 2397 456 2486 (tot
480 2419 556 2467 xxix
575 2408 606 2466 et
626 2397 737 2485 xxa1);
763 2397 1045 2486 conspirantibus
1073 2396 1283 2483 quibusdem

42 2483 164 2552 aemulis
183 2486 357 2571 iustitiae,
384 2506 532 2572 quornm
564 2487 736 2572 nequitiae
763 2485 949 2576 complices
983 2483 1152 2572 hodieque
1181 2484 1284 2554 fidem

39 2567 178 2661 derogant
200 2574 355 2643 hunonis
372 2575 556 2654 sanctitati,
582 2573 731 2660 quadam
758 2587 855 2642 nocte
879 2573 921 2642 ad
947 2573 1076 2644 similia
1095 2573 1285 2643 devotionis

39 2677 105 2726 snae
125 2683 221 2751 opera
248 2683 465 2752 progressus,
492 2663 637 2734 insidias
656 2684 840 2753 perpessus
863 2675 925 2732 est.
953 2665 1093 2732 Furioso
1109 2663 1286 2732 enimim-

36 2760 103 2830 pota
124 2752 311 2821 venientem
340 2751 552 2833 invadentes,
579 2751 690 2821 furem
715 2752 1002 2832 criminabantur,
1029 2751 1230 2840 objicientes
1255 2763 1287 2820 ct

32 2833 100 2912 alia,
121 2861 266 2925 qnorum
290 2841 357 2929 ipsi
373 2839 512 2910 sibimet
534 2841 676 2921 conscii,
703 2841 737 2908 in
763 2839 911 2909 alienam
930 2841 1184 2930 sugillationem
1211 2840 1287 2911 sine

32 2921 215 2999 difficultate
241 2941 398 3019 poterant
416 2949 609 3019 erumpere.
634 2934 673 2998 ht
692 2929 794 2998 sociis
819 2929 978 3019 Episcopi
1003 2928 1086 2999 haec
1104 2929 1289 2999 refellenti-

30 3011 106 3094 bus,
130 3031 162 3086 et
188 3017 411 3107 sacrilegium
443 3039 517 3088 esse
541 3017 758 3097 dicentibus,
792 3017 956 3087 clericum
982 3019 1147 3088 orationis
1175 3019 1285 3106 gratid

29 3113 247 3176 transeuntem
268 3105 325 3175 his
352 3105 516 3178 conviciis
532 3107 601 3196 agi,
631 3105 680 3174 illi
704 3105 949 3195 procacissimo
980 3127 1142 3197 responso
1168 3107 1287 3175 lictum

28 3207 222 3279 arguentes,
253 3215 295 3264 ac
327 3193 501 3283 prioribus
534 3195 650 3283 pejora
681 3195 924 3284 subjicientes,
957 3194 1086 3284 linguis
1113 3194 1287 3262 venenatis

29 3299 140 3352 manus
164 3283 334 3373 sanguine
352 3282 471 3374 plenas
487 3307 564 3352 mox
579 3283 833 3372 adjunxerunt:
861 3303 929 3352 non
955 3283 1029 3352 sine
1049 3283 1287 3352 retractatione

26 3387 80 3464 ceu
98 3370 225 3442 bestiae
239 3371 474 3442 lerocissimae
493 3373 527 3440 in
547 3373 761 3441 innocentem
779 3372 978 3451 saevientes,
996 3392 1075 3441 cum
1093 3391 1172 3439 eum
1193 3370 1287 3439 birro

27 3457 179 3529 nolenter
193 3461 411 3551 spoliassent,
431 3474 625 3550 correptum
643 3460 799 3530 crinibus
816 3461 850 3528 in
867 3481 1014 3530 coenum
1033 3469 1283 3558 protraxerunt,

27 3550 143 3641 pugnis
173 3550 321 3640 graviter
355 3549 563 3619 insistentes.
601 3551 683 3638 Ejus
713 3569 850 3637 quoque
878 3549 1019 3618 comites
1046 3570 1124 3618 cum
1151 3547 1288 3616 insama

24 3635 119 3704 simili
140 3659 207 3707 non
237 3639 356 3708 minus
384 3637 600 3720 affecissent,
626 3638 743 3708 furore
766 3638 879 3708 satiati
896 3637 1026 3706 alacres
1047 3647 1284 3715 recesserunt,

25 3721 151 3794 illorum
179 3727 364 3829 participes
387 3727 508 3806 effecti,
531 3727 717 3813 dequibus
739 3725 905 3815 scriptum
927 3737 1000 3794 est:
1030 3726 1096 3805 Qut
1116 3729 1289 3794 laetantur

25 3832 86 3880 cum
99 3817 190 3884 mole
205 3819 356 3904 fecerrru,
378 3826 409 3884 ct
422 3818 580 3886 occultant
596 3818 632 3885 r'u
648 3817 748 3886 rebus-
759 3816 914 3905 pessimis
929 3815 1041 3903 (Pron.
1059 3812 1110 3902 u).
1128 3812 1191 3882 Sed
1207 3834 1288 3882 con-

24 3914 107 3984 cepta
132 3903 238 3972 semel
262 3903 406 3983 invidia,
435 3905 575 3973 modum
602 3905 711 3972 nescit
733 3905 910 3992 imponere
927 3901 1090 3971 malitiae.
1114 3900 1209 3971 Unde
1229 3925 1288 3972 su-

5 3990 160 4070 predicti
193 3991 340 4061 malefici
374 3992 540 4080 majorem
566 3993 738 4062 vesaniam
772 3993 965 4081 spirantes,
995 3989 1119 4060 horreo
1147 3990 1285 4070 dicere,

30 4095 132 4172 secem
163 4079 424 4170 archiepiscopo
455 4081 709 4162 moliebantur,
742 4081 880 4150 insidiis
907 4079 938 4149 ei
971 4100 1038 4149 non
1069 4078 1199 4159 semel,
1227 4099 1288 4148 nec
1360 4113 1368 4134 ·

31 4161 72 4230 lus
92 4168 314 4256 compositis,
341 4167 477 4240 lacinus
500 4170 714 4250 execrabile,
748 4189 810 4238 nec
836 4168 952 4238 minus
982 4167 1225 4249 lamentabile,
1257 4167 1288 4236 si

32 4253 282 4356 ropiadaretur,
311 4255 516 4348 perfecturi:
542 4259 672 4360 quippe
688 4257 749 4359 qui
770 4279 831 4326 nec
856 4257 923 4356 ipsi
944 4257 1113 4358 bonorum
1131 4257 1288 4358 omnium

34 4359 123 4428 capnt
141 4359 328 4440 parcerem,
346 4347 442 4428 Quod
461 4369 540 4417 cum
557 4347 790 4418 familianbns
803 4357 835 4414 et
851 4366 973 4414 armcrs
986 4349 1146 4436 Episcopi
1162 4358 1289 4416 certius
