2994 4832
67 317 173 384 blot
396 335 434 382 ou
457 335 484 382 s.
508 335 631 384 aunone
656 335 804 384 incursu.
832 333 942 382 conon.
1197 317 1260 384 too

65 422 115 489 nisi
131 421 266 510 jamjam
291 420 545 510 impendentem
573 421 658 490 iram
686 421 743 490 llei
769 442 830 510 per
855 419 1097 510 poenitentiam
1132 419 1304 492 inflectere

62 521 257 580 maturarent.
278 511 380 579 luxit
403 509 600 600 hujusmodi
626 509 860 668 suspicionem
886 507 1061 589 omnibus,
1079 508 1249 596 quaedam
1268 513 1301 579 in

61 599 135 667 hunc
157 597 293 668 modum
319 599 407 668 visio
429 597 582 668 celebris.
610 599 675 681 oni
702 619 757 667 arn
794 598 904 667 bonae
931 597 1018 666 vitae
1053 596 1105 666 vir
1127 609 1205 667 ante
1230 597 1304 670 dies

59 686 166 774 aliquot
180 687 283 774 hujus
307 685 550 770 turbulentiae,
570 686 655 756 vidit
678 707 739 778 per
764 705 925 757 somnum
951 707 1094 756 cornum
1117 685 1302 773 quemdam

58 775 223 845 horrendae
246 775 499 865 magnitudinis
520 795 581 868 per
604 787 707 846 totam
733 775 875 846 volitare
904 773 1091 856 Coloniam,
1110 787 1144 844 at
1167 776 1304 846 terribi-

58 862 120 932 liter
137 865 343 946 crocitando,
371 863 538 956 populum
565 863 625 935 tali
650 863 845 955 spectaculo
870 863 1051 934 attonitum
1076 864 1145 932 huo
1164 877 1197 933 et
1221 864 1304 936 illuc

55 955 184 1041 agitare:
209 955 431 1044 supervenire
457 955 639 1044 posthaec
668 953 804 1032 virum,
832 965 900 1022 tam
936 963 1027 1022 veste
1059 973 1163 1040 quarn
1193 951 1304 1023 forma

55 1041 317 1129 praecellentem,
344 1043 460 1130 quiet
489 1063 629 1112 corvum
661 1041 851 1112 honorifico
887 1041 1003 1111 sonitu
1034 1054 1302 1131 perstrepentem

53 1131 125 1199 urbe
136 1131 325 1220 expelleret,
340 1144 373 1201 et
390 1130 555 1222 populum
576 1144 689 1201 mente
703 1141 975 1210 consternatum,
991 1131 1134 1218 jamque
1152 1140 1303 1200 extrema

54 1221 150 1288 onnia
172 1219 428 1302 formidantem,
455 1241 551 1289 cassa
576 1218 760 1289 formidine
785 1217 985 1289 absolveret.
1013 1221 1164 1306 numque
1193 1241 1212 1288 a
1236 1219 1303 1288 cir·

55 1309 283 1380 constantibus
308 1307 623 1410 interpretationem
651 1308 778 1377 somnii
795 1308 934 1390 horrore
951 1329 1141 1378 concussus
1161 1329 1304 1395 quaere-¹

55 1409 103 1476 ret,
122 1397 242 1468 audivit
262 1398 356 1486 quod
383 1397 502 1467 civitas
522 1410 661 1488 propter
684 1409 823 1488 peccata
846 1396 963 1486 populi
987 1396 1125 1466 diabolo
1148 1397 1183 1465 in
1213 1411 1305 1486 pote-

53 1497 154 1555 statem
178 1487 298 1556 tradita
328 1486 463 1568 suisset,
489 1485 546 1555 sed
574 1490 766 1556 interventu
791 1487 926 1586 Georgii
959 1485 1120 1576 martyris
1146 1485 1300 1570 liberata,

54 1573 192 1644 instantis
215 1578 287 1667 jam
326 1588 430 1663 atque
460 1597 478 1645 a
512 1579 577 1645 neo
608 1574 849 1666 praedestinati
885 1575 1044 1644 interitus
1068 1576 1302 1644 necessitatem

55 1663 201 1732 erasisset.
229 1669 241 1733 l
271 1667 345 1734 itur
370 1675 447 1755 post
472 1663 663 1747 meridiem,
687 1663 850 1734 inclinata
873 1662 945 1751 Jam
971 1662 1026 1732 die
1046 1663 1080 1732 iu
1108 1685 1301 1754 vesperum,

55 1771 122 1818 cum
148 1753 207 1842 igni
231 1687 366 1834 oleum,
386 1753 587 1823 iracundiae
615 1754 815 1822 accessisset
842 1751 1000 1834 ebrietas,
1028 1751 1142 1821 subito
1173 1753 1301 1822 civium

56 1839 204 1927 conjurata
222 1864 352 1912 manns
368 1842 501 1932 erupit:
518 1863 557 1910 ac
574 1843 685 1932 primo
703 1855 820 1932 portae
836 1841 983 1910 civitatis
1000 1862 1119 1911 omnes
1136 1841 1304 1912 custodiis

57 1927 173 1998 vallatae
194 1945 284 2002 sunt:
314 1930 396 2000 dein
418 1951 456 2000 ex
481 1929 645 2001 omnibus
669 1931 767 2000 urbis
792 1929 950 2022 partibus
975 1942 1082 2000 ruunt
1109 1929 1151 1999 ad
1178 1929 1302 1999 curtim

63 2016 292 2110 archiepiscopi,
314 2032 350 2089 et
373 2041 451 2089 eum
478 2018 601 2088 celebri
622 2020 772 2108 quodam
800 2019 873 2090 loco
897 2039 976 2088 cutn
999 2019 1167 2109 Episcopo
1189 2023 1304 2088 liona-

66 2105 186 2176 steriansi
200 2121 404 2180 coenantem
423 2107 545 2190 adorti,
567 2108 628 2177 tela
650 2122 887 2196 contorquent,
902 2129 980 2176 sara
994 2108 1138 2194 jaciunt,
1157 2107 1305 2176 nonnul-

69 2189 109 2260 los
131 2214 162 2262 ex
185 2197 424 2269 assistentibus
455 2195 688 2278 interficiunt,
715 2209 867 2268 caeteros
896 2196 1008 2286 plagis
1038 2209 1070 2266 et
1101 2195 1304 2266 vulneribus

65 2279 210 2381 conlectos,
232 2287 267 2356 in
296 2287 418 2376 lugam
446 2298 591 2356 vertunt.
623 2291 715 2355 Inter
738 2285 823 2355 haec
847 2285 1094 2374 conspicantur
1117 2282 1304 2375 quamplu-

65 2389 139 2448 nm,
157 2372 251 2462 ipsum
279 2375 406 2445 talium
426 2374 593 2444 furiarum
616 2375 825 2444 incentorem
853 2375 1055 2443 daemonem
1083 2391 1304 2464 praecurrere

62 2455 209 2532 insanienti
228 2463 365 2556 populo
383 2462 567 2552 galeatum,
591 2463 785 2546 loricatum,
806 2463 905 2565 igneo
923 2483 1089 2532 mucrone
1107 2461 1304 2532 terribiliter

57 2543 270 2636 fulgurantem,
300 2573 367 2621 nec
391 2551 466 2632 ulli,
490 2573 594 2640 quam
624 2552 702 2634 sibi,
730 2552 945 2622 similiorem.
976 2556 1129 2638 Cumque
1162 2549 1302 2639 militari

53 2637 176 2721 qnodarn
200 2641 353 2711 classico
376 2651 589 2722 cunctantes,
616 2653 654 2710 ut
678 2663 713 2712 se
737 2641 771 2710 in
799 2661 951 2731 pugnarn
971 2652 1208 2728 sequerentur,
1225 2661 1305 2708 con-

50 2725 158 2810 citaret,
181 2731 214 2799 in
240 2731 322 2818 ipso
348 2731 499 2819 impetu,
530 2749 598 2816 quo
629 2741 805 2820 portarurn
832 2751 925 2798 seras
949 2730 1153 2798 ellracturus
1177 2725 1269 2798 vocis
1287 2766 1303 2776 -

50 2815 141 2885 raudo
163 2817 339 2896 irruebat,
377 2831 514 2908 repente
544 2817 587 2888 ab
610 2818 722 2890 oeulis
753 2817 969 2906 sequentium
999 2818 1182 2908 disparuit.
1209 2823 1304 2888 Tunc

48 2904 334 2999 trobiepiscopum
361 2908 416 2977 sui
441 2907 529 2976 inter
551 2927 679 2978 cuneos
703 2907 868 2986 hostium,
887 2905 1085 2994 nubemque
1104 2907 1301 2996 ⁸jaculorum

49 2991 93 3059 n'r
113 3007 141 3064 et
161 3017 260 3086 aegre
279 2995 494 3086 expeditum,
521 2996 554 3065 in
580 2995 747 3153 templum
775 3001 808 3066 S.
827 2995 914 3064 Petri
936 2995 1124 3085 abripiunt,
1144 2995 1302 3081 foresque

47 3100 103 3149 oon
127 3085 223 3154 ruodo
248 3085 341 3156 seris
366 3098 398 3154 et
418 3083 582 3166 vectibus,
609 3105 644 3153 se
693 3083 841 3154 admotis
864 3085 965 3154 etiam
993 3085 1130 3174 magnis
1156 3083 1306 3154 molibus

46 3169 224 3242 obfirmant.
244 3175 410 3244 saeviunt
427 3171 520 3254 soris,
536 3186 569 3243 et
593 3173 701 3242 instar
721 3172 924 3243 inundantis
940 3194 1050 3259 aquae
1067 3173 1210 3261 rugiunt
1226 3193 1306 3240 vasa

46 3256 169 3345 diaboli,
187 3263 292 3354 plena
314 3263 392 3331 vino
417 3262 543 3331 furoris
570 3263 637 3344 Dei,
656 3273 687 3332 et
713 3283 772 3352 per
791 3262 907 3330 omnia
926 3260 1097 3350 Episcopii
1118 3258 1306 3348 penetralia

46 3345 276 3434 discurrentes,
297 3351 388 3421 iores
410 3349 616 3442 infringunt,
642 3351 822 3420 thesauros
853 3349 1035 3440 diripiunt,
1067 3369 1146 3416 vasa
1175 3345 1305 3416 vinaria

45 3438 237 3520 concidunt,
265 3453 300 3510 et
328 3439 410 3510 dum
438 3439 514 3508 vina
540 3440 575 3508 in
600 3439 754 3509 diutinos
777 3461 865 3509 usus
889 3457 1110 3528 summa-ope
1128 3447 1302 3526 congesta,

47 3529 320 3618 praecipitantius
336 3527 530 3610 effundunt,
551 3527 719 3617 repletum
746 3527 859 3598 subito
883 3526 1075 3607 cellarium,
1091 3526 1197 3614 ipsos,
1214 3522 1303 3612 quod

9 3663 10 3666 ,
46 3610 126 3684 dictu
149 3637 289 3704 quoque
316 3617 502 3687 ridiculum
529 3617 584 3697 sit,
611 3617 764 3708 inopinis
793 3615 956 3686 fluctibus
985 3613 1194 3706 periclitatos
1219 3633 1305 3703 pene

48 3703 270 3797 suffocaverat.
284 3704 347 3774 atii
362 3727 426 3796 cap
452 3706 553 3775 ellam
571 3705 826 3796 archiepiscopi
843 3705 1085 3794 irrumpentes,
1106 3703 1213 3772 altare
1230 3722 1307 3791 spo-

49 3786 129 3872 liant,
154 3815 254 3864 sacra
272 3815 351 3864 vasa
371 3727 511 3885 pollutis
535 3795 698 3865 manibus
716 3805 939 3874 contrectant,
969 3793 1168 3862 vestimenta
1188 3791 1306 3882 ponti-

10 3885 12 3890 ’
48 3875 146 3948 boalia
173 3883 370 3974 diripiunt:
397 3882 550 3970 dumque
573 3903 709 3954 omnem
739 3881 986 3973 supellectilem
1012 3883 1099 3950 sacri
1126 3879 1307 3950 ministerii

49 3968 181 4048 curiosa,
207 3972 318 4042 immo
337 3971 463 4044 furiosa
485 3971 665 4062 diligentia
683 3984 851 4052 evertunt,
872 3971 1080 4060 reperientes
1097 3969 1168 4039 illic
1185 3989 1308 4058 quern·

51 4052 115 4126 dam
132 4060 311 4140 clericum,
338 4081 419 4152 prae
445 4061 567 4130 timore
591 4083 627 4131 se
651 4062 684 4130 in
711 4060 840 4150 angulo
864 4058 982 4130 altaris
1007 4058 1248 4140 occultantem,
1275 4067 1307 4126 et

69 4157 192 4218 atauus
211 4149 304 4238 quod
330 4149 617 4239 Archiepiscopus
640 4163 739 4233 esset,
763 4148 987 4227 interficiunt,
1007 4168 1073 4216 non
1100 4148 1175 4216 sine
1191 4158 1308 4238 gratu·

64 4233 186 4306 abunda
210 4238 485 4328 exprobratione,
504 4237 596 4326 quod
623 4237 918 4328 petulantissimae
934 4235 1073 4326 linguae
1089 4235 1226 4306 tandem
1245 4235 1310 4304 ali-

55 4325 174 4416 qnando
199 4326 341 4398 modum
361 4327 603 4417 imposuerint.
622 4326 683 4396 Sed
709 4325 857 4414 cognito,
876 4322 966 4413 quod
994 4323 1126 4415 decepti
1145 4323 1310 4394 similitu-

58 4405 120 4479 dine
133 4427 258 4502 essent,
274 4431 306 4486 et
325 4417 517 4506 Episcopus
541 4415 630 4484 intra
655 4413 821 4503 templum
840 4419 873 4484 S.
893 4411 982 4481 Petri
998 4427 1032 4483 et
1047 4413 1112 4485 loci
1129 4413 1306 4503 religione,
