3046 4838
82 180 160 248 llll
507 204 539 249 us
561 206 586 252 s.
608 205 711 252 xxrcro
735 207 786 252 ar.
811 205 946 253 norton.
1270 192 1310 254 25

86 287 144 372 quasi
156 311 231 359 non
254 311 359 360 eum
389 309 512 380 poena
530 291 788 380 consumpserit,
808 291 843 360 in
862 313 931 378 quo
947 311 1056 381 poena
1071 298 1277 380 consumpta
1291 302 1353 362 est.

85 378 126 458 Oui
136 379 158 447 si
170 379 212 447 in
234 379 453 468 praesenti
478 399 563 446 nunc
581 380 750 460 adessent,
773 380 858 450 haec
879 402 900 448 a
925 401 978 450 me
996 401 1057 469 pro
1082 393 1230 470 martyre
1253 383 1357 451 verba

87 466 237 537 audirent:
270 492 292 535 a
309 468 399 540 Etsi
430 468 626 537 imminente
650 467 824 538 carnificis
848 467 964 557 gladio
987 479 1145 538 mortuus
1175 491 1241 538 non
1266 470 1353 550 fuit,

87 557 108 624 in
121 556 341 628 confessione
375 569 500 625 tamen
522 556 705 626 catholicae
734 557 815 626 fidei
839 557 874 625 in
899 557 1057 628 exsilium
1083 557 1264 648 relegatus,
1284 571 1360 647 post

87 648 264 716 continuam
292 658 330 714 et
347 643 565 714 indefessam
583 646 842 734 professionem,
868 644 1055 736 gloriosum
1088 647 1207 716 mortis
1230 647 1357 716 exitum

88 736 202 816 meruit,
220 736 352 821 sicque
370 733 420 802 ad
439 739 541 802 Deum
564 755 666 804 suum
684 733 880 804 redeuntem
902 734 1057 804 coelestis
1071 734 1151 803 aula
1169 748 1356 824 martyrem

38 828 40 841 '
88 825 232 913 suscepit.
259 829 385 909 Neque
409 822 503 890 enim
520 823 625 892 virtus
641 823 715 911 ejus
732 836 791 892 aut
807 824 918 892 honor
940 823 1053 891 minor
1073 835 1135 904 est,
1154 845 1223 910 quo
1241 826 1358 892 minus

37 948 38 954 κ
87 911 182 982 beatis
205 912 431 1002 martyribus
447 924 649 1012 aggregetur
665 935 672 978 ε
691 913 773 998 quia
791 924 960 998 quantum
985 912 1019 980 in
1039 911 1114 1000 ipso
1133 911 1209 992 fuit,
1232 934 1358 998 aequa-

34 1006 35 1013 ’
89 1002 214 1070 nimiter
230 1001 403 1080 toleravit,
428 1001 591 1088 quicquid
610 1001 640 1068 ei
661 1000 875 1070 adversitatis
894 999 1046 1069 oblatum
1070 1011 1132 1070 est.
1158 1005 1240 1070 llam
1268 1002 1358 1070 sicut

88 1088 218 1176 quidam
245 1101 417 1168 testatur,
446 1110 514 1158 non
531 1102 581 1158 est
598 1087 737 1158 inferior
757 1088 877 1178 gloria,
905 1088 962 1158 sed
984 1089 1097 1177 potius
1121 1088 1353 1170 excellentior,

87 1179 248 1246 sustinere
265 1178 477 1267 martyrium
495 1199 556 1265 pro
571 1200 622 1259 eo,
642 1198 684 1246 ne
701 1177 878 1248 scindatur
901 1176 1050 1247 Ecclesia
1066 1175 1212 1248 fallaciis
1237 1178 1355 1246 haere-

87 1268 239 1346 ticorum,
259 1289 367 1354 quam
389 1279 442 1336 est
459 1265 530 1346 illa,
558 1289 599 1336 ne
619 1267 817 1335 immoletur
834 1265 934 1334 idolis
952 1265 1109 1356 impulsu
1126 1287 1352 1356 paganorum.

81 1359 119 1423 ln
140 1377 356 1444 paganorum
374 1374 528 1442 namque
544 1355 790 1444 persecutione,
810 1354 1052 1441 unusquisque
1071 1366 1203 1423 tantum
1220 1377 1281 1444 pro
1295 1377 1358 1424 sua

79 1445 211 1523 anima,
234 1445 268 1512 in
293 1444 548 1513 haereticorum
569 1465 659 1524 vero,
686 1465 747 1532 pro
766 1443 953 1512 universali
979 1444 1106 1530 patitur
1130 1443 1291 1512 Ecclesia.
1319 1448 1358 1513 Et

79 1531 213 1600 idcirco
232 1533 399 1621 potiorem
418 1553 499 1602 eum
515 1531 672 1614 dixerim,
693 1532 774 1617 quia
796 1530 1024 1620 proculdubio
1043 1531 1261 1601 excellentior
1287 1553 1358 1600 ma-

83 1621 206 1708 gisque
221 1621 371 1690 eximius
390 1621 648 1709 comprobatur.
667 1643 685 1686 a
701 1625 789 1690 Haec
805 1641 915 1709 pauca
932 1619 974 1689 de
989 1619 1072 1688 tanti
1092 1621 1154 1689 viri
1176 1621 1353 1700 memoria,

82 1706 187 1797 Eligii
202 1709 266 1778 rita
282 1710 349 1778 sibi
369 1709 500 1778 inserta
514 1709 656 1779 habeat:
683 1707 937 1802 loquanturque
952 1731 1004 1788 ea,
1025 1709 1236 1796 ubicumque
1253 1709 1357 1811 Eligii

84 1797 157 1864 rita
172 1797 299 1886 legetur
319 1819 382 1887 per
396 1797 526 1878 secula,
545 1809 711 1884 quantum
731 1797 896 1866 Martinus
914 1796 992 1866 fidei
1009 1797 1167 1887 dogmate
1178 1798 1352 1868 claruerat.

90 1889 185 1965 Ouae
201 1886 339 1972 quidem
359 1906 436 1967 nos,
460 1885 653 1955 dilectionis
672 1887 793 1975 gratia,
824 1887 992 1955 hactenus
1017 1907 1174 1955 narrasse
1197 1887 1356 1968 sufficiat,

94 1985 136 2039 ut
154 1986 213 2042 tarn
228 1974 343 2043 eximii
362 1974 427 2042 viri
445 1977 620 2056 memoria,
640 1976 700 2062 qui
716 1977 835 2062 utique
854 1973 994 2064 collegis
1020 1975 1105 2043 meis
1130 1976 1164 2043 in
1183 1977 1268 2044 urbe
1293 1981 1358 2044 Ro·

97 2081 200 2128 mana
215 2063 318 2133 multa
337 2062 509 2152 impendit
525 2064 625 2144 bona,
644 2065 802 2150 quamvis
819 2065 851 2130 in
870 2063 1005 2132 Oriente
1020 2062 1265 2150 frequentetur,
1287 2085 1352 2132 non

95 2169 334 2238 usquequaque
350 2153 385 2219 in
404 2151 585 2221 Occidente
604 2151 765 2221 oblivioni
783 2151 949 2222 tradatur.

138 2239 159 2323 ξ
181 2243 246 2311 ¹8.
272 2238 449 2310 Paridem
476 2239 543 2310 fere
570 2253 717 2331 tempus
745 2262 813 2327 quo
842 2240 932 2329 apud
961 2240 1081 2309 urbem
1111 2244 1251 2308 Romam
1274 2239 1358 2308 haec

92 2339 288 2413 gestissent,
306 2327 451 2416 quidam
471 2329 662 2398 haereticus
676 2328 802 2485 yaulsus
823 2351 843 2397 a
867 2328 1023 2418 partibus
1041 2328 1294 2408 transmarinis,
1321 2330 1356 2396 in

94 2413 214 2487 Gallias
237 2418 353 2497 venit;
381 2437 527 2503 moxque
550 2439 586 2486 se
609 2439 672 2486 con
688 2439 787 2488 erens
812 2417 854 2486 ad
880 2417 1062 2499 civitatem,
1085 2439 1172 2503 quae
1191 2417 1272 2486 olim
1292 2422 1358 2486 He-

87 2501 171 2584 dua,
191 2527 283 2576 nunc
310 2518 426 2576 autern
458 2506 742 2594 augustodunum
770 2506 786 2541 ⁴²
816 2519 975 2582 vocatur.
1007 2507 1118 2594 coepit
1146 2518 1213 2574 tam
1239 2520 1356 2585 caute,

84 2611 190 2676 quarn
214 2593 454 2664 fraudulenter
475 2615 536 2662 sua
556 2592 703 2663 nefanda
722 2595 882 2684 dogmata
910 2593 1064 2684 prodere.
1095 2594 1191 2676 Quod
1217 2615 1295 2664 cum
1321 2594 1356 2662 in

83 2679 213 2778 palatio
235 2683 277 2751 ad
296 2705 400 2752 aures
420 2680 519 2771 Eligii
546 2683 764 2771 pervenisset,
792 2684 903 2771 coepit
926 2683 1105 2771 vigilanter
1131 2682 1198 2769 (uti
1223 2705 1292 2752 sem
1322 2703 1360 2752 er

80 2791 116 2836 m
135 2771 308 2858 ejusmodi
327 2772 433 2841 rebus
454 2769 623 2840 sollicitus
647 2771 734 2858 erat)
750 2793 828 2840 cum
853 2771 1013 2841 audoino
1031 2784 1064 2840 et
1080 2771 1222 2840 caeteris
1241 2705 1359 2841 catllo·

80 2856 164 2926 licis
189 2861 272 2930 risis
297 2871 457 2939 tractare,
479 2859 770 2946 quemadmodum
797 2860 887 2928 hanc
914 2871 1041 2949 pestem
1062 2859 1173 2950 palam
1196 2862 1359 2930 omnibus

79 2947 340 3018 manifestatam
369 2947 576 3036 detegerent.
608 2953 673 3018 llec
702 2947 830 3017 destitit
859 2949 1045 3038 Episcopus
1075 2969 1293 3018 commonere
1326 2960 1358 3016 et

77 3036 279 3124 optimates,
299 3057 482 3124 quousque
500 3037 603 3126 jussu
628 3035 796 3126 principis
821 3035 1029 3106 sacerdotale
1053 3037 1237 3106 concilium
1265 3036 1358 3126 apud

77 3124 207 3194 urbem
229 3125 511 3196 aurelianensem
528 3125 562 3162 *⁴¹
583 3139 860 3215 congregaretur.
892 3126 952 3194 Ubi
976 3147 1028 3205 eu,
1054 3147 1155 3212 quem
1182 3125 1357 3206 diximus,

77 3211 258 3284 haeretico
283 3215 318 3282 in
348 3213 500 3282 medium
522 3213 686 3294 deducto,
714 3214 928 3283 conabantur
953 3234 1031 3284 eum
1050 3215 1139 3284 docti
1157 3213 1286 3300 quique
1305 3213 1361 3282 di-

80 3303 194 3372 rersis
219 3302 332 3373 modis
356 3301 584 3391 interpellare,
613 3303 671 3372 sed
701 3301 797 3372 nullo
818 3315 972 3392 poterant
995 3323 1117 3393 genere
1137 3302 1355 3372 concludere.

79 3393 192 3459 Tanta
205 3392 335 3480 quippe
347 3389 486 3460 dicendi
501 3403 571 3460 arte
588 3391 728 3480 objectis
741 3391 1000 3478 quaestionibus
1013 3391 1225 3470 occurrebat,
1247 3405 1284 3459 ut
1298 3389 1357 3458 ubi

84 3480 238 3550 maxime
259 3491 440 3567 putaretur
463 3481 668 3550 constrictus
686 3481 803 3560 teneri,
823 3479 870 3549 ibi
885 3502 950 3550 ceu
968 3481 1093 3570 anguis
1111 3479 1266 3549 lubricus
1281 3479 1360 3566 qui-

83 3563 236 3638 busdam
257 3567 490 3638 foraminibus
506 3567 674 3658 dilapsus,
694 3589 810 3637 eorum
828 3590 863 3638 se
876 3567 979 3638 fronti
994 3579 1191 3659 opponeret.
1209 3571 1361 3653 Cumque

85 3654 186 3725 nullo
215 3679 339 3747 genere
366 3679 386 3725 a
417 3677 590 3744 quoquam
617 3670 731 3746 posset
761 3656 921 3726 concludi
955 3669 1014 3726 aut
1042 3656 1221 3746 superari,
1254 3655 1363 3726 extitit

87 3743 228 3826 quidam
247 3768 287 3815 ex
306 3745 435 3816 nostris
452 3767 513 3845 pro
533 3747 590 3815 Oai
611 3745 822 3835 providentia
841 3744 1064 3815 doctissimus
1081 3745 1281 3834 Episcopus,
1303 3767 1362 3814 no·

89 3831 183 3903 mine
208 3835 353 3914 Salvius,
375 3833 437 3921 qui
454 3845 500 3902 tta
521 3835 552 3903 ei
571 3833 606 3901 in
627 3833 790 3904 omnibus
813 3833 972 3914 obviavit,
999 3846 1039 3904 ut
1063 3834 1185 3922 ingens
1200 3855 1240 3902 ea
1257 3855 1363 3903 causa

91 3923 214 3992 nostris
240 3925 334 3994 fieret
360 3921 529 4013 gaudium
556 3935 588 3992 et
603 3923 820 4012 exspectatio.
847 3927 972 3992 Omnes
997 3923 1087 3991 enim
1104 3923 1178 4010 ejus
1196 3923 1363 3992 versutias

90 4019 121 4076 et
143 4024 250 4096 artes,
304 4035 371 4082 uas
391 4010 452 4080 ille
482 4031 574 4090 nunc
599 4010 778 4093 occulere,
808 4012 1027 4081 nuncetiam
1052 4008 1274 4078 dissimulare
1305 4031 1364 4080 co-

87 4098 251 4184 nabatur,
277 4035 458 4189 frequenti
482 4099 712 4190 disputatione
737 4099 849 4190 palam
880 4097 1036 4168 funditus
1068 4095 1204 4166 detexit.
1240 4097 1363 4185 Sicque

108 4264 120 4286 ⁸
133 4265 194 4306 Gall.
208 4269 289 4308 Autan.
305 4267 309 4276 '
448 4311 453 4320 '

104 4319 128 4342 *⁸
142 4319 273 4364 tunellium
285 4320 310 4360 bt
319 4329 341 4359 ο.
352 4323 422 4357 anno
433 4314 579 4362 circitorum,
589 4313 734 4355 celebratum
743 4313 796 4354 fult.
