2972 4826
55 259 146 324 thot
363 279 401 326 un
423 278 468 326 ss.
494 271 695 326 uhnrrnmtts
719 278 896 325 russanen.
1156 259 1221 326 235

55 363 194 433 liberorum
210 381 339 453 parens,
357 363 432 434 illos
447 377 560 434 tamen
574 364 718 435 Domino
736 364 770 432 in
786 384 903 433 amore
923 363 1066 432 minime
1090 364 1265 455 praetulit.

53 456 149 532 Quarta,
165 451 410 522 dromonarium
430 452 548 534 altera;
566 473 655 538 quae
679 463 759 534 tres,
778 474 858 522 cum
884 473 1022 542 praeses
1039 464 1211 525 vereretur
1225 475 1268 523 ne

51 541 72 608 ir
88 563 202 610 cassum
227 552 390 612 tormenta
415 540 484 610 illis
508 541 690 631 infligeret,
716 554 749 611 et
771 540 1026 630 quodammodo
1053 540 1268 612 evinceretur

49 628 270 710 anulieribus,
308 628 443 700 nullum
472 629 785 700 cruciamentorum
819 652 930 720 genus
965 629 1117 720 amplius
1148 631 1267 702 subire

48 718 229 806 cogebantur:
255 718 312 788 sed
336 718 450 790 statim
466 719 577 808 capite
599 720 815 799 obtruncato,
835 731 978 788 mortem
1001 731 1179 820 oppetunt.
1203 723 1268 790 Pro

47 808 167 876 omnibus
187 809 276 875 enlm
300 806 393 897 prior
423 807 698 890 hmmonarium‚
725 818 901 894 tamquam
927 807 963 876 in
984 827 1096 897 prrma
1120 807 1264 878 dimica-

48 893 117 964 tionis
130 896 193 965 acie
209 895 326 978 locata,
345 895 427 968 satis
451 906 699 966 tormentorum
716 907 894 986 exceperat
916 894 944 962 *.
1282 971 1284 976 ,

72 983 86 1068 h
102 987 138 1054 8.
154 989 259 1055 Heron
280 997 464 1074 praeterea,
480 989 568 1066 hter,
580 997 613 1054 et
625 983 791 1066 Isidorus,
808 985 975 1075 Aegyptii,
990 996 1022 1054 et
1039 985 1221 1056 Dioscorus
1233 983 1268 1021 ⁴*

43 1091 90 1140 una
108 1093 175 1142 cum
191 1073 270 1159 illis,
296 1073 495 1144 adolescens
508 1073 706 1161 quindecim
727 1094 837 1142 annos
854 1086 968 1154 natus,
989 1073 1102 1162 judici
1127 1074 1268 1144 tradun-

42 1171 89 1226 tur.
106 1165 137 1229 llt
156 1163 302 1252 primum
312 1162 420 1252 judex
443 1161 705 1244 adolescentem,
721 1175 896 1250 tamquam
917 1160 1052 1232 facilem
1068 1161 1109 1232 ad
1126 1183 1269 1252 persua-

41 1245 167 1329 dendum,
185 1250 321 1322 blandis
335 1251 448 1320 verbis
461 1251 496 1321 in
515 1249 672 1322 lraudem
686 1250 861 1332 inducere,
879 1262 950 1321 tum
971 1249 1063 1322 velut
1082 1253 1266 1322 remissum
1297 1281 1299 1288 ·

38 1337 228 1433 etlleribilem
252 1339 295 1408 ad
320 1338 425 1410 fidem
443 1340 650 1431 negandam,
668 1339 847 1410 tormentis
871 1339 1048 1429 impellere
1065 1351 1180 1410 tentat.
1203 1339 1267 1410 Sed

39 1427 182 1498 Dioscorus
204 1447 315 1516 neque
339 1429 561 1517 persuasione
575 1429 759 1515 quicquam
778 1439 971 1500 commotus
994 1441 1057 1510 est,
1084 1449 1195 1516 neque
1210 1429 1269 1517 ju-

36 1511 100 1584 dicis
118 1515 250 1586 omniuo
274 1516 377 1602 cessit
407 1517 607 1587 sententiae.
633 1521 787 1588 Caeteros
817 1515 1040 1587 acerbissime
1068 1517 1270 1588 crudelissi-

36 1623 129 1689 meque
150 1605 344 1676 rerberibus
360 1604 545 1676 dilacerat:
564 1627 745 1692 quoscum
762 1618 931 1676 tormenta
956 1626 1081 1696 magno
1102 1618 1134 1674 et
1149 1605 1271 1675 fidenti

34 1691 131 1774 animo,
156 1715 212 1783 pro
229 1693 298 1764 fide
317 1692 458 1764 tolerare
482 1705 645 1776 cerneret,
665 1715 747 1785 rogo
763 1693 968 1764 cremandos
989 1692 1104 1763 tradit.
1133 1695 1270 1764 lliosco-

33 1801 92 1848 mm
111 1796 225 1866 autem,
244 1805 328 1853 cum
342 1795 480 1873 propter
496 1781 707 1873 singularem
726 1783 834 1852 animi
859 1782 1149 1872 magnitudinem,
1164 1804 1268 1871 quam

33 1867 120 1956 palam
136 1872 336 1953 ostenderat,
362 1885 435 1941 turn
452 1885 591 1964 propter
614 1871 885 1962 prudentissima
909 1893 1085 1961 responsa,
1109 1894 1202 2029 (puae
1226 1873 1266 1942 ad

33 1957 138 2046 singula
166 1974 283 2052 rogata
319 1960 470 2042 dederat,
502 1959 610 2052 juder
633 1981 842 2051 magnopere
874 1959 1078 2042 admiratus,
1135 1959 1266 2030 imisit:

33 2043 196 2130 affirmans,
222 2072 259 2120 se
295 2061 431 2140 propter
460 2061 603 2120 aetatem
631 2063 741 2118 certos
771 2048 844 2119 dies
874 2048 926 2118 illi
951 2047 1036 2119 velle
1059 2047 1268 2129 concedere,

32 2135 129 2217 quibus
139 2137 363 2229 resipiscendi
376 2137 515 2208 haberet
529 2136 736 2208 facultatem.
752 2137 826 2207 lam
840 2159 922 2228 ergo
939 2138 1120 2208 Dioscorus
1133 2159 1209 2206 sum
1216 2161 1271 2208 ma

31 2221 123 2308 pietate
135 2227 294 2309 eximius,
314 2228 494 2296 nobiscum
507 2239 569 2309 est,
584 2238 783 2316 suspectans
799 2247 879 2296 cum
896 2239 1070 2296 certamen
1088 2225 1265 2316 prolixius,

31 2315 211 2406 graviusque,
230 2329 308 2386 tum
325 2315 476 2406 amplius
500 2315 693 2405 praemium
717 2326 750 2384 et
772 2314 986 2386 diuturnius.

35 2484 39 2494 ¹
64 2401 126 2485 id.
149 2409 251 2476 Porro
276 2405 431 2475 Nemesis
445 2403 664 2491 mquidem,
686 2413 719 2473 et
744 2402 802 2472 ille
824 2403 927 2474 etiam
955 2405 1152 2495 Aegyptius,
1183 2402 1270 2476 salso

34 2491 176 2562 morinen
201 2492 403 2574 vocabatur,
430 2493 626 2582 quodcum
656 2491 848 2564 latronibus
873 2492 1066 2564 societatem
1095 2493 1269 2564 coivissis-

33 2588 79 2642 set:
99 2581 146 2649 sed
164 2583 264 2652 istam
285 2581 481 2652 calumniae
498 2593 614 2652 nolam
631 2581 675 2651 ab
693 2602 733 2651 eo
750 2579 997 2651 alienissimam
1016 2581 1170 2672 quidem,
1188 2603 1266 2651 cum

29 2685 113 2736 coram
126 2669 330 2741 Centurione
350 2669 519 2752 diluisset,
543 2671 666 2740 iterum
685 2691 744 2760 per
755 2669 911 2772 judicem
927 2669 992 2740 luit
1015 2671 1161 2753 delatus
1178 2670 1272 2759 quod

29 2753 207 2830 Christianus
229 2770 345 2840 esset,
382 2759 599 2847 vinculisque
635 2769 841 2830 constrictus
869 2758 912 2829 ad
945 2759 1134 2848 praesidem
1167 2759 1269 2830 venit.

27 2843 74 2938 lste
93 2845 340 2934 injustissimus
360 2869 509 2937 praeses,
537 2846 673 2917 beatum
696 2853 876 2938 Martyrem
897 2849 1073 2918 tormentis
1097 2861 1130 2920 et
1154 2848 1271 2918 verbe-

26 2933 100 3003 nhus
118 2935 221 3027 duplo
266 2935 472 3016 rarioribus,
490 2957 596 3024 quam
614 2935 763 3006 latrones
788 2937 892 3026 ipsos,
915 2936 1097 3020 afflictans,
1116 2959 1209 3008 erem
1239 2937 1273 3007 lo

25 3017 121 3092 Christi
136 3025 220 3096 inter
238 2960 398 3096 datmnes
415 3027 630 3115 interjectum
651 3023 758 3109 (unde
782 3045 851 3096 non
879 3047 1002 3115 parum
1031 3025 1172 3096 honoris
1190 2961 1236 3096 ad

26 3121 84 3192 ptus
97 3113 156 3202 est)
170 3114 305 3184 hervido
324 3113 416 3203 ignis
439 3114 549 3184 exurit
568 3111 740 3184 incendio.

53 3199 123 3284 ib.
148 3203 328 3286 Quaedam
350 3223 450 3291 porro
474 3202 625 3272 militum
650 3214 765 3272 turma
787 3201 970 3291 derepente
991 3202 1138 3272 aceedit:
1168 3203 1274 3273 nimi-

24 3303 79 3356 mm
99 3293 252 3374 hmmon,
271 3297 373 3369 Zeno,
392 3288 619 3372 Ptolomaeus,
646 3294 804 3381 lngenes,
829 3303 862 3360 et
887 3291 1012 3380 pariter
1035 3313 1115 3361 cum
1135 3289 1204 3360 illis
1219 3312 1274 3360 se·

24 3391 68 3443 ner
84 3377 293 3468 Theophilus
307 3377 388 3460 Ἠ,
405 3379 560 3466 quiante
579 3377 729 3450 tribuual
756 3377 949 3448 astiterunt.
972 3384 1054 3449 Cum
1070 3379 1177 3470 igitur
1195 3379 1275 3466 qui-

22 3459 91 3546 dam,
110 3467 199 3553 quod
221 3467 442 3538 Christianus
464 3481 565 3548 esset,
584 3468 618 3536 in
636 3469 836 3554 quaestione
854 3481 1057 3550 versaretur,
1083 3481 1115 3538 et
1134 3470 1206 3554 jam
1230 3467 1274 3538 ad

24 3547 81 3620 idei
102 3558 320 3648 negationem
338 3556 576 3646 propenderet,
604 3555 660 3626 isti
683 3557 893 3638 assistentes,
917 3577 979 3646 pro
996 3557 1045 3627 rei
1069 3556 1276 3648 indignitate

23 3635 156 3716 dentibus
172 3644 347 3723 frendere,
368 3642 499 3714 vultum
516 3655 661 3728 mutare,
686 3666 811 3716 manus
826 3645 1019 3726 estendere,
1040 3657 1109 3716 toto
1125 3645 1275 3733 denique

23 3745 136 3817 torpore
153 3747 276 3823 gestus
301 3731 469 3819 quosdam
491 3755 593 3823 agere
615 3745 814 3890 coeperunt.
837 3737 875 3804 In
901 3755 988 3821 quos
1012 3756 1091 3804 oum
1116 3735 1275 3806 omnium

24 3833 63 3884 tm
78 3835 186 3892 essent
209 3843 391 3901 conversa,
438 3823 617 3909 riusquam
642 3821 677 3891 ul
694 3823 704 3890 i
721 3822 780 3893 alii
801 3823 912 3894 ineos
932 3822 1124 3911 injecerunt
1151 3843 1276 3894 manus

26 3901 56 3971 lli
80 3909 141 3998 ipsi
163 3911 208 3982 ad
234 3909 404 3981 subsellia
471 3909 517 3992 R,
535 3931 726 3992 accurrere,
754 3931 791 3981 se
814 3909 1025 3980 Christianos
1043 3911 1195 4001 profiteri
1211 3911 1272 3995 sie,

42 4121 295 4171 *maurannetus
304 4129 685 4180 nuuemstunsrtyrotogttsdte
696 4127 954 4170 radscmesnsontur.
1179 4177 1183 4188 Ι

31 4175 217 4276 ἐξὲιῗῃεὲοιιίι
235 4185 262 4223 et
278 4181 352 4224 trium
363 4183 517 4246 *sequentium
531 4183 644 4224 memoris
653 4183 692 4223 dta
702 4185 729 4224 ll
738 4183 789 4224 dec.
800 4183 924 4225 nectitur:
938 4183 979 4222 sod
997 4183 1053 4223 Ater
1071 4191 1084 4222 a
1100 4181 1201 4222 Baroruo
1211 4181 1276 4220 Aroe·

45 4279 71 4308 '¹⁴
83 4287 199 4330 nemesius
209 4291 250 4330 dle
261 4290 287 4330 19
296 4289 431 4330 novembris
439 4289 593 4330 memoratur.

48 4333 83 4360 ⁸⁸⁸*
95 4341 120 4380 Et
129 4341 273 4393 utquisque
281 4343 399 4391 melyro·
409 4341 447 4383 dia
457 4343 483 4384 2⁰
493 4343 542 4384 deo.
552 4342 699 4384 recoluntur.

49 4383 96 4418 ‘'⁸''
108 4395 183 4438 Locus
192 4406 283 4445 nempe
292 4396 318 4436 ln
326 4403 373 4444 quc
382 4397 417 4437 rol
427 4396 641 4447 racemum-ntur.
