2946 4798
27 262 103 326 bbt'.
128 263 170 326 28
432 281 471 327 on
496 280 624 328 sancus
649 279 877 329 inuocnnrrnus
1181 267 1245 331 507

27 365 128 434 adbuc
151 366 356 447 fluentibus,
375 363 410 434 in
439 365 534 435 ulnis
559 367 678 436 matris
702 365 867 436 infantem
892 365 1080 448 occidebat,
1103 381 1135 437 et
1158 369 1290 460 suppli·

25 456 182 524 sationem
213 454 489 546 interrumpebat
512 454 627 525 caedis
647 453 856 525 lamentatio.
888 455 1018 542 Hisque
1047 456 1132 526 baec
1158 461 1290 548 agenti-

24 543 91 626 bus,
117 544 232 634 magis
252 543 318 612 luit
332 543 445 612 iritata
465 544 613 614 insania.
640 549 679 613 In
697 545 708 612 i
735 566 791 614 sas
806 544 928 615 domos
950 545 1139 627 irruebant,
1165 559 1198 616 et
1217 569 1291 618 om·

23 635 72 700 nia
94 633 340 702 scrutabantur
367 632 562 703 furentibus
589 644 622 702 et
643 653 703 703 cae
750 655 781 700 m
811 633 1026 724 spirantibus
1040 634 1162 717 oculis
1191 651 1224 706 ct
1251 638 1287 705 in
1331 640 1334 648 ’

22 720 162 792 excelsos
188 720 363 791 thalamos
394 721 631 791 excurrebant.
667 721 793 792 Deinde
816 744 898 793 cum
923 722 988 792 snb
1018 722 1116 806 lecto,
1144 736 1204 794 aut
1224 726 1289 795 sub

23 809 127 896 aliquo
142 808 212 880 alio
236 808 412 901 ejusmodi
435 809 601 879 infantem
629 810 841 880 invenissent
865 810 1038 894 latentem,
1058 835 1160 900 quem
1193 813 1289 884 solus

22 901 111 968 letus
129 899 367 980 indicaverat,
393 920 433 967 ex
457 899 602 969 aedibus
627 910 802 987 tamquam
828 900 977 989 lapidem
1000 900 1035 969 in
1064 903 1157 971 vicos
1176 901 1290 972 derol-

22 989 147 1068 rebant‚
169 990 243 1058 irae
261 988 363 1079 Regis
386 1000 527 1057 mortem
550 988 734 1078 largientes
759 1003 826 1058 tam
852 989 1009 1080 impiam.
1037 990 1184 1062 Confusa
1211 1013 1288 1062 vero

22 1078 174 1147 existebat
193 1075 403 1157 vociferatio,
423 1089 455 1146 et
471 1076 702 1147 invalescebat
717 1079 833 1148 varius
858 1099 965 1148 sonus
993 1078 1120 1162 luctus,
1149 1081 1289 1168 majori-

24 1166 84 1234 bus
99 1166 234 1253 quidem
262 1166 381 1256 pueris
396 1163 518 1235 fratres
541 1187 623 1236 suos
642 1165 861 1247 deflentibus,
879 1167 1082 1258 parentibus
1106 1169 1288 1258 deploran-

28 1254 109 1322 tibus
133 1277 188 1324 eos
219 1276 311 1342 quos
336 1268 546 1345 genuerant,
581 1256 750 1326 matribus
781 1267 893 1325 autem
916 1269 1054 1346 propter
1076 1257 1290 1328 calamitates

27 1363 154 1413 sonoros
167 1344 324 1434 ejulatus
339 1343 533 1424 edentibus
552 1344 694 1413 senibus
714 1366 792 1414 vero
809 1366 845 1414 se
869 1344 956 1413 nihil
975 1367 1128 1432 unquam
1150 1345 1214 1418 tale
1240 1348 1290 1416 vi-

25 1431 105 1504 disse
119 1433 366 1513 clamantibus,
394 1454 436 1502 ne
456 1433 490 1502 in
508 1433 659 1502 bostium
677 1433 817 1521 quidem
843 1433 1114 1516 incursionibus,
1141 1457 1289 1523 conque-

25 1521 166 1592 rentibus
185 1521 354 1592 omnibus
369 1519 412 1590 de
430 1523 554 1591 acerba
570 1513 647 1591 luce
663 1522 759 1592 illius
775 1521 856 1592 diei.

62 1613 134 1695 §2
162 1615 249 1681 Cum
271 1610 378 1679 finem
399 1611 588 1699 accepisset
612 1611 789 1700 praeclara
805 1612 889 1681 baec
913 1611 1092 1700 expeditio,
1112 1623 1144 1681 et
1167 1612 1289 1682 dimis-

26 1719 76 1768 sus
98 1714 183 1770 osset
207 1699 381 1769 exercitus
401 1712 577 1786 tamquam
608 1711 704 1789 parta
728 1700 858 1791 insigni
878 1699 1031 1779 victoria,
1052 1722 1174 1771 sursus
1198 1704 1290 1771 exci-

27 1799 83 1856 tata
99 1799 147 1858 est
171 1801 324 1858 matrum
351 1786 561 1857 lamentatio:
581 1799 613 1856 et
629 1811 709 1858 cum
731 1789 837 1858 llendi
852 1787 1015 1878 deinceps
1031 1790 1080 1858 eis
1096 1788 1185 1858 sacta
1201 1805 1290 1861 esset

28 1888 172 1960 potestas,
190 1898 426 1965 unaquaeque
446 1878 500 1948 sui
524 1875 593 1946 filii
617 1879 784 1960 membra,
805 1876 872 1946 alia
893 1877 976 1947 alibi
1001 1877 1183 1967 colligebat
1208 1901 1288 1948 cum

29 1963 186 2054 lacrymis,
206 1979 241 2037 et
265 1966 432 2035 violenter
456 1965 602 2036 discissa
626 1967 661 2035 in
686 1987 796 2035 unum
820 1967 1049 2057 conjungens,
1067 1979 1099 2035 et
1123 1967 1214 2054 quod
1238 1989 1289 2038 re-

30 2053 123 2124 stabat
135 2056 334 2142 inquirens,
347 2068 380 2124 et
391 2054 483 2144 quod
501 2055 679 2125 inventum
694 2066 766 2124 erat
782 2077 882 2146 saepe
894 2056 1117 2146 amplectens
1133 2071 1164 2125 et
1181 2068 1287 2124 totum

32 2163 137 2232 corpus
154 2145 189 2214 in
208 2145 294 2216 sinu
311 2144 504 2233 imponens,
522 2143 621 2213 valde
636 2143 825 2215 clamabat:
846 2167 864 2210 c
882 2145 943 2214 Hei
962 2145 1059 2226 mibi,
1079 2143 1128 2213 fili
1153 2145 1212 2224 mi,
1233 2144 1288 2214 bei

34 2231 112 2313 mibi,
129 2233 189 2320 qui
214 2253 286 2302 non
313 2232 354 2302 ad
382 2232 483 2301 talem
509 2253 605 2322 spem
632 2233 732 2303 nobis
758 2245 852 2303 satus
878 2245 910 2302 et
938 2233 1127 2324 productus
1151 2233 1285 2304 fueras:

35 2322 183 2402 quomodo
211 2343 294 2391 curn
328 2333 503 2408 tamquam
533 2343 652 2393 ramus
678 2322 921 2411 germinasses
941 2333 973 2391 et
996 2343 1123 2412 magna
1147 2335 1288 2394 ornatus

33 2426 106 2476 esses
121 2409 371 2500 pulcritudine,
389 2423 421 2480 et
438 2410 547 2480 bonae
564 2410 636 2500 spei
653 2410 753 2481 uobis
769 2410 888 2500 pulcra
908 2411 1126 2500 praebuisses
1141 2413 1285 2494 semina,

31 2513 149 2584 repente
172 2523 192 2570 a
217 2499 308 2569 meis
331 2500 528 2570 abscessisti
554 2499 745 2569 manibus?
768 2503 919 2589 Exsurge
945 2521 1143 2591 parumper,
1169 2513 1289 2570 excute

31 2605 184 2671 somnum,
203 2609 310 2676 quem
336 2588 397 2657 tibi
424 2588 526 2680 Regis
549 2588 664 2659 attulit
679 2587 820 2668 invidia;
840 2610 894 2659 me
911 2610 990 2658 voce
1006 2588 1144 2679 imperti
1157 2588 1289 2679 jucun-

30 2671 178 2759 dissima;
205 2677 429 2768 apprehende
458 2677 604 2749 miseras
632 2676 842 2748 mammillas
865 2677 940 2768 ejus
964 2699 1053 2764 quae
1076 2690 1107 2747 te
1133 2679 1285 2768 peperit;

30 2762 111 2859 trabe
132 2766 252 2847 ubera,
270 2787 359 2853 quae
375 2765 459 2835 olim
484 2765 673 2856 diligebas;
693 2764 746 2835 lac
770 2778 809 2835 ut
831 2778 867 2835 tu
893 2767 1043 2856 pendeas
1067 2789 1086 2836 a
1111 2766 1199 2836 collo
1216 2789 1286 2836 ma-

31 2860 90 2918 tus.
102 2857 221 2926 Taces?
238 2855 416 2937 Quiescis‘l
432 2859 506 2924 Heu
524 2875 576 2924 me
593 2857 769 2934 miseram,
782 2855 956 2941 quomodo
971 2877 1092 2926 rursus
1108 2869 1285 2926 contexam

31 2941 178 3025 niembra,
200 2965 291 3031 quae
315 2945 409 3013 ensis
433 2943 599 3013 dissecuit
622 2944 846 3012 immaniter?
870 2944 1086 3026 Quibusnam
1114 2967 1191 3015 vero
1214 2967 1288 3014 ma-

31 3027 119 3098 nibus
135 3033 364 3102 necessariam
383 3033 445 3103 tibi
460 3044 587 3102 terram
603 3035 816 3122 congeram?
842 3031 1020 3114 Quomodo
1044 3046 1157 3104 autem
1184 3055 1204 3103 a
1229 3046 1288 3104 tua

32 3135 75 3211 nte
96 3117 200 3190 lorma
228 3120 424 3210 separabo‘l
450 3143 468 3188 a
491 3121 632 3192 Talibus
657 3120 795 3190 lletibus
823 3120 995 3210 completa
1019 3121 1131 3192 suerat
1153 3123 1285 3204 civitas,

32 3207 163 3294 singulis
185 3209 344 3300 singulas
360 3210 403 3279 ad
421 3210 539 3281 lletum
564 3210 801 3291 incitantibus,
813 3220 845 3278 et
860 3231 959 3281 suam
979 3224 1117 3300 propter
1136 3223 1288 3281 mortuos

33 3289 108 3363 lilios
130 3296 422 3380 lamentationem,
447 3299 631 3388 adspectus
654 3300 842 3368 viventium
869 3299 903 3366 in
930 3298 1004 3368 dies
1029 3299 1206 3368 incitabat.
1226 3303 1287 3368 do-

34 3394 156 3480 ronatus
180 3401 295 3458 autem
316 3399 388 3457 erat
408 3393 477 3458 Rex
502 3401 679 3476 tamquam
704 3400 844 3480 propter
866 3400 977 3457 erecta
998 3388 1176 3476 trophaea,
1195 3400 1228 3457 ct
1252 3409 1288 3457 se

34 3473 230 3546 existimabat
255 3474 416 3566 adeptum
433 3497 507 3547 esse
527 3476 716 3560 victoriam,
735 3475 873 3563 qualem
897 3498 1075 3566 nunquam
1104 3489 1228 3547 autea:
1256 3487 1289 3546 et

35 3575 99 3625 cum
123 3585 156 3633 se
179 3576 272 3634 taum
300 3565 416 3634 caedis
439 3567 709 3635 contaminasset
731 3565 898 3646 crimine,
928 3580 960 3634 et
989 3567 1043 3636 sui
1073 3565 1209 3655 imperii
1239 3576 1287 3636 tot

36 3642 153 3728 plantas
176 3652 369 3735 excidisset,
390 3675 445 3723 ma
472 3675 534 3725 nos
558 3655 702 3744 spiritus
731 3667 948 3744 conceperat,
978 3668 1011 3725 et
1038 3653 1081 3722 de
1105 3655 1287 3724 securitate

38 3737 200 3834 maximam
226 3756 406 3833 acceperat
423 3677 602 3813 fiduciam:
625 3741 784 3813 nesciens
801 3743 904 3813 bomo
922 3743 1023 3834 plane
1039 3741 1197 3824 stolidus,
1220 3763 1289 3830 quo

38 3825 188 3900 recidebat
211 3831 272 3902 illa
291 3831 417 3902 callida
435 3833 513 3920 ejus
538 3832 759 3902 machinatio.
783 3837 888 3916 Quem
914 3832 1007 3900 enim
1031 3831 1190 3922 quaesiit,
1219 3851 1287 3900 non

41 3915 132 3991 potuit
147 3917 277 4007 laqueis
295 3920 485 4002 includere;
504 3942 590 4009 quos
607 3941 698 4002 vero,
717 3921 746 3990 si
763 3920 884 3992 luisset
900 3920 1014 3990 adbuc
1031 3943 1136 3992 sanae
1149 3921 1285 4002 mentis,

43 3997 184 4078 noluisset
200 4009 249 4078 sic
266 4008 414 4091 allicere,
434 4009 523 4082 male
546 4009 708 4100 perdidit,
731 4010 805 4099 ipse
826 4011 893 4080 sibi
917 4009 1063 4081 afferens
1086 4010 1241 4081 exitium.

77 4087 145 4170 58.
164 4097 316 4169 Christus
341 4111 455 4169 autem
482 4100 647 4172 Dominus
663 4099 918 4181 universorum,
938 4110 1006 4169 tam
1024 4121 1124 4170 saevo
1142 4097 1288 4168 nefario-

48 4183 283 4277 lssmuscelerum
308 4187 445 4269 artifici,
473 4191 633 4260 morbum
652 4188 797 4258 immisit
812 4188 1067 4269 acutissimum,
1087 4209 1168 4258 cum
1190 4187 1289 4258 inno·

51 4274 170 4350 centium
193 4275 376 4346 infantium
394 4278 531 4347 animas
552 4278 762 4367 reposuisset
784 4277 818 4346 in
845 4276 961 4346 sinum
989 4278 1096 4367 petris
1121 4277 1285 4360 Abrabae,

53 4363 105 4431 llse
121 4355 217 4434 libere
240 4367 470 4457 proficiscitur
494 4367 528 4436 in
555 4372 770 4458 Aegyptum,
799 4386 991 4456 expurgare
1022 4365 1140 4436 volens
1172 4387 1280 4436 arcerr
