3046 4838
87 287 154 354 net.
179 290 192 352 t
497 309 539 356 nr
562 309 589 357 s.
610 308 711 357 aucto
735 309 785 356 rr.
810 306 943 356 noviom.
1287 289 1308 352 a

88 389 263 480 impleverat
285 390 526 477 cubiculum,
552 406 590 464 ut
612 395 711 465 etiam
730 394 804 478 ipse
821 393 875 462 vix
898 390 947 461 ihi
964 389 1150 462 subsistere
1174 388 1349 479 quivisset.

87 483 163 550 lunc
185 503 314 552 memor
338 503 435 553 suae
458 484 645 574 petitionis,
666 483 884 570 nimiumque
909 481 1099 572 largitatem
1118 478 1280 549 honitatis
1297 481 1353 549 Dei

89 568 224 650 miratus,
242 571 350 642 altius
369 573 623 663 ingemiscens,
646 571 781 642 fidelem
799 570 1039 642 retributorem
1055 593 1095 640 er
1111 569 1233 639 intimo
1250 568 1352 640 corde

91 655 289 731 benedicebat
312 662 514 746 Christum,
533 663 592 751 qui
617 683 795 750 nunquam
813 660 1021 748 derelinquit
1041 673 1217 749 sperantes
1244 659 1277 728 in
1303 681 1350 728 se.

91 749 148 816 flac
167 763 243 838 ergo
262 748 330 820 fuit
356 752 504 822 initium
526 757 689 822 virtutum
710 750 796 842 ejus,
822 751 928 820 immo
945 748 1189 838 omnipotentis
1205 748 1274 828 ltei,
1294 769 1354 838 per

94 857 177 920 quem
195 860 313 909 omnes
338 842 467 911 omnia
491 854 645 932 possunt.
673 840 770 923 Quod
799 861 877 910 cum
913 839 963 908 vir
992 849 1132 910 sanctus
1152 837 1262 909 sodali
1288 859 1352 906 suo

96 925 244 1009 lndo'e'no,
262 943 501 1020 cognomento
522 931 668 1011 badoni,
697 951 798 1018 quem
822 929 911 1000 sicut
934 927 1085 997 animam
1108 950 1205 998 suam
1228 926 1351 1016 dilige-

98 1012 153 1096 hat,
171 1019 330 1088 secretius
349 1033 563 1099 enarrasset,
583 1019 734 1090 vicissim
753 1017 796 1088 ab
815 1041 854 1088 eo
868 1017 990 1107 exegit,
1010 1037 1064 1097 ne,
1082 1037 1263 1104 usquequo
1280 1016 1353 1104 ipse

101 1103 128 1202 in
146 1127 275 1196 corpore
295 1121 479 1191 maneret,
503 1109 623 1180 eadem
648 1108 811 1196 cuiquam
836 1107 1015 1177 indicaret.
1041 1109 1080 1175 at
1108 1105 1165 1175 ille
1185 1106 1269 1175 haec
1293 1125 1353 1174 au·
1458 1141 1462 1148 ·

18 1277 19 1280 ¹
103 1191 192 1276 diens,
214 1199 325 1288 coepit
349 1201 521 1270 continuo
544 1199 660 1268 aniano
681 1196 881 1287 compungi,
908 1194 1087 1285 coepitque
1106 1209 1234 1266 secreta
1257 1215 1353 1264 arca·

104 1303 207 1354 norum
229 1287 302 1376 eius
328 1292 383 1358 vis
413 1287 585 1376 quaedam
611 1286 738 1356 interni
763 1287 891 1356 amoris
915 1283 1112 1354 accendere.
1138 1287 1284 1372 Jamque
1314 1305 1353 1352 ex

22 1379 24 1399 '¹
105 1370 166 1454 hoc,
179 1376 294 1463 spretis
310 1377 421 1449 seculi
441 1376 698 1456 blandimentis
715 1374 876 1465 cupiebat
888 1396 927 1443 ex
946 1373 1060 1444 studio
1075 1372 1222 1464 Eligium
1236 1393 1354 1442 aemu-

22 1410 25 1523 i
109 1458 161 1529 lari
180 1462 218 1532 ad
241 1464 386 1536 bonurn.
420 1471 460 1536 Et
483 1466 592 1537 accito
610 1466 712 1536 etiam
733 1485 897 1554 germano
924 1485 987 1534 suo
1008 1461 1123 1532 tdone
1151 1463 1183 1532 in
1209 1461 1354 1532 consilio

24 1571 26 1647 ὲ
107 1555 258 1623 communi
273 1556 391 1647 (erant
412 1555 508 1626 enim
527 1553 590 1626 viri
618 1553 762 1643 inclyti,
788 1553 970 1643 optimates
992 1551 1114 1633 aulae,
1140 1551 1202 1621 filii
1224 1549 1355 1622 scilicet

110 1638 271 1733 lotharii];
296 1645 333 1714 hi
357 1667 453 1736 crgo,
477 1643 655 1714 communi
678 1643 794 1712 habito
818 1641 974 1722 consilio,
1001 1654 1188 1731 coeperunt
1212 1639 1351 1720 imitari,

26 1755 27 1769 ¹
111 1747 182 1813 quac
202 1733 241 1803 ab
258 1734 370 1826 Eligio
390 1733 617 1826 gerebantur:
642 1746 782 1819 eratque
800 1731 850 1802 eis
873 1729 1042 1800 familiare
1060 1731 1295 1811 consortium,
1322 1745 1355 1801 ot

113 1839 158 1887 cor
171 1841 267 1892 unum
285 1825 320 1894 in
344 1824 502 1905 Domino,
521 1835 622 1923 atque
638 1821 755 1892 anima
770 1841 852 1892 una.
917 1877 919 1884 ,

146 1909 162 1994 5
181 1913 221 1978 9.
245 1915 380 1984 Invenit
392 1933 473 2004 ergo
488 1911 619 2002 Eligrus
636 1910 780 2002 gratiam
794 1930 908 1978 coram
926 1912 1003 1988 Deo,
1022 1917 1056 1978 et
1069 1929 1184 1978 coram
1202 1909 1354 2000 Regibus

116 1998 307 2084 Francorum,
331 2014 365 2072 et
382 2001 553 2072 ferebatur
574 2001 606 2070 ei
625 2002 669 2070 ab
684 1999 848 2070 omnihus
865 1997 1110 2078 testimonium,
1130 1998 1299 2070 intantum
1316 2013 1354 2068 ut

116 2087 258 2174 copiosam
278 2091 409 2162 molem
425 2089 558 2181 argenti
577 2101 610 2159 et
624 2089 700 2158 auri
723 2101 755 2158 et
802 2107 994 2157 ammarum
1015 2085 1145 2174 absque
1161 2087 1233 2158 ulla
1250 2109 1354 2177 pensa

29 2238 31 2268 ,
116 2179 224 2273 alege
244 2181 436 2271 acciperet:
463 2179 703 2266 crescebatque
729 2177 760 2247 ei
779 2111 894 2248 bonor
916 2196 995 2245 cum
1023 2198 1147 2266 magno
1175 2176 1288 2247 favore
1312 2177 1354 2246 dc

118 2263 200 2336 drein
213 2269 315 2352 diem,
331 2283 366 2340 et
384 2269 479 2339 omni
499 2291 537 2338 ex
555 2279 649 2358 parte
669 2267 845 2358 probatus,
873 2264 1035 2336 vernabat
1050 2265 1083 2332 in
1103 2265 1182 2336 aula
1199 2266 1352 2336 devotus.

120 2357 222 2427 Sanno
239 2360 368 2430 interea
395 2357 540 2428 dietario
567 2362 657 2448 Rege
681 2361 901 2435 Francorum,
931 2353 1138 2444 Dagobertus
1166 2354 1260 2426 filius
1282 2355 1357 2444 ejus

121 2448 326 2518 monarchiam
344 2448 442 2538 regni
461 2446 557 2517 solus
572 2447 731 2517 obtinuit.
751 2449 855 2532 lquo
870 2443 1002 2533 Eligius
1019 2455 1111 2512 tanta
1127 2443 1357 2514 familiaritate

119 2529 228 2610 habitus
242 2551 305 2618 est,
322 2550 360 2608 ut
385 2536 614 2627 plurimorum
639 2536 715 2625 ejus
738 2533 882 2604 felicitas
901 2532 1024 2623 ingens
1044 2533 1198 2623 gigneret
1221 2533 1352 2603 odium.

117 2621 265 2710 Siquidem
282 2626 426 2697 oderant
441 2647 521 2696 enm
540 2623 646 2715 pravi,
666 2623 794 2714 quippe
818 2623 980 2710 quoniam
1008 2643 1216 2712 magnopere
1240 2622 1357 2692 oderat

117 2709 175 2810 ipse
194 2716 400 2805 superbiam,
420 2714 587 2804 diligebat
601 2713 773 2784 veritatem
791 2735 798 2793 ;
824 2723 949 2782 etcum
970 2723 1058 2780 esset
1074 2723 1247 2793 strenuus,
1261 2710 1357 2801 jugis

116 2821 140 2869 ev
159 2817 223 2874 erat
244 2818 361 2876 contra
385 2825 504 2874 eorum
530 2803 701 2873 vesaniam
725 2824 770 2892 pu
799 2823 852 2882 na,
874 2803 1147 2891 perpetuumque
1170 2814 1355 2872 certamen.

117 2889 167 2960 Sed
185 2893 278 2984 plane
292 2915 415 2964 omnes
431 2893 512 2964 boni
530 2892 627 2962 illum
646 2825 907 2962 admirabantur
929 2903 961 2960 et
977 2887 1178 2979 diligebant,
1197 2891 1279 2978 quia
1296 2911 1358 2960 no-

118 2995 215 3052 verant
235 2982 437 3054 catholicam
455 2982 607 3052 hominis
623 2981 813 3062 scientiam,
836 3001 875 3048 ac
894 2978 1022 3068 patriae
1045 2977 1182 3050 coelesti
1208 2991 1356 3050 mentem

30 3064 35 3201 ἱ
119 3068 221 3160 'ugiter
245 3073 434 3152 intentam,
462 3091 665 3160 semperque
687 3070 822 3140 actibus
849 3068 949 3138 honis
973 3082 1223 3157 praeparatam.
1247 3073 1358 3138 Secta-

31 3208 36 3235 ,
154 3172 202 3229 tur
214 3161 313 3260 igitur
329 3162 463 3252 jugiter
484 3159 705 3240 charitatem,
735 3157 1035 3258 mansuetudinem
1063 3169 1095 3226 et
1114 3156 1359 3249 longanimita-

30 3288 35 3323 ε
120 3259 185 3317 tem.
202 3250 361 3340 diligebat
384 3255 488 3320 Deum
513 3271 552 3320 ex
569 3261 637 3318 toto
656 3248 769 3328 corde,
796 3269 836 3316 ex
856 3259 923 3316 tota
939 3268 1075 3328 anama,
1102 3259 1203 3334 atquc
1227 3270 1266 3318 ex
1291 3260 1359 3317 tota

31 3326 36 3365 ¹
120 3336 227 3408 virtute.
248 3343 474 3428 Eratquoque
490 3338 695 3426 tranquillus
713 3337 878 3416 moribus,
898 3347 930 3404 et
946 3357 1089 3406 serenus
1102 3336 1278 3425 adspectu.
1298 3339 1359 3406 Ge-

32 3480 38 3507 ,
121 3427 196 3496 rebat
212 3428 340 3498 vultum
359 3428 515 3518 planum,
536 3425 931 3584 rnoderatam'sfieciem
957 3437 1116 3495 ornatum
1143 3425 1356 3516 adspectum,

32 3516 37 3595 Ι
121 3515 248 3600 quietum
272 3539 425 3600 sensum,
451 3518 608 3588 animum
628 3518 766 3595 laetum,
812 3513 953 3586 umalem
980 3537 1015 3584 sa
1044 3515 1196 3584 ientiam.
1220 3519 1360 3604 Semper

31 3600 37 3715 j
122 3625 204 3692 opera
218 3607 303 3677 hona
321 3605 421 3677 factis
440 3605 604 3697 amplius
622 3627 725 3692 quam
752 3604 864 3674 verbis
880 3537 1101 3674 ostendebat:
1127 3625 1254 3693 corpus
1271 3601 1360 3670 fame

31 3726 35 3749 ι
123 3695 278 3786 castigans
296 3697 470 3787 jejunium
493 3696 606 3785 potius
629 3716 733 3782 quam
751 3692 873 3784 epulas
892 3713 1025 3772 amans,
1042 3691 1211 3762 dolentem
1237 3711 1359 3761 conso-

32 3788 34 3870 ἶ
125 3779 192 3862 lans,
206 3807 295 3874 sporn
319 3808 418 3855 snam
440 3789 503 3854 Deo
521 3785 748 3864 committens,
765 3783 911 3854 orationi
927 3781 1121 3868 frequenter
1139 3781 1357 3857 incumbens,

33 3871 34 3877 ’
127 3869 250 3960 nihilque
265 3877 374 3945 arnori
400 3874 523 3944 Christi
542 3894 775 3962 praeponens:
801 3871 893 3958 quod
911 3870 1080 3950 credebat,
1103 3870 1250 3940 docens:
1267 3868 1357 3958 quod

126 3957 248 4045 docebat,
275 3965 427 4034 imitans.
448 3968 588 4053 Semper
604 3961 695 4030 euim
713 3973 792 4030 ante
807 3959 925 4030 oculos
944 3961 1018 4049 ejus
1042 3958 1116 4030 dies
1132 3958 1276 4030 ultimus
1290 3980 1359 4028 ver·

126 4049 257 4135 sabatur,
283 4075 488 4145 semperque
514 4073 612 4122 mens
636 4051 710 4140 ejus
737 4062 915 4140 praecepta
928 4045 1097 4124 ‚coelestia
1119 4047 1358 4118 meditabatur.

126 4139 221 4210 trahat
239 4157 350 4214 autem
368 4143 575 4230 frequenter,
592 4139 674 4226 quia
699 4138 878 4218 didicerat,
904 4135 995 4222 quod
1013 4148 1143 4226 oportet
1161 4135 1235 4204 sine
1251 4157 1362 4235 cessa-

39 4258 40 4269 *
127 4225 194 4300 tione
213 4233 390 4302 [lominum
415 4254 451 4301 ro
476 4253 545 4300 are.
573 4229 754 4318 Satagebat
776 4246 994 4315 magnopere,
1022 4247 1064 4294 ne
1089 4224 1264 4297 secundus
1288 4246 1363 4294 cur-

125 4336 203 4401 quam
225 4320 257 4390 in
273 4321 437 4411 operibus
453 4253 553 4388 bonis
579 4319 802 4388 inveniretur.
822 4319 900 4383 Erat
923 4313 1025 4382 etiam
1042 4335 1124 4403 erga
1143 4311 1291 4411 famulos
1307 4312 1362 4382 Dei

126 4405 197 4478 talde
211 4409 381 4482 humanus
405 4421 507 4496 atque
526 4407 712 4496 benignus.
742 4404 947 4498 charitatem
967 4421 1044 4468 vero
1064 4423 1168 4491 snper
1191 4421 1309 4470 omnva
1330 4412 1363 4469 et
