2960 4824
53 353 116 418 nec.
142 354 178 418 ta
311 375 349 419 nu
373 377 419 421 ss.
446 376 629 426 pascuario.
657 376 813 422 auxentio
839 375 905 422 ure.
933 377 989 422 an.
1179 361 1242 426 323

49 457 68 523 is
86 469 185 526 antem
202 456 397 538 adstitisset,
423 480 501 527 eum
529 459 659 528 vocavit
685 465 835 542 Praeses,
851 472 883 529 et
899 459 985 530 dixit
1008 463 1038 530 ci
1068 462 1100 530 in
1135 485 1284 532 arcano:

46 545 167 616 ‹Testis
190 547 272 616 mihi
297 559 359 628 est,
379 569 398 615 o
419 547 578 630 Ilustrati,
597 569 686 638 quae
706 549 823 618 omnia
841 549 995 619 intuetur
1011 550 1156 638 justitia,
1176 551 1287 622 mede

43 647 64 700 te
82 633 167 703 ralde
193 637 273 725 angi
302 636 431 718 animo,
458 636 548 722 quod
576 636 611 705 in
640 637 796 707 animum
824 659 892 707 non
921 637 1078 721 inducas,
1106 653 1144 709 ut
1166 662 1287 729 pareas

41 721 127 792 edicto
148 727 408 813 Imperatorum.
439 725 500 794 Sed
532 723 671 816 publice
699 725 818 795 saltem
849 727 988 810 slmula,
1007 741 1039 797 et
1063 728 1177 818 specie
1202 729 1286 799 deos

41 809 131 880 adora:
150 813 237 902 apud
262 826 292 885 te
316 827 428 884 autem
448 813 560 896 crede,
586 826 619 883 et
635 814 740 884 adora
765 820 870 884 Deum
898 827 1009 897 tuum,
1029 818 1059 886 is
1083 831 1196 887 autem
1224 819 1285 888 tibi

40 901 165 988 ignoscet
187 917 323 994 propter
339 903 535 1004 impositam
562 903 812 974 necessitatem.
840 909 917 986 Nec,
937 927 1017 974 cum
1044 907 1090 974 sis
1115 908 1167 975 vir
1191 918 1286 977 tanta

41 989 167 1058 doctrina
193 1003 225 1060 et
249 992 438 1082 sapientia,
461 991 550 1062 male
575 1015 694 1083 pereas
718 1004 895 1080 tamquam
921 1015 1013 1063 unus
1039 994 1230 1065 maleficus.
1251 997 1286 1065 Si

42 1077 88 1145 loc
107 1080 190 1147 enim
211 1093 299 1151 esset
323 1092 491 1150 remotum
518 1103 538 1150 a
563 1080 728 1172 periculo,
748 1103 789 1149 ne
814 1080 848 1150 id
873 1081 1012 1169 quidem
1040 1095 1106 1152 ate
1131 1085 1283 1175 require-

39 1188 105 1247 rem,
122 1167 241 1240 multos
263 1169 355 1239 enim
385 1169 505 1260 punivi
530 1183 607 1240 tuae
633 1169 822 1260 religionis,
842 1181 874 1240 et
898 1169 1031 1240 nullius
1058 1194 1134 1242 sum
1163 1173 1282 1244 miser-

40 1267 93 1336 tus,
115 1279 216 1344 neque
239 1261 282 1328 ab
308 1258 379 1328 ullo
395 1280 471 1329 sum
494 1259 614 1328 flexus.
637 1260 697 1328 Tui
720 1278 797 1327 vero
823 1281 983 1349 magnam
1000 1283 1118 1330 curam
1146 1283 1238 1350 gero,
1252 1276 1284 1331 et

38 1358 153 1432 propter
181 1360 210 1416 tc
233 1360 302 1417 tota
326 1360 423 1417 nocte
451 1369 578 1438 magno
613 1369 689 1416 sum
724 1346 841 1416 dolore
876 1349 1064 1418 cruciatus.
1093 1373 1110 1416 »
1137 1354 1282 1420 Sanctus

36 1433 105 1502 dixit
124 1437 329 1505 Eustratius:
356 1459 374 1502 a
401 1441 445 1506 De
460 1436 527 1505 hac
548 1457 582 1505 re
606 1457 648 1505 ne
668 1435 846 1516 crucieris,
867 1459 976 1526 neque
998 1450 1134 1527 propter
1156 1459 1209 1508 ma
1227 1461 1281 1508 ve-

36 1522 97 1592 mas
123 1525 154 1592 in
185 1525 401 1615 periculum:
435 1525 493 1594 sed
525 1524 616 1612 quod
641 1529 891 1616 Imperatorum
925 1539 1062 1595 tuorum
1088 1528 1284 1597 continetur

34 1611 145 1694 edictis,
164 1627 322 1683 accurate
341 1635 518 1701 exequere.
539 1619 607 1704 Ego
631 1613 722 1682 enim
748 1636 860 1700 neque
884 1614 1056 1695 simulate,
1078 1637 1188 1702 neque
1212 1616 1283 1687 ullo

33 1699 88 1769 alio
104 1705 195 1772 modo
220 1703 288 1773 diis
313 1703 381 1772 tuis
398 1703 612 1773 sacrificabo:
631 1701 688 1771 sed
708 1724 776 1771 sem
807 1725 843 1770 er
861 1706 925 1770 Deo
952 1725 1026 1772 meo
1042 1705 1230 1774 confitebor
1247 1707 1280 1774 in

33 1790 186 1873 omnibus,
213 1793 304 1861 etin
331 1791 445 1860 medio
470 1791 656 1861 multorum
678 1726 826 1860 laudale
856 1790 984 1879 ipsum.
1013 1798 1082 1860 Tua
1113 1815 1189 1862 vero
1215 1806 1282 1863 tor-

32 1893 127 1948 menta
145 1903 197 1949 me
221 1892 377 1949 recreant
400 1903 439 1950 ac
463 1881 602 1971 juvant:
629 1892 662 1950 et
686 1879 790 1970 hujus
808 1879 869 1960 rei,
896 1879 925 1948 si
950 1879 1044 1960 velis,
1071 1880 1124 1949 Iac
1145 1882 1281 1969 pericu-

32 1964 100 2035 lum.
122 1991 139 2034 a
163 1973 302 2038 Praeses
324 1980 436 2038 autem
461 1991 540 2040 curn
564 1968 626 2038 diu
653 1990 758 2038 manu
773 1968 906 2038 vultum
928 1968 1073 2049 texisset,
1093 1980 1144 2038 est
1169 1969 1281 2059 lacry-

30 2069 136 2138 matus
155 2058 239 2128 adeo
263 2069 301 2126 ut
324 2059 592 2144 universaquae
616 2056 892 2126 circumsistebat
913 2059 1025 2138 turba,
1047 2079 1125 2126 cum
1152 2079 1279 2147 cogno·-

30 2143 114 2214 risset
136 2145 330 2216 Praesidem
357 2146 509 2215 misereri
536 2145 662 2226 Sancti,
686 2168 800 2214 vocem
825 2145 977 2217 emiserit
1000 2144 1280 2216 lamentabilem:

30 2249 148 2320 cratque
167 2257 315 2324 magnus
336 2234 447 2305 luctus
471 2235 505 2303 in
531 2234 678 2303 civitate.
698 2235 784 2302 Dixit
805 2257 882 2304 vero
900 2248 1039 2304 sanctus
1063 2235 1277 2305 Eustratius:

29 2325 138 2392 «Deus
162 2323 352 2394 altissimus
379 2323 493 2393 irritas
512 2322 613 2392 faciet
634 2323 812 2393 machinas
839 2323 944 2413 patris
965 2325 1014 2392 tui
1042 2336 1192 2393 satanae.
1220 2323 1282 2393 Ille

27 2411 102 2478 enim
121 2413 360 2500 huncquoque
382 2413 415 2480 in
439 2435 492 2482 me
516 2411 684 2504 excogitat
704 2413 937 2484 tentationem.
956 2424 993 2482 ut
1019 2413 1104 2481 mihi
1126 2411 1282 2503 proposi-

26 2509 87 2566 tum
111 2501 273 2590 impediat
306 2502 488 2582 bravlum;
517 2501 570 2570 lac
594 2500 684 2587 quod
718 2499 823 2569 velis:
850 2501 1029 2591 egoenim
1054 2523 1131 2570 sum
1157 2511 1289 2570 servus·

27 2589 145 2657 Domini
162 2590 299 2670 Christi,
318 2603 350 2657 et
375 2589 535 2662 adversor
551 2590 662 2659 edicto
679 2593 941 2678 Imperatorum,
960 2603 991 2658 et
1008 2611 1144 2658 aversor
1163 2612 1282 2660 eorum

26 2675 293 2748 abominationes:
313 2679 477 2768 quoniam
492 2691 573 2748 sunt
592 2678 775 2747 execrandi
791 2691 823 2748 ct
837 2679 915 2768 ipsi,
932 2690 964 2746 et
980 2679 1039 2765 qui
1057 2699 1114 2746 ecs
1127 2676 1280 2747 colunt.»

25 2767 93 2832 tum
123 2789 203 2858 ergo
231 2766 371 2837 vidisset
398 2773 536 2837 Praeses
562 2780 628 2836 tam
655 2766 767 2836 alacre
786 2780 819 2836 et
844 2779 1039 2856 promptum
1074 2767 1148 2858 ejus
1172 2767 1280 2837 animi

23 2853 175 2938 studium,
202 2856 255 2924 vix
280 2856 417 2924 tandem
445 2857 477 2924 in
507 2868 664 2926 sanctum
694 2857 902 2924 Eustratium
931 2856 1164 2945 pronuntiavit
1191 2857 1280 2926 hanc

22 2945 262 3014 sententiann«
288 2945 511 3024 Eustratium,
538 2946 598 3032 qui
621 2965 688 3012 non
711 2944 951 3035 paruitjussui
969 2948 1232 3034 Imperatorum,
1249 2959 1282 3014 ct

22 3030 78 3100 diis
102 3032 210 3102 noluit
230 3034 436 3114 sacrificare,
459 3031 577 3120 jubeo,
601 3033 679 3124 igne
704 3034 882 3116 combusta
911 3033 1018 3102 ferrea
1047 3034 1121 3122 ejus
1145 3035 1276 3116 anima,

21 3118 111 3188 linem
138 3123 305 3212 accipere.
318 3127 431 3192 »Haec
448 3144 526 3191 cum
545 3121 698 3203 dixisset,
716 3142 822 3190 cursu
844 3121 982 3190 recessit
997 3121 1028 3190 in
1050 3124 1274 3193 Praetorium.

56 3211 71 3295 ξ
93 3213 174 3282 Μ.
194 3215 277 3280 Cum
303 3225 415 3280 autem
441 3223 582 3282 sanctus
606 3209 835 3280 abduceretur
851 3209 1055 3291 EustratiuS,
1075 3211 1116 3278 iis
1140 3211 1199 3297 qui
1218 3235 1278 3279 au-

22 3295 149 3366 diebant
172 3299 419 3382 stantibuS,sic
439 3299 565 3369 oravit:
593 3321 611 3366 <t
637 3299 862 3389 Magnificans
888 3297 1116 3388 magnificabo
1141 3313 1188 3379 te,
1219 3303 1282 3368 Do-

23 3389 113 3468 mine,
137 3388 300 3477 quoniam
323 3389 502 3478 respexisti
527 3387 755 3458 humilitatem
784 3409 907 3468 meam,
927 3401 959 3456 et
984 3409 1051 3456 non
1078 3386 1280 3458 conclusisti

21 3495 64 3542 ine
79 3477 111 3544 in
130 3478 292 3547 manibus
312 3477 532 3546 inimicorum
550 3498 718 3556 meorum,
737 3489 825 3545 etex
844 3475 1106 3544 necessitatibus
1123 3475 1279 3565 eripuisti

21 3565 161 3634 animam
181 3587 303 3634 meam.
324 3571 361 3635 Et
386 3587 490 3648 nunc,
513 3565 666 3644 Domine,
689 3577 777 3656 tegat
804 3587 855 3632 me
883 3587 1008 3634 nranus
1024 3577 1094 3646 tua,
1112 3575 1144 3632 et
1168 3563 1283 3633 veniat

21 3673 114 3742 snpra
140 3676 194 3723 me
218 3654 454 3724 misericordia
475 3667 545 3723 tua.
565 3654 732 3736 Quoniam
755 3653 958 3722 conturbata
981 3664 1032 3723 est
1055 3652 1173 3722 anima
1190 3673 1277 3730 nien,

21 3758 45 3808 ct
68 3744 173 3813 tristis
197 3756 249 3814 est
271 3741 354 3813 dum
386 3743 561 3833 egreditur
585 3741 648 3810 hoc
678 3763 831 3830 corpore.
852 3747 896 3811 Ne
920 3741 1004 3811 sorte
1029 3741 1121 3811 mala
1147 3741 1280 3809 inimici

22 3845 155 3914 potestas
171 3832 202 3899 ei
218 3845 386 3912 occurrat,
410 3844 441 3900 et
455 3854 529 3900 eam
550 3829 715 3920 impediat
740 3831 772 3898 in
793 3831 952 3910 tenebris,
972 3845 1109 3987 propter
1130 3843 1280 3919 peccata,

21 3941 92 4004 cuae
118 3943 136 3988 a
164 3942 219 3988 me
247 3920 365 3988 invita
395 3919 583 3989 factasunt
610 3921 642 3987 in
673 3920 878 4008 ignorantia.
906 3921 959 3989 Sis
983 3919 1027 3986 mi
1060 3919 1068 3986 i
1096 3919 1278 4008 propitius,

23 4009 160 4088 Domine,
178 4021 212 4078 et
233 4031 275 4079 ne
299 4009 411 4079 videat
435 4008 552 4080 anima
576 4030 650 4076 mea
677 4008 928 4077 tenebricosum
948 4007 1081 4077 vultum
1109 4007 1278 4076 malorum

22 4095 233 4168 daemonum:
261 4097 319 4167 sed
345 4119 419 4166 eam
445 4098 616 4186 accipiant
640 4097 756 4186 angeli
783 4097 860 4166 laeti
888 4109 920 4165 et
943 4095 1072 4166 lucidi:
1091 4109 1124 4165 et
1139 4096 1188 4195 da·
1207 4095 1283 4184 glo-

24 4185 91 4256 riam
116 4185 256 4257 nomini
281 4199 340 4254 tuo
364 4199 493 4266 sancto,
520 4199 553 4255 et
586 4203 644 4255 tua
675 4189 798 4254 virtute
829 4185 941 4255 deduc
969 4207 1023 4254 me
1053 4184 1095 4254 ad
1121 4183 1279 4253 divinum

25 4274 182 4356 tribunal,
214 4274 300 4344 dum
332 4273 481 4362 judicor.
512 4280 557 4344 Ne
582 4293 636 4343 me
660 4273 930 4363 comprehendat
961 4296 1086 4344 manus
1112 4274 1283 4364 principis

25 4366 128 4454 mundi
146 4364 266 4454 nujus
290 4361 333 4429 ad
364 4361 437 4444 hoc,
457 4377 493 4432 ut
519 4385 573 4432 me
598 4375 809 4452 peccatorem
835 4363 983 4432 attrahat
1009 4363 1042 4431 in
1069 4361 1282 4452 profundum

24 4451 210 4525 inferorum.
242 4448 308 4520 Sed
334 4449 436 4531 adsis,
459 4465 489 4520 et
513 4453 561 4520 sis
587 4451 672 4519 mihi
698 4465 858 4532 servator,
885 4451 1022 4541 adjutor
1042 4463 1074 4522 et
1099 4451 1281 4521 defensor:
