2946 4798
252 271 316 333 att)
632 289 671 334 na
695 289 722 335 s.
749 285 911 336 nantario
936 287 1057 335 iaaira
1312 267 1377 331 litt.
1398 267 1429 328 il

201 370 500 460 jucundissimum
524 382 558 441 et
581 371 729 442 salutare
745 372 927 450 lluentum,
948 371 1018 454 illa,
1038 374 1193 460 inquam,
1216 369 1429 440 accuratissima

207 461 304 542 vitae,
322 481 409 548 quae
425 461 469 532 ab
485 481 524 530 co
543 461 721 550 agebatur,
742 460 898 531 imitatio.
921 465 1097 531 Praeterea
1113 473 1227 530 antem
1245 477 1427 548 supernarum

208 560 412 638 potestatum
435 549 628 632 ministerii,
655 549 748 640 quod
773 549 870 620 nullo
896 570 1019 621 somno
1049 547 1328 638 interrumpitur,
1354 545 1426 616 zela.

206 661 286 709 curn
310 639 391 708 hinc
407 638 575 728 coepisset
590 639 742 720 initium,
766 639 857 709 venit
872 638 915 708 ad
936 640 1084 728 primam
1102 651 1134 708 et
1152 638 1291 708 urbium
1306 636 1428 726 reginarii.

206 727 334 818 Deinde
357 726 488 796 adalia
511 747 649 817 qnoque
673 727 748 797 loca
772 727 909 798 transiit
936 727 1094 798 imitatio.
1120 732 1159 797 Et
1183 728 1255 813 sive
1286 727 1353 813 quis
1375 737 1427 792 terii-

206 817 263 907 pla
282 814 468 897 extruebat,
491 829 550 886 aut
568 816 786 898 monasteria,
809 816 880 886 sive
896 815 1029 904 aliquid
1046 815 1139 886 aliud
1158 835 1295 885 sacrum
1317 813 1424 883 iaciebat.

206 930 226 976 a
242 903 399 974 llarcello
415 905 518 974 etiam
534 905 726 996 accipiebat
741 917 917 976 curatores
933 919 967 976 ct
982 905 1100 977 duces.
1119 905 1173 974 Sic
1193 901 1423 996 monasteriorum

205 1007 238 1064 et
262 992 480 1082 templorum,
507 1014 596 1080 quae
614 1005 712 1064 erant
735 994 876 1085 ubique,
896 997 957 1084 p'er
980 993 1269 1085 suosdiscipulos
1283 1009 1423 1062 cominius

206 1093 376 1153 extractor
399 1081 476 1163 luit,
495 1094 528 1152 et
545 1083 742 1153 communis
766 1097 915 1154 curator.
943 1088 1147 1154 Persuasum
1174 1084 1267 1152 enim
1293 1079 1424 1150 habebant.

206 1171 267 1261 qui
291 1170 374 1240 haec
395 1172 438 1241 ab
462 1169 522 1241 illo
545 1171 767 1260 quaerebant,
797 1193 864 1242 non
890 1171 1002 1242 solum
1027 1195 1064 1242 se
1083 1171 1155 1242 sore
1179 1171 1275 1241 illius
1302 1169 1422 1263 doctrina¹

208 1259 416 1361 participes,
444 1259 502 1330 sed
527 1261 629 1332 etiam
654 1261 841 1349 quamdam
867 1261 1012 1352 gratiam
1044 1273 1076 1331 et
1100 1259 1387 1330 sanctificationem
1406 1273 1429 1321 ai

207 1348 266 1420 illo
290 1349 391 1418 etiarn
417 1348 460 1418 ad
485 1370 542 1418 eos
567 1371 641 1419 esse
672 1361 876 1432 venturam,
909 1349 1082 1438 quomodo
1109 1349 1170 1437 qui
1195 1361 1278 1420 sunt
1302 1364 1429 1418 sacrarii¹

206 1459 376 1526 aquarum
395 1437 590 1528 participes.
611 1438 647 1507 Ei
665 1460 754 1519 vero,
773 1460 854 1508 cuni
876 1439 958 1508 baec
977 1449 1103 1528 ageret,
1123 1437 1244 1508 dolore
1259 1449 1291 1507 et
1308 1436 1429 1519 volupia

205 1525 462 1597 distrahebatur
478 1527 629 1598 animus.
652 1531 733 1596 Nam
752 1541 789 1598 ut
815 1540 908 1616 pater
932 1549 1054 1599 amans
1074 1527 1242 1608 liliorum,
1264 1549 1337 1596 cnm
1354 1525 1377 1592 ei
1394 1541 1430 1588 aii·

205 1615 376 1686 terrentur
399 1614 474 1695 filii,
501 1615 617 1685 dolore
642 1615 866 1686 alliciebatur.
895 1621 936 1686 Ut
953 1616 1015 1704 qui
1038 1629 1152 1686 autern
1179 1630 1328 1685 servator
1348 1610 1429 1681 multi·

206 1726 296 1785 rum,
323 1718 355 1774 et
381 1703 541 1794 perillus
566 1704 796 1774 multisesset
821 1704 927 1786 utilis,
954 1704 1064 1775 laetus
1090 1727 1148 1774 eos
1175 1703 1362 1776 emittebat:
1388 1713 1429 1768 tun

205 1794 321 1874 ctiam,
342 1791 434 1883 quod
460 1792 555 1864 illius
578 1793 719 1881 quidem
744 1793 937 1864 secundum
957 1798 1064 1864 Deum
1082 1794 1156 1874 lilii,
1178 1794 1323 1865 aliorum
1339 1803 1428 1882 patra:

204 1903 323 1964 eorum
345 1893 460 1951 autem
484 1903 574 1963 oves,
601 1881 742 1952 luerunt
759 1893 911 1973 pastores
935 1882 1096 1952 aliorum.
1425 1960 1428 1969 ¹

249 1973 267 2058 ᾗ
292 1975 361 2043 aa.
389 1975 503 2058 Neque
520 1981 633 2040 tamen
655 1981 781 2042 temere
797 1993 837 2041 ac
855 1968 971 2042 leviter
989 1971 1166 2042 emittebat
1182 1969 1381 2061 discipulos:
1397 1983 1428 2030 sa

205 2081 284 2131 curn
310 2081 367 2130 eos
391 2059 490 2149 prius
511 2059 630 2129 multis
649 2060 888 2130 confirmasset
911 2060 1142 2142 sermonibus,
1170 2072 1204 2130 et
1231 2065 1330 2130 Deum
1353 2063 1428 2154 testea

205 2149 241 2218 in
264 2151 324 2218 'eos
344 2149 544 2229 invocasset,
559 2148 651 2236 quod
670 2170 781 2236 neque
801 2170 913 2220 mores
928 2148 1165 2230 dissolverent,
1188 2171 1298 2238 neque
1320 2145 1429 2242 babituri

206 2250 403 2318 mutarent,
429 2257 491 2306 nec
514 2236 557 2306 de
581 2251 741 2308 accurata
771 2259 811 2307 ac
847 2237 995 2328 perlecta
1020 2237 1155 2308 vivendi
1188 2239 1318 2310 ratione
1342 2233 1429 2320 aliqui.

206 2327 435 2396 remitterent:
456 2323 514 2394 sed
531 2337 563 2396 et
579 2325 629 2394 illi
646 2349 770 2408 mores,
792 2327 852 2413 qui
865 2339 963 2396 erant
978 2327 1022 2396 ab
1040 2327 1149 2408 initio,
1173 2340 1345 2415 tamquam
1359 2321 1429 2408 legen

207 2427 370 2515 perpetuo
394 2428 647 2498 conservarent,
674 2429 706 2486 et
731 2417 880 2486 maxime
902 2415 1093 2486 concinnae
1115 2429 1148 2486 et
1173 2438 1236 2506 per
1255 2414 1361 2486 omnia
1373 2425 1431 2502 com·

207 2517 336 2594 positac
354 2502 489 2572 vivendi
502 2502 642 2586 formae,
662 2504 740 2575 aliis
755 2526 880 2576 causae
896 2518 1021 2574 essent.
1041 2504 1096 2574 Illi
1111 2516 1241 2587 aulem,
1259 2525 1341 2594 quac
1353 2491 1431 2569 alili

205 2615 284 2663 acce
310 2603 408 2664 erant
432 2613 576 2661 munera
608 2605 645 2662 at·
672 2593 858 2676 mandata,
886 2605 955 2663 tam
981 2592 1100 2682 pulcre
1123 2603 1374 2665 conservarunt,
1391 2593 1429 2650 ut

203 2614 308 2770 quod
318 2681 390 2772 ipse
414 2679 496 2762 illis,
524 2679 588 2750 lioc
613 2681 680 2771 ipsi
704 2694 819 2753 essent
840 2680 931 2764 aliis,
957 2697 990 2752 et
1015 2703 1235 2782 peromnem
1260 2683 1326 2752 lere
1346 2689 1429 2775 teitau

204 2780 236 2840 et
261 2792 355 2840 mare
379 2769 462 2840 hacc
487 2771 577 2840 bona
601 2771 764 2842 sementis
788 2769 831 2840 ab
854 2770 904 2840 eis
924 2770 1200 2842 distribueretur.
1230 2771 1292 2842 Sed
1315 2768 1351 2837 de
1370 2761 1432 2831 illius

204 2858 345 2948 quidei‘n
366 2857 502 2928 vivendi
526 2857 669 2945 ratione,
697 2871 729 2930 et
750 2871 924 2949 praeterea
947 2860 989 2930 de
1012 2861 1089 2950 ejus
1112 2860 1244 2951 insigni
1270 2855 1366 2951 gloria
1384 2866 1431 2941 pru·

206 2959 280 3039 pter
297 2948 469 3030 virtutem,
491 2959 524 3018 ct
537 2945 628 3034 quod
645 2949 801 3019 omniurn
821 2949 969 3018 maxime
985 2971 1061 3018 eain
1082 2949 1233 3040 fugiens,
1253 2948 1345 3036 longe
1359 2951 1433 3023 magt<

206 3057 288 3107 suae
317 3035 428 3104 lamae
451 3035 647 3108 celebritate
677 3037 832 3127 implevit
856 3059 995 3109 omnem
1020 3050 1158 3119 terram,
1185 3051 1219 3108 et
1244 3048 1392 3127 praetcrea
1407 3021 1433 3088 dr·

204 3124 279 3214 ejus
304 3123 453 3207 solertia,
480 3124 523 3195 dc
543 3125 767 3209 humanitate,
797 3125 840 3196 de
863 3147 995 3208 eorum,
1018 3127 1078 3215 qui
1102 3127 1234 3214 ubique
1259 3135 1356 3200 erant,
1378 3129 1430 3184 cia

206 3226 239 3285 ct
259 3212 505 3284 sollicitudine.
525 3218 570 3284 De
590 3215 656 3297 his,
676 3214 831 3303 inquam,
851 3215 1027 3298 omnibns,
1050 3213 1153 3286 veluti
1175 3214 1337 3303 quaedam
1356 3203 1432 3278 solun

205 3302 334 3373 indicia
357 3314 390 3372 ct
414 3302 556 3404 vestigia
580 3303 787 3395 significavit
811 3303 931 3375 oratio.
957 3304 1036 3376 Vult
1059 3316 1173 3375 autem
1208 3324 1314 3394 pauca
1337 3309 1433 3384 quoqu

205 3395 336 3483 exejus
357 3391 533 3462 miraculis
557 3392 594 3463 in
618 3392 771 3463 medium
789 3393 972 3474 adducere,
1000 3406 1120 3464 elnon
1146 3389 1360 3482 injucundam
1379 3395 1431 3447 cuii

204 3481 350 3551 utilitate
375 3481 606 3551 narrationem
632 3481 752 3572 largiri
777 3481 843 3571 piis
866 3482 1025 3553 auribus.
1395 3551 1422 3563 ,,

249 3571 267 3657 ὅ
290 3573 362 3644 15.
389 3569 536 3653 Quidam
561 3580 629 3640 tres
646 3571 816 3672 Episcopi,
844 3572 905 3660 qui
925 3570 1105 3642 lucranta
1131 3569 1177 3640 ud
1204 3569 1314 3639 hostes
1330 3571 1430 3648 captttl·

206 3669 238 3728 et
255 3659 357 3730 modo
381 3659 516 3730 liberati
531 3673 630 3730 crant
653 3659 858 3740 calamitate,
881 3660 1049 3730 accedunt
1072 3681 1092 3729 a
1133 3657 1335 3734 Marcellum,
1356 3660 1381 3718 θῑ
1397 3661 1431 3709 ¹⁰·

203 3759 297 3840 gant,
313 3761 352 3818 ut
370 3747 477 3829 daret,
495 3747 587 3836 quod
604 3748 654 3818 eis
671 3747 905 3820 reficiendum
922 3761 995 3820 erat
1020 3749 1264 3820 necessarium.
1277 3743 1333 3814 lllc
1349 3743 1429 3832 aulem

204 3859 285 3908 cuin
309 3850 341 3907 et
360 3857 479 3907 eorum
497 3858 616 3908 curam
635 3839 808 3938 gessisset,
825 3850 858 3908 et
873 3859 962 3920 eam,
985 3859 1089 3928 qnam
1115 3837 1306 3927 sperabant,
1323 3823 1429 3898 dedisset

204 3925 254 3998 eis
277 3924 559 4008 consolationem,
587 3927 740 4016 ipsique,
770 3927 936 4015 quoniam
962 3926 1111 3996 multum
1136 3923 1297 4016 temporis
1323 3921 1429 4008 praeter·

206 4017 303 4097 ierat,
317 4014 558 4102 unusquisqne
568 4016 693 4087 domus
704 4037 788 4086 suae
800 4026 832 4086 et
842 4015 1012 4086 Ecclesiae
1027 4013 1264 4094 meminerant,
1276 4009 1321 4080 eis
1331 3989 1429 4084 abiait

204 4103 403 4194 suppeditat
420 4102 594 4174 viaticum.
616 4104 784 4174 viaticum
803 4125 881 4175 vcro
898 4114 970 4175 crat
984 4124 1131 4184 aurum;
1151 4115 1183 4173 et
1194 4103 1290 4193 jubet
1303 4099 1426 4191 canat}

205 4193 374 4292 impensis
401 4203 554 4283 praeerat
576 4192 663 4283 (erat
683 4205 796 4264 autem
821 4193 853 4262 ei
878 4213 1002 4264 nomen
1027 4189 1213 4282 Julianus),
1230 4207 1308 4259 auro
1322 4181 1427 4250 dolati>

205 4283 392 4432 Episcopus
410 4281 575 4351 emittere.
603 4286 637 4351 Is
661 4303 738 4353 vero
758 4303 798 4351 ex
815 4281 946 4364 decem,
973 4303 1061 4370 qnos
1085 4291 1167 4350 tunc
1193 4275 1335 4352 habebat,
1357 4271 1426 4358 state·

205 4365 233 4433 ri
262 4387 313 4446 us,
336 4368 449 4438 solum
465 4381 510 4442 tot
528 4368 636 4453 affert,
654 4383 736 4459 quot
756 4383 853 4442 erant
873 4370 936 4441 viri
953 4391 1111 4442 numero.
1129 4374 1269 4460 llagnus
1283 4371 1377 4434 autern
1389 4341 1426 4416 ille
