2968 4834
409 313 503 360 raoni
529 315 631 358 auara
656 313 848 360 sarnanum
1173 303 1234 368 430

14 397 227 462 toeumentum
247 392 413 466 martyriale
438 395 467 452 S.
490 393 612 466 Eulogii,
642 398 738 452 Dona
753 410 855 464 magua
866 393 910 453 eui
923 394 997 454 Deus
1008 395 1117 464 tribuit,
1130 413 1218 468 parra
1231 415 1275 454 re·

34 471 127 530 1045&
682 472 885 545 prehensibilis
906 475 1052 546 relinquit,
1069 490 1104 531 ue
1124 477 1276 533 extollatur

14 553 138 607 telensis
158 549 238 621 urbs,
254 566 285 620 Χ,
302 553 369 608 672.
543 619 548 628 ‚
682 558 712 608 et
732 553 761 608 in
783 568 813 632 se
834 553 1002 625 corrigendo
1017 551 1137 624 laboret,
1149 571 1195 626 iv,
1208 555 1275 614 280.

14 632 89 684 >olor
110 630 137 684 in
157 643 288 686 euroram
303 635 396 688 morte
410 628 549 701 quomodo
564 631 611 686 mi·
642 633 839 690 Donatistae
859 631 1005 703 haeretiei,
1023 631 1106 690 127*.

30 707 161 776 rigandus,
177 720 212 779 11,
228 709 297 767 587.
642 712 816 768 Donorum
836 709 888 768 Dei
906 726 1038 770 mensura
1051 717 1080 767 et
1093 710 1217 782 effeetus,
1229 727 1274 784 iv,

14 788 90 841 tolor
110 788 216 860 proprii
235 785 381 844 infortunii
397 791 440 844 est
453 782 614 845 refraenari·
682 791 751 848 537.

30 865 86 932 dus,
102 879 142 922 ni.
158 866 228 924 455.
644 870 777 925 Donum
810 883 892 926 omne
924 866 1081 940 perlectum
1116 875 1142 925 et
1178 868 1276 926 datum

14 945 88 999 tolor
118 943 266 1002 vehemens
295 943 438 1015 lacrymas
471 942 613 1014 prohibet,
682 962 763 1002 omne
784 947 920 1016 optimum
941 963 958 1003 a
979 946 1050 1014 Deo,
1069 963 1099 1018 Χ,
1116 947 1185 1008 553.

30 1037 69 1087 rr,
84 1023 150 1081 284.
642 1027 833 1082 Doreestrie
853 1025 1008 1096 provincia,
1025 1040 1080 1096 ΧΗ,
1098 1029 1146 1085 69.

14 1103 88 1155 >olor
108 1101 257 1158 vehemens
278 1100 387 1170 matris,
399 1101 428 1158 iu
449 1115 561 1158 suorum
583 1099 613 1156 fr-
643 1105 795 1161 Dormire
817 1103 930 1169 malum,
949 1119 1012 1160 eum
1033 1106 1163 1163 iuimicus
1182 1112 1276 1162 noster

31 1179 122 1236 llorum
143 1179 234 1249 obitu,
250 1194 279 1248 Χ,
295 1181 362 1237 279.
683 1183 790 1254 vigilat,
807 1197 863 1250 ΧΠ,
881 1183 949 1238 584.

14 1259 87 1312 tolor
115 1257 265 1316 vehemens
289 1257 398 1330 patrati
422 1257 615 1330 impudicitiae
642 1263 806 1317 Dormitio
836 1259 870 1320 B.
898 1259 1023 1331 Virginis
1054 1257 1178 1332 Mariae,
1205 1276 1274 1333 virt,

30 1337 142 1405 sceleris,
157 1352 205 1407 111,
222 1337 289 1394 308.
682 1341 740 1396 334
761 1347 788 1392 et
809 1341 878 1396 341.

14 1417 138 1472 tolerem
162 1415 264 1487 addit,
284 1417 331 1488 qui
354 1415 498 1474 seientiam
523 1411 612 1480 addit,
643 1419 849 1474 Dormitione
873 1415 933 1490 (de)
958 1415 993 1473 Β.
1014 1416 1125 1474 Mariae
1150 1416 1276 1488 Virginis

31 1509 57 1560 Χ,
72 1497 117 1554 53.
682 1503 711 1553 et
731 1495 766 1552 de
787 1503 926 1567 apparatu
940 1495 1104 1563 triumphali
1119 1495 1196 1552 eirea
1211 1513 1277 1553 exa·

14 1573 163 1630 romentini
183 1571 289 1632 milites
309 1573 357 1645 qui
372 1570 546 1644 dicebantur,
561 1585 611 1628 xri.
682 1574 756 1631 nime
777 1574 901 1646 eiusdem
923 1590 1035 1646 eorpus.
1051 1589 1118 1646 vrrr,
1135 1577 1203 1634 342.

32 1651 90 1708 340.
564 1677 579 1706 o
643 1657 849 1711 Dorostorus
871 1652 950 1725 urbs,
973 1653 1057 1712 645&

14 1729 190 1788 tumeatioos
211 1745 283 1802 quos
297 1728 430 1787 habuerit
450 1727 480 1789 S.
497 1726 614 1788 carolus
643 1735 781 1790 Drentia
802 1731 956 1804 pruvincia,
971 1748 1015 1802 xi,
1032 1733 1100 1793 330.

33 1805 162 1881 Burrum,
181 1825 226 1881 xi,
243 1809 311 1867 245.
644 1815 771 1868 Dresda
793 1811 869 1880 urbs,
884 1826 928 1879 vr,
945 1813 1013 1870 374.

14 1887 131 1956 lemine,
146 1907 201 1962 quo
222 1885 322 1946 uadis:
343 1885 401 1945 sire
420 1881 487 1944 lesu
509 1885 613 1944 Christi
644 1892 783 1948 Duobus
805 1888 845 1964 (e)
870 1889 995 1962 sanetis,
1019 1888 1080 1946 loeo
1100 1896 1128 1948 et
1149 1897 1277 1962 ternpore

35 1981 154 2024 occursus
171 1970 199 2024 in
214 1967 331 2024 Petrum
346 1963 513 2039 Apostolum
525 1964 615 2023 Rama
682 1969 833 2039 distinctis,
848 1983 933 2024 unum
954 1965 1086 2037 conflari,
1101 1969 1129 2024 in
1151 1969 1275 2038 hagiolo-

33 2051 178 2118 ere'untem,
195 2060 239 2115 vr,
256 2047 324 2104 628.
682 2048 745 2118 gion
765 2063 819 2104 nou
840 2045 1004 2103 inusitatum
1027 2049 1078 2112 est,
1100 2063 1129 2116 Χ,
1145 2049 1214 2106 537.

14 2123 154 2182 lominica
173 2125 268 2198 prima
288 2122 483 2182 hebdomadae
499 2123 561 2181 diss
576 2119 613 2181 t·
642 2127 806 2183 Durentia
826 2122 936 2194 fluvius,
951 2139 995 2191 Χῐ,
1011 2125 1077 2182 519.

35 2204 214 2276 postoloruur,
239 2201 414 2276 temporibus
438 2209 538 2261 rotata
563 2209 613 2272 est,
644 2206 797 2262 Duriorls
827 2205 902 2262 ritae
927 2219 1012 2276 quam
1038 2203 1159 2262 libenter
1179 2221 1275 2262 ornnes

32 2293 78 2348 xri,
96 2285 159 2339 592.
682 2285 842 2342 occasiones
867 2282 896 2340 S.
920 2281 1038 2340 Carolus
1068 2282 1198 2342 Borrom.
1225 2299 1274 2341 ua·

14 2360 192 2437 lominieani
213 2357 328 2418 Ordinis
349 2360 481 2431 elogium,
497 2377 528 2428 v,
546 2361 611 2420 132.
682 2368 844 2434 ptaret,x1,
862 2363 930 2418 227.

14 2437 148 2497 toniinioi
168 2439 225 2498 diei
247 2439 449 2510 sanctinum,
465 2441 533 2498 246.
642 2445 876 2500 Durovernum
895 2438 971 2508 urbs,
990 2438 1071 2498 171*.

14 2515 147 2578 taminiot
171 2520 241 2577 olim
266 2519 440 2577 rotabantur
461 2517 613 2585 Ecclesiae,
641 2521 818 2578 Duumriri
832 2520 880 2590 qui
894 2517 1076 2590 rotabantur,
1095 2519 1277 2596 ipsorumque

34 2595 106 2656 litii.
682 2597 781 2663 officia.
799 2615 827 2667 Χ,
844 2599 913 2658 610.

14 2672 155 2733 lominioo
176 2676 223 2734 die
243 2674 387 2746 laborans,
408 2671 511 2732 mulier'
528 2675 612 2748 puni·
642 2681 811 2748 Dyptioha
831 2675 899 2748 quid
920 2683 1022 2745 essent,
1038 2673 1103 2736 85⁴¹.

34 2757 83 2818 tur,
98 2770 139 2825 xi,
157 2757 204 2815 67.

14 2829 154 2890 >ominioo
175 2835 222 2891 die
243 2849 370 2904 operans,
388 2843 508 2904 utraque
530 2846 614 2888 mauu

34 2912 205 2984 teutrahitur,
222 2927 277 2980 v11,
293 2913 360 2970 298.

14 2985 157 3047 lemiuieo
187 2992 235 3048 die
259 3006 329 3062 opus
355 2989 456 3046 servile
482 3003 614 3046 exercens
940 2965 977 3039 E

34 3067 612 3141 panitur,sanatur,admonerent-ritem.

14 3141 157 3205 taminiae
189 3147 250 3226 (S.)
284 3146 353 3205 Ord.
382 3145 614 3205 praedicatorum
641 3149 841 3206 Dadbaldus
862 3146 890 3202 in
915 3144 1020 3216 Majori
1043 3143 1193 3202 Britannia
1214 3145 1275 3204 Rex

34 3219 173 3284 fundatore
192 3226 371 3300 praeclarum
392 3224 614 3284 testimoniume
683 3228 717 3284 ad
739 3225 821 3284 iidem
844 3225 1154 3293 conversus,1v‚577.

35 3297 60 3360 S.
80 3299 226 3364 detherius
247 3305 366 3364 Sedens.
390 3301 486 3364 divina
505 3305 612 3362 revela·
642 3309 832 3364 Dborsoum
853 3302 931 3374 urbs,
947 3319 977 3372 Χ,
992 3303 1059 3359 331.

35 3379 101 3437 tione
120 3385 270 3457 prolatum,
286 3400 330 3453 ιν,
347 3385 416 3440 729.
643 3388 798 3443 Ebrietas
812 3398 874 3440 eum
883 3381 1030 3440 iracundia
1039 3379 1202 3456 eonjuueta,
1218 3395 1277 3450 xit,

14 3454 134 3518 leminis
160 3462 335 3536 imputantur
356 3478 428 3534 quae
449 3477 545 3518 eorum
565 3477 615 3517 ru·
686 3466 752 3524 103.

37 3537 91 3592 stiei
111 3548 137 3597 et
157 3540 274 3612 tumuli,
299 3543 333 3599 iis
356 3556 410 3598 non
435 3537 614 3612 prohibenti·
644 3545 865 3599 Dbrodunum
887 3538 963 3598 urbs.
987 3537 1050 3596 08*.

36 3609 91 3684 bus,
105 3618 201 3678 illicita
221 3626 346 3693 patrant,
362 3634 406 3689 vr,
423 3621 492 3680 558.
644 3621 787 3678 Dbroiea
808 3617 885 3691 urbs,
908 3617 995 3676 712*.

14 3689 127 3754 lomina
147 3697 189 3773 (a)
210 3702 444 3773 peregrinamur,
470 3698 559 3756 donee
588 3696 617 3753 in
644 3701 826 3757 Dbroieum
847 3697 925 3770 urbs,
948 3694 1031 3756 561*.
1193 3769 1199 3782 ¹
1252 3768 1259 3782 .

40 3785 145 3844 corpore
165 3794 268 3849 sumus,
283 3795 314 3850 Χ,
332 3780 399 3838 500.
645 3779 787 3836 Dbrolni
811 3775 975 3846 simulatio,
1000 3770 1119 3846 perfidia
1140 3779 1168 3829 et
1192 3785 1279 3840 rmpra

14 3845 197 3914 Domitianus
217 3857 386 3930 Imperator,
403 3855 539 3926 Χ11,465.
686 3855 839 3915 erudelitas
863 3855 892 3912 iu
913 3853 943 3914 S.
970 3853 1144 3924 Episcopum
1170 3847 1279 3907 Laode-

14 3923 115 3988 Domue
143 3942 169 3991 et
195 3934 304 3994 familia
328 3934 483 3994 christiana
503 3941 533 3993 et
551 3950 617 4007 pru·
686 3934 807 4007 garium,
821 3949 853 4003 Χ,
869 3935 906 3992 69
921 3941 950 3990 et
965 3935 1014 3991 74.

41 4003 101 4064 deus
120 4011 275 4085 discipline,
291 4029 336 4087 rx,
352 4016 420 4073 645.
646 4019 824 4072 Eburones
844 4011 951 4084 populi,
967 4027 1012 4080 rx,
1029 4010 1099 4068 403.
1263 4083 1267 4089 ¹

14 4078 119 4144 Domus
147 4095 234 4150 saneti
256 4091 389 4166 Episeopi
411 4109 428 4150 a
447 4090 620 4165 pauperibus
647 4094 843 4152 Decelinum
861 4098 1017 4162 tyrannum
1039 4090 1110 4146 mire
1132 4085 1228 4142 domat
1248 4083 1277 4142 b.

42 4169 66 4215 et
85 4165 118 4222 ab
137 4167 252 4228 infirmis
274 4170 478 4244 frequentatur,
494 4185 539 4242 iv,
552 4173 619 4229 247.
687 4171 826 4228 Antonius
841 4167 1008 4238 Patauinae,
1025 4183 1069 4237 rr,
1086 4168 1155 4224 307.

14 4233 119 4300 Domus
140 4243 167 4307 S.
181 4247 301 4322 calixti,
322 4253 351 4307 in
373 4250 507 4323 templum
529 4249 620 4310 eidem
648 4251 802 4308 Doulosia
816 4247 885 4321 Dei,
901 4247 1010 4306 duobus
1032 4246 1160 4303 consistit
1174 4240 1280 4300 ordini-

44 4316 156 4382 dleatum
176 4344 311 4390 eorrersa
330 4328 394 4396 iuit.
410 4344 441 4401 Χ,
459 4330 528 4388 307.
688 4325 845 4400 basiliere
860 4327 965 4386 seiheet
976 4331 1005 4384 et
1016 4323 1194 4398 popularum,
1209 4320 1279 4381 570.
