2994 4832
44 276 140 342 nant
308 296 348 342 nn
374 296 402 342 s.
432 291 530 342 rnrno
554 294 662 344 cnara.
690 295 870 346 xxvannxr.
897 297 946 343 nr.
1183 281 1225 346 to

44 379 223 448 larbatianus
252 383 318 448 Deo
341 379 507 460 serviens
535 380 652 450 maltis
678 379 847 480 prodigiis
879 381 1113 452 innotescebat
1136 381 1171 451 in
1195 377 1270 451 dics

43 468 122 556 nagis
141 489 176 536 ac
194 467 320 558 magis:
356 468 544 556 exquibus
580 469 664 538 illud
703 491 852 539 maxime
875 470 1161 552 commendatur,
1200 492 1270 558 qno

41 556 137 624 tuliani
152 557 349 628 Ravennatis
363 557 572 628 nobilissimi
591 558 654 626 viri
673 557 797 640 lilium,
814 559 957 629 strumis
977 560 1025 628 ita
1042 558 1266 640 laborantem,

39 657 64 712 nt
78 644 112 712 ab
131 645 279 714 omnibus
299 647 375 734 jam
400 659 494 716 esset
513 645 724 735 desperatus,
745 648 898 717 sanavit:
920 670 1014 730 curn,
1034 649 1142 717 sacris
1168 670 1266 738 pera-

38 735 93 810 ctis,
114 733 295 803 cubiculum
327 737 520 826 ingressus,
559 757 636 804 mox
662 758 701 804 ex
725 758 804 805 cera
826 741 1071 827 emplastrum,
1099 738 1268 806 imminu-

38 833 146 908 tunque
182 845 276 891 anem
294 847 376 894 cum
391 823 466 893 oleo
479 824 637 904 mixtum,
658 824 834 894 ulceribus
847 826 1080 915 imposuisset,
1099 825 1267 916 signoque

37 913 125 979 Crucis
145 845 364 1001 obsignasset‚
395 923 534 1001 repente
559 913 652 982 enirn
685 912 853 1004 disruptis
876 914 945 984 illis
969 937 1102 984 vermes
1139 915 1269 1006 egressi

36 1013 104 1076 sunt,
126 1010 154 1067 et
172 1022 250 1088 puer
270 1002 403 1094 ingenti
429 1001 597 1071 miraculo
620 1001 855 1072 insanitatem
876 1004 1063 1073 restitutus.

66 1089 131 1173 §a
147 1089 214 1158 Pari
231 1088 392 1160 felicitate
416 1113 456 1159 ac
482 1090 651 1180 prodigio,
680 1091 890 1160 Theodoram
918 1093 1118 1182 primariam
1147 1091 1269 1160 mulie-

35 1195 101 1252 rem,
122 1177 302 1248 refractario
331 1179 516 1268 sanguinis
540 1179 635 1248 lluxu
666 1179 709 1247 ad
735 1180 1006 1270 desperationem
1038 1180 1265 1261 laborantem,

35 1264 146 1334 sanant.
165 1271 240 1336 Cum
258 1268 352 1336 enirn
372 1270 422 1336 vir
437 1280 589 1349 sauctus,
609 1267 779 1339 deductus
795 1269 837 1338 ad
862 1292 950 1351 eam,
975 1271 1007 1337 in
1024 1292 1092 1357 qua
1108 1291 1269 1359 expressa

35 1353 127 1422 nortis
146 1354 264 1445 effigies
290 1356 484 1436 ridebatur,
510 1377 585 1424 eam
611 1357 749 1427 intuens
783 1357 944 1428 dixisset:
973 1359 1180 1440 «Christus,
1206 1360 1266 1446 qui

35 1439 81 1510 linc
102 1444 196 1513 morbi
210 1467 334 1536 genere
352 1445 563 1515 laborantem
584 1444 738 1514 liberavit
752 1446 950 1532 mulierem,
971 1459 1002 1516 te
1022 1459 1128 1526 sanet;
1144 1469 1269 1534 quam*

34 1529 125 1599 obrem
147 1533 210 1620 ejus
238 1534 382 1604 nomine
407 1534 468 1603 tibi
498 1534 669 1623 praedico,
703 1557 807 1625 surge
829 1548 862 1605 et
885 1535 1072 1616 ambula;»
1093 1535 1269 1605 Theodora
1346 1537 1350 1546 “

35 1619 125 1686 statim
148 1620 181 1688 ad
215 1623 396 1692 sanitatem
439 1622 578 1692 reducta
608 1635 676 1703 est,
703 1624 804 1712 cujus
840 1623 997 1694 beneficii
1027 1625 1267 1714 magnitudine

34 1722 180 1789 commota,
202 1709 365 1799 frequens
386 1711 509 1780 deinde
526 1711 634 1780 virum
656 1725 812 1782 sanctum
838 1713 1074 1794 conveniebat,
1101 1714 1144 1783 ab
1159 1735 1267 1800 eoque
1386 1777 1390 1786 .

35 1793 172 1866 derristi
186 1800 348 1901 religione
361 1799 560 1870 docebatur.
575 1805 697 1869 Verum
712 1802 877 1882 UrsicinS,
896 1801 1088 1872 Theodorae
1107 1803 1263 1884 maritae,
1300 1872 1303 1878 ,

36 1882 170 1955 intantum
191 1889 229 1957 ob
251 1890 288 1958 rd
320 1889 507 1978 zelotypiae
534 1909 635 1958 caeco
661 1888 775 1959 lurore
802 1890 938 1970 exarsit,
974 1903 1010 1959 ut
1033 1891 1182 1977 quadam
1209 1891 1265 1960 die

39 1973 92 2038 sub
105 1994 231 2046 auroram
246 1979 282 2047 in
300 1978 558 2058 barbatianum,
576 1977 636 2064 qui
654 1979 772 2048 orabat
789 1978 823 2047 in
841 1979 968 2069 templo
983 1983 1100 2060 Derim,
1113 1979 1267 2049 districto

42 2061 267 2152 enseimpetum
299 2066 439 2136 lecerit:
466 2065 523 2136 sed
545 2067 710 2136 continuo
726 2068 816 2136 aruit
843 2091 978 2150 manns,
1008 2068 1267 2154 immobilisque

44 2167 211 2235 permanens,
226 2158 299 2226 viro
325 2167 442 2226 sancto
466 2167 594 2234 orante,
614 2158 702 2224 Dens
717 2156 766 2225 illi
792 2157 938 2226 restitnit
958 2156 1152 2225 sanitatem.

72 2237 90 2334 1ξ
104 2241 143 2335 ΙΙ.
164 2245 315 2314 Paridem
338 2259 474 2334 tempus
490 2249 609 2314 Petrus
628 2243 925 2336 lrcbiepiscopus,
945 2245 987 2314 ad
1009 2244 1179 2314 Ecclesiae
1205 2244 1266 2312 ad·

40 2330 276 2421 ministrationem
305 2354 505 2414 conversus
531 2331 703 2401 Tricollim
732 2345 997 2423 aggressusest,
1028 2333 1119 2420 quod
1149 2333 1265 2402 aedifi-

36 2432 130 2496 cium,
151 2419 184 2486 ad
205 2423 307 2491 trium
347 2421 489 2492 collium
523 2421 748 2491 simulacrum
783 2434 998 2504 extructum,
1026 2420 1265 2492 sacerdotibus

34 2503 142 2573 Ursiani
161 2511 290 2600 templi,
325 2513 504 2580 stationem
531 2521 639 2579 tutam
675 2511 920 2598 assiduamque
953 2512 1145 2600 praebebat.
1177 2509 1217 2580 ld
1243 2533 1263 2580 a

29 2598 246 2688 successoribus
263 2599 464 2669 admirabili
477 2597 714 2668 aedificatione
730 2600 940 2680 absolutum,
970 2621 1061 2668 nunc
1081 2621 1146 2669 non
1163 2611 1263 2669 extat.

28 2681 89 2766 Ejus
111 2685 202 2756 vicem
221 2687 373 2758 reddunt
397 2688 497 2767 horti,
516 2687 576 2774 qui
595 2687 687 2757 circa
706 2689 883 2759 Ursianam
901 2688 1018 2758 aedem
1044 2687 1266 2778 conspiciun-

27 2777 76 2834 tur.
100 2776 263 2865 Templum
291 2789 464 2868 praeterea
494 2775 657 2857 sacravit,
684 2777 774 2863 quod
802 2790 918 2846 sancto
948 2777 1069 2848 loanni
1095 2777 1264 2867 Baptistae

24 2857 185 2932 Baduarins
205 2867 310 2955 jussu
326 2865 497 2935 Placidiae
517 2863 765 2934 aedificaverat.
785 2869 937 2954 Cumque
961 2865 1112 2936 Placidia
1145 2867 1266 2936 Arimi-

26 2965 92 3014 num
114 2972 145 3019 se
165 2954 377 3034 contulisset,
411 2953 616 3024 incumbens
633 2954 667 3023 in
695 2954 965 3024 aedificationem
993 2955 1109 3046 templi
1137 2959 1169 3024 S.
1195 2961 1265 3026 Ste-

23 3033 126 3120 phano,
146 3039 234 3112 baud
262 3043 381 3132 procul
410 3043 453 3112 ab
478 3041 574 3111 urbis
600 3044 791 3124 moenibus
819 3043 988 3122 dedicati,
1017 3044 1266 3130 incidissetque

10 3125 219 3202 barbatianus
243 3133 278 3200 in
304 3132 410 3202 levem
440 3131 580 3220 quidem
606 3131 777 3213 morbum,
805 3132 861 3201 sed
896 3132 1102 3221 pertinacem
1128 3133 1188 3219 qui
1213 3131 1266 3200 illi

23 3218 280 3300 postremuslnit,
300 3225 419 3290 Petrus
442 3221 621 3290 certiorem
648 3220 724 3290 lecit
755 3221 954 3298 Placidiam,
985 3241 1073 3308 quae
1099 3220 1263 3290 omnibus

22 3317 136 3387 reponte
159 3307 295 3389 relictis,
322 3315 519 3379 Ravennam
538 3309 739 3388 convolavit,
765 3309 823 3378 nbi
851 3331 917 3380 non
947 3310 1055 3378 multo
1081 3320 1156 3397 post
1182 3314 1264 3376 Bar-

22 3383 158 3463 batianus
181 3398 362 3484 tranquille
389 3411 421 3467 et
457 3397 591 3488 placide
627 3399 777 3466 animam
809 3398 991 3468 exhalavit.
1020 3399 1067 3468 th
1089 3401 1267 3466 Petro-Ar·

21 3477 214 3574 cbiepiscopo
229 3485 375 3568 ablatus,
401 3499 433 3558 et
449 3499 599 3556 aromate
623 3487 801 3566 conditus,
829 3487 985 3578 sepultus
1004 3497 1055 3556 cst
1082 3486 1115 3554 in
1143 3506 1266 3554 monu-

22 3583 114 3638 nento
142 3573 236 3661 juxta
266 3597 362 3662 aram
395 3576 580 3645 maximam
607 3579 638 3643 S.
671 3575 816 3645 loannis
840 3576 1020 3666 Baptistae.
1057 3579 1263 3665 Temporum

21 3673 174 3751 successu.
194 3685 270 3732 cum
287 3665 363 3753 ejus
378 3665 511 3734 nomini
524 3675 674 3734 erectum
697 3663 817 3734 luisset
832 3665 1012 3754 templum.
1032 3663 1123 3733 haud
1145 3660 1264 3752 procul

10 3754 53 3807 ab
72 3749 100 3814 S.
125 3752 310 3833 Zachariae,
339 3752 422 3822 illuc
446 3753 591 3822 cadaver
622 3753 844 3842 importatum
879 3752 954 3822 luit.
989 3757 1163 3822 Caeterum
1192 3763 1266 3821 tan·

21 3827 80 3980 pam
100 3855 271 3991 porruente
289 3841 428 3931 templo,
447 3864 486 3911 ac
505 3841 617 3932 potius
635 3841 803 3924 aedicula,
822 3843 858 3912 in
875 3841 1054 3912 Ursianam
1079 3840 1198 3911 aedem
1215 3851 1266 3910 est

10 3937 212 4002 ,ransatnm

10 4023 12 4058 ³
45 4009 70 4102 ,ξ
88 4019 130 4082 5.
156 4020 277 4088 lnterea
301 4041 380 4090 cum
403 4019 574 4108 Eutyches
588 4019 773 4109 Byzantius
788 4019 910 4100 abbas,
937 4017 1157 4089 factiosorum
1184 4040 1260 4108 ope,

26 4090 234 4175 disseminaret
256 4107 378 4178 lalsaxn
403 4108 619 4189 doctrinam,
650 4129 850 4178 asseverans
881 4108 915 4176 in
947 4107 1079 4178 Christo
1109 4107 1263 4176 divinam

27 4197 160 4258 naturam
182 4215 254 4264 curn
290 4197 446 4266 humana
473 4197 506 4266 in
532 4197 622 4267 idom
652 4197 827 4268 recidisse.
850 4201 982 4284 Leoque
1014 4195 1177 4276 Pontilcx,
1204 4195 1265 4284 qui

27 4269 109 4354 lpsto
125 4299 332 4364 successerat,
350 4287 571 4356 tricentorum
593 4297 625 4356 et
645 4285 822 4376 sexaginta
838 4286 1086 4375 Episcoporum
1102 4283 1145 4362 ad
1164 4282 1265 4354 Chal-

28 4359 165 4434 calonem
179 4387 355 4445 convocato
372 4375 534 4458 Concilio,
561 4395 636 4445 earn
661 4387 791 4466 pestem
818 4373 1101 4465 restinguendam
1127 4392 1265 4444 summa

463 4509 476 4542 Ι
