2946 4798
34 301 96 365 llll.
117 303 154 367 28
350 323 389 369 ιιι
414 323 458 370 ss.
487 321 577 380 rnna,
604 322 712 370 nonna
736 322 803 369 arc.
832 324 888 369 ιιι.
1153 309 1216 373 545

32 407 215 494 apparebunt,
231 406 418 508 intelligere
437 427 580 496 eaquae
604 419 686 476 sunt
705 406 862 476 obscura.
882 406 1030 477 »Audiit
1047 409 1254 491 Praefectus,

31 505 52 561 et
65 515 127 563 cum
143 494 288 565 lubenter
302 496 492 566 evidentem
518 495 716 566 admisisset
741 497 988 586 probationem,
1006 496 1049 565 ab
1074 498 1124 566 eis
1148 498 1260 569 aufert

30 581 130 662 clavcs;
152 597 277 654 etcum
314 586 527 674 aperuisset,
563 584 692 654 invenit
729 586 908 674 protinus,
937 585 996 654 sed
1026 607 1093 655 non
1121 600 1159 656 ut
1185 589 1260 677 ipse

29 671 162 757 sperabat,
182 672 235 742 ssd
259 695 310 754 ea,
337 693 426 761 quae
454 693 529 742 vere
552 685 650 742 erant
674 673 880 755 veneranda,
913 693 1036 764 nempe
1060 687 1092 744 et
1119 675 1257 746 divinae

27 761 115 829 trucis
136 759 295 852 figuram,
322 775 356 832 et
389 762 517 831 librum
550 774 834 844 sacrosanctum,
866 783 989 851 nempe
1018 763 1256 852 Apostolorum

27 849 73 914 lieo
89 862 187 938 gratas
205 851 374 920 Actiones:
396 864 430 920 et
447 863 620 940 praeterea
636 852 893 941 posscssionum
913 853 1117 922 vacuitatem
1134 875 1256 923 eorum

24 936 67 1020 qni
88 939 224 1010 incaelis
249 961 414 1030 magnum
440 939 640 1009 thesaurum
668 940 916 1010 recondebant:
943 943 1045 1030 cujus
1061 942 1258 1030 praeclarae

23 1045 86 1112 opes
99 1041 181 1096 arant
194 1028 280 1099 duas
297 1042 437 1107 storeae,
458 1029 492 1096 in
512 1028 605 1097 nudo
623 1029 694 1098 solo
711 1042 847 1109 stratae,
867 1049 944 1098 vere
1005 1051 1206 1100 cerasorum
1225 1044 1259 1101 et

23 1110 165 1186 beatorum
188 1121 338 1187 [lamnae
360 1129 393 1186 et
416 1117 522 1186 Indae
548 1117 731 1207 magnifica
757 1117 928 1207 supellex:
967 1118 1059 1188 rctile
1084 1131 1259 1208 praeterea

23 1200 200 1274 thuribulum
221 1219 253 1275 et
280 1206 434 1287 lucerna,
463 1219 495 1276 et
524 1205 637 1295 lignea
653 1206 783 1288 arcula,
804 1207 839 1274 in
866 1227 933 1293 qua
957 1221 1182 1297 reposuerant
1206 1231 1258 1278 sa·

21 1311 97 1358 cram
115 1292 320 1376 oblationem,
347 1297 448 1384 cujus
472 1295 601 1364 fiebant
626 1294 821 1385 participes.
845 1299 944 1364 Hunc
967 1315 1050 1386 ergo
1075 1297 1202 1366 librum
1227 1309 1260 1368 et

21 1379 143 1450 arculam
165 1405 238 1453 cum
258 1385 390 1474 impius
414 1384 602 1473 accepisset
621 1386 823 1466 Eunuabus,
847 1385 989 1475 rogabat
1012 1385 1071 1454 ubi
1096 1398 1185 1456 esset
1208 1387 1259 1456 eis

20 1487 128 1550 aurum,
145 1473 310 1564 vestisque
328 1474 487 1562 pretiosa,
512 1486 545 1541 ct
569 1473 636 1542 alia
662 1473 815 1563 supellex
832 1472 974 1630 clepens
998 1487 1031 1543 et
1054 1475 1254 1565 magnifica.

20 1557 82 1624 lum
95 1572 194 1630 autem
207 1562 257 1630 illi
275 1582 400 1631 rursus
416 1561 722 1652 interrogationum
743 1561 874 1632 nullam
918 1576 1057 1632 acentes
1075 1565 1255 1644 rationem,

20 1655 120 1716 starent
131 1661 284 1732 tacentes,
304 1671 361 1720 eos
377 1650 518 1720 tradidit
531 1650 752 1738 torquendos.
776 1650 839 1721 Sed
857 1652 907 1722 sic
926 1671 1063 1738 qnoque
1077 1653 1191 1740 reipsa
1206 1665 1258 1724 est

18 1747 144 1820 arpertus
158 1761 192 1807 sc
206 1739 335 1810 frustra
357 1739 495 1830 pulsare
511 1739 730 1809 adamantes:
756 1741 801 1810 ab
824 1740 874 1809 eis
893 1741 984 1808 enim
1007 1740 1093 1810 nihil
1112 1741 1258 1812 omnino

19 1821 129 1893 audivit.
156 1831 254 1898 Sacer
272 1847 353 1898 vero
369 1828 426 1898 ille
451 1828 549 1910 liber,
575 1841 607 1899 et
632 1839 806 1918 praeterea
828 1828 971 1911 arcula,
997 1842 1036 1898 ut
1054 1849 1143 1915 quae
1168 1829 1256 1898 nihil

19 1909 40 2004 ci
59 1929 151 1984 essent
172 1917 295 1999 utilia,
325 1916 398 1989 illic
426 1918 469 1986 ab
499 1938 538 1986 eo
563 1916 681 1987 relicta
708 1918 847 1988 suntin
873 1919 1027 2007 penaria.
1054 1923 1118 1989 Eos
1141 1930 1271 1988 antem·

16 1997 89 2082 Jubat
108 2002 182 2073 alibi
206 2006 353 2084 includi,
380 2007 488 2076 donec
512 2005 683 2076 retulisset
699 2005 741 2074 ad
762 2011 1020 2095 Imperatorem.
1040 2012 1146 2094 Atque
1161 2007 1258 2096 virgo

19 2089 138 2185 qudem,
154 2115 228 2164 cum
244 2095 318 2185 jam
334 2094 538 2166 educeretur
554 2115 573 2164 e
587 2095 740 2186 penaria,
758 2115 837 2164 cnm
856 2095 1259 2165 inscientibusomnibns

20 2189 83 2244 sate
101 2178 215 2252 librum
241 2183 439 2256 sustulisset
461 2183 549 2274 (erat
572 2183 664 2253 enim
692 2204 830 2273 parvus,
857 2197 890 2254 at
912 2184 972 2270 qui
1001 2195 1132 2274 poterat
1158 2183 1259 2253 facile

18 2261 172 2374 abscondi),
192 2273 226 2341 in
245 2295 308 2342 sua
332 2295 411 2342 eum
430 2284 520 2342 veste
545 2273 708 2362 reposuit.
732 2271 856 2342 Eodem
884 2273 986 2342 niodo
1004 2273 1104 2343 lndes
1121 2293 1259 2360 quoque

19 2350 197 2449 admirabilis
220 2383 280 2434 vas
305 2361 446 2432 sustulit
470 2360 647 2451 ligneum:
670 2362 764 2432 etita
789 2360 930 2430 abducti
955 2375 1036 2431 sunt
1059 2374 1093 2431 et
1115 2360 1255 2432 inclusi.

17 2440 115 2514 llrssic
129 2448 270 2522 inclusis
296 2449 398 2540 longo
423 2463 586 2539 tempore,
614 2450 710 2520 solus
734 2450 835 2539 panis
856 2450 953 2520 vivus
974 2463 1047 2520 erat
1064 2450 1258 2520 nutrimen-

18 2539 85 2596 tum:
107 2549 135 2605 et
151 2538 287 2608 divinae
311 2541 441 2629 gratiae
467 2541 569 2627 potio,
589 2551 661 2608 erat
678 2550 790 2628 potus.
810 2543 904 2620 Quae
921 2553 1035 2609 autem
1058 2559 1184 2628 corpus
1200 2559 1259 2608 ne·

15 2638 87 2688 cesse
107 2637 150 2694 est
173 2649 321 2709 sumere,
349 2629 392 2697 iis
422 2627 506 2698 adeo
538 2627 660 2717 privati
681 2627 788 2706 fuere,
819 2639 858 2697 ut
891 2649 933 2696 ne
962 2650 1087 2715 aquam
1114 2627 1256 2715 quidem

16 2725 125 2790 possent
146 2719 294 2807 assequi.
321 2721 399 2785 Erat
414 2717 504 2784 enim
532 2717 588 2785 hic
609 2716 754 2785 immitis
774 2714 936 2785 Praefecti
961 2717 1087 2797 'ussus
1117 2729 1155 2786 ut
1180 2737 1257 2802 pro·

13 2805 112 2890 pterea,
128 2805 213 2890 quod
240 2807 309 2896 ipsi
334 2807 508 2896 egentium
535 2817 669 2874 ventres
685 2805 901 2884 sanaverant,
921 2817 951 2873 ta
971 2806 978 2873 i
1001 2804 1092 2874 fame
1108 2805 1257 2875 confecti

12 2889 169 2966 interirent.
186 2908 217 2964 et
242 2915 304 2986 pro
328 2893 538 2985 benignitate
564 2915 691 2984 poenas
716 2892 850 2962 luerent
874 2893 1024 2964 saevitia.

44 2976 109 3060 lv.
133 2985 232 3052 Tanta
257 3007 296 3054 er
320 3006 340 3053 o
364 2981 428 3053 fuit
453 2981 668 3072 indigentia,
696 2995 728 3050 et
756 2981 894 3051 alllictio
919 2993 986 3051 tam
1014 2982 1255 3065 intolerabilis,

10 3071 37 3128 nt
57 3066 140 3157 virgo
163 3070 196 3139 in
222 3006 382 3142 morbum
416 3071 592 3151 incideret,
621 3091 700 3140 cum
723 3069 877 3161 juvenile
904 3091 1031 3160 corpus
1063 3091 1130 3140 non
1155 3071 1258 3142 ferret

11 3158 111 3252 tantam
136 3161 356 3230 vexationem.
383 3159 448 3230 Sed
472 3159 547 3230 fieri
572 3181 640 3229 non
667 3171 808 3248 poterat,
830 3171 869 3228 ut
892 3179 949 3228 cos
976 3159 1115 3228 baberet
1138 3160 1256 3251 despi-

9 3251 79 3310 catui
102 3243 166 3329 ille,
188 3249 245 3318 cui
274 3261 355 3318 sunt
378 3269 481 3318 curae
505 3248 662 3318 volucres
681 3261 713 3317 et
738 3249 885 3328 bestiae;
911 3260 944 3317 et
967 3249 1027 3335 qui
1053 3250 1163 3404 aperit
1178 3271 1254 3318 ma-

10 3343 84 3411 num,
108 3345 138 3404 et
160 3335 281 3426 implet
295 3359 397 3407 omne
421 3337 549 3407 animal
566 3336 815 3407 benedictione.
833 3335 895 3405 Sed
922 3357 987 3406 nox
1004 3336 1064 3425 qui
1091 3357 1144 3405 em
1163 3349 1254 3407 erat:

10 3419 149 3493 accedunt
177 3439 292 3496 autem
318 3427 460 3497 virtutes
488 3425 686 3497 coelestium
711 3425 932 3514 Angelorum,
951 3425 1010 3512 qui
1040 3447 1120 3494 eum
1147 3425 1257 3496 multa

10 3497 66 3574 luce
86 3531 139 3582 eos
161 3514 494 3596 circumfulsissent,
524 3526 557 3584 et
582 3535 737 3584 mensam
762 3513 850 3584 cibis
878 3513 1102 3604 implessent,
1134 3535 1257 3586 rursus

11 3599 109 3670 reversi
124 3615 205 3672 sunt
224 3605 260 3674 in
274 3603 422 3674 coelum.
442 3603 495 3673 llli
509 3614 623 3674 antem
643 3626 693 3682 ea,
715 3623 804 3689 quae
820 3615 918 3672 erant
937 3601 1122 3692 proposita,
1142 3603 1257 3672 statim

10 3697 230 3774 sumpserunt,
259 3692 437 3763 malorum·
453 3713 540 3780 quae
567 3704 846 3782 praecesseram,
873 3712 940 3761 non
966 3689 1119 3781 amplius
1146 3713 1258 3762 recor·

10 3763 121 3846 dantes:
145 3793 176 3850 et
201 3781 326 3872 partim
351 3781 490 3871 quidem
516 3801 635 3851 eorum
661 3803 749 3868 quae
774 3793 1019 3870 apparuerant,
1047 3779 1254 3869 splendore;

12 3863 106 3948 partim
126 3889 202 3938 vero
221 3893 355 3952 eorum,
381 3891 470 3957 quae
493 3869 579 3960 ipsis
603 3869 718 3939 oblata
741 3883 833 3949 suot,
862 3868 1035 3956 voluptate
1057 3869 1252 3951 exhilarati,

12 3941 75 4048 lllud
98 3957 291 4028 davidicum
321 3958 507 4028 admodum
533 3970 727 4048 opportune
751 3957 971 4028 cecinerunt:
1003 3963 1187 4047 Tamquam
1211 3979 1257 4025 aaa

12 4033 86 4124 adipe
106 4056 134 4112 ct
154 4049 361 4140 pinpnedt'ne
384 4051 514 4138 repleta
530 4059 578 4117 est
594 4049 710 4118 aalma
733 4069 820 4124 mea,
848 4057 879 4115 at
904 4047 1004 4116 labiis
1032 4047 1258 4116 occultationis

14 4118 135 4201 tardabit
148 4157 181 4204 os
200 4159 312 4207 meam
330 4136 398 4227 (Ps.
426 4136 494 4224 62).
512 4141 617 4226 Atque
641 4135 715 4205 dies
732 4136 871 4222 quidem
885 4134 959 4224 jam
975 4134 1114 4215 aderat;
1137 4134 1256 4204 aderat

12 4221 102 4285 antem
123 4224 312 4297 Praefectus
339 4247 487 4315 quoque,
509 4237 547 4295 ut
572 4225 672 4296 sciret
696 4245 739 4292 an
764 4221 855 4293 fame
880 4223 957 4292 victi
982 4236 1115 4294 essent:
1143 4235 1182 4292 ut
1206 4223 1256 4291 sic

11 4313 59 4364 cos
78 4301 201 4381 haberet
223 4313 509 4404 obtemperantes.
536 4319 718 4402 Postquam
739 4334 815 4382 vero
832 4324 950 4382 contra
968 4333 1025 4381 eos
1041 4311 1125 4381 vidit
1150 4311 1258 4412 laetos

10 4395 36 4450 et
64 4393 141 4467 vulto
163 4401 318 4485 alacreS,
345 4404 459 4472 anima
492 4418 605 4475 autem
633 4401 741 4471 multo
765 4401 972 4482 alacrioreS,
1010 4401 1149 4472 mittens
1183 4423 1253 4470 vim
