3046 4838
1348 299 1459 364 ones

658 523 774 622 llll
814 523 857 624 S.
893 522 1057 623 BthNt

319 711 537 832 cersoorr
564 760 972 830 noacnsrmonsrs
997 763 1052 826 nr
1077 760 1386 830 concusseris

475 987 607 1038 munero
631 987 749 1045 cornus
773 987 927 1046 huorono,
954 989 1012 1035 sun
1036 987 1108 1035 rins
1131 987 1240 1035 crona.
1342 983 1345 988 '
1504 1031 1505 1066 ,

1504 1079 1505 1136 l

532 1177 1180 1238 Florultseo.V11-Probab.1talus.

263 1380 284 1536 Ρ
308 1383 345 1452 1.
372 1381 517 1451 Sanctus
536 1376 675 1449 Birinus
692 1399 711 1447 a
728 1381 818 1466 Papa
843 1375 1024 1446 Honoriol
1041 1375 1084 1446 ad
1102 1375 1372 1466 praedicandum
1388 1371 1470 1442 rerba

222 1489 261 1538 sa
275 1466 345 1536 ntis
369 1466 462 1567 genti
479 1465 665 1568 hnglorum
690 1465 842 1538 directus
858 1476 920 1535 est.
939 1469 977 1536 In
997 1466 1190 1556 praesentia
1208 1479 1323 1536 autem
1338 1461 1471 1553 eJusdem

222 1555 397 1626 Pontificrs
416 1556 569 1637 Honora,
588 1555 623 1626 in
648 1554 781 1626 intimis
797 1553 888 1626 ultra
902 1553 1089 1644 hoglomm
1107 1553 1275 1644 partibus,
1292 1575 1359 1642 quo
1374 1549 1472 1648 nullus

221 1644 341 1716 doctor
366 1645 617 1734 praecessisset,
637 1656 776 1713 sanctae
793 1642 873 1733 lidei
898 1643 1032 1714 semina
1046 1664 1083 1714 se
1097 1665 1303 1733 sparsurum
1323 1639 1471 1732 promisit.

223 1732 320 1803 Unde
343 1733 447 1806 etiam
472 1734 576 1823 jussu
599 1732 753 1820 ejusdcm
785 1731 961 1802 Pontilicis
986 1753 1046 1822 per
1073 1732 1243 1802 Asterium
1278 1735 1473 1803 (leonensem

224 1821 433 1912 Episcopum
455 1823 487 1890 in
506 1821 731 1912 Episcopatus
746 1831 966 1894 consecratus
979 1835 1029 1892 est
1041 1820 1201 1912 gradum.
1219 1825 1325 1890 Porro
1340 1818 1380 1890 ad
1397 1816 1474 1912 littus

224 1911 412 1981 Britannici
436 1909 512 1980 lreti
536 1921 670 2000 arrepto
688 1909 808 1980 itinere
833 1909 1045 2000 perveniens,
1065 1930 1276 1982 ascensurus
1292 1929 1419 1986 navem,
1432 1903 1475 1972 dr-

224 1999 304 2068 vina
328 1999 477 2070 celebrat
502 1999 688 2090 mysteria;
714 1997 781 2070 sibi
806 1997 947 2086 suisque
975 1998 1137 2070 viaticum
1167 2020 1307 2088 parans,
1336 1991 1476 2090 salutaris
1504 2005 1505 2086 t

224 2087 356 2161 hostiae
374 2088 429 2178 pia
453 2087 621 2160 libamina
640 2092 706 2158 Deo
730 2086 864 2158 obtulit.
885 2091 1032 2178 [legente
1056 2108 1136 2156 vero
1157 2085 1387 2178 navigationis
1409 2095 1474 2152 artr·

224 2177 315 2260 culo,
331 2175 373 2248 ad
395 2199 514 2248 navem
541 2176 706 2248 festinans
730 2174 973 2248 introducitur:
999 2185 1032 2245 et
1056 2175 1255 2268 insurgente
1281 2173 1476 2256 vento,dun1

223 2265 291 2340 alta
306 2265 481 2339 sulcarent
499 2263 622 2356 pelagi,
649 2263 884 2336 reminiscitur
907 2265 1045 2336 birinus
1066 2285 1102 2334 se
1125 2287 1197 2334 rem
1224 2265 1408 2355 praecipue
1432 2279 1476 2328 ca·

222 2375 296 2424 ram
327 2355 498 2436 amisisse,
527 2364 559 2424 et
583 2354 697 2426 nautis
723 2353 925 2444 urgentibus
951 2352 1169 2442 impeditum,
1189 2353 1223 2422 in
1249 2352 1376 2436 littore,
1402 2345 1477 2420 unde
1504 2351 1505 2396 l

221 2441 434 2524 ascenderat,
463 2441 655 2529 reliquisse.
673 2442 816 2512 Dederat
844 2443 935 2513 enim
969 2443 999 2510 ei
1024 2441 1196 2514 Honorius
1224 2446 1318 2533 Papa
1354 2439 1476 2534 pallam.

222 2553 327 2622 super
349 2553 453 2624 quam
471 2552 597 2621 corpus
617 2531 740 2602 Christi
758 2531 990 2612 consecrabat,
1009 2531 1092 2600 etin
1110 2551 1179 2618 qua
1194 2552 1326 2620 corpus
1345 2527 1479 2600 Domini-

221 2641 301 2690 cum
319 2619 523 2702 involutum,
542 2618 631 2690 etad
656 2618 784 2690 collum
806 2641 1029 2712 suspensum,
1048 2639 1185 2707 semper
1208 2641 1330 2690 secum
1355 2616 1477 2688 serebat.

222 2721 325 2798 atque
349 2709 438 2778 inter
461 2708 629 2809 sacranda
654 2721 871 2782 sacrosancta
897 2707 1059 2799 mysteria
1081 2729 1186 2798 super
1210 2722 1372 2780 sanctum
1394 2704 1482 2776 altare

224 2817 353 2886 ponere
376 2809 565 2868 consuent.

267 2886 351 3042 {2
377 2884 457 2954 ride
480 2885 586 2975 igitur
601 2897 767 2968 armatus,
795 2886 829 2958 in
852 2906 946 2958 mare
962 2883 1157 2966 descendit;
1185 2889 1293 2956 Deum
1320 2896 1482 2956 auctorem

223 2972 268 3042 ha
293 2993 367 3056 ens,
394 2995 455 3063 per
479 2995 573 3045 mare
592 2995 737 3044 securus
756 2973 903 3057 incedit;
921 2987 954 3044 et
977 2985 1112 3063 recepto
1128 2976 1220 3066 quod
1239 2974 1436 3063 reliquerat,
1450 2964 1483 3037 ad

223 3084 346 3134 navem
371 3061 575 3153 regreditur.
595 3061 743 3134 Offendit
771 3075 885 3134 autem
910 3062 1006 3134 illam
1031 3061 1131 3222 <guasi
1157 3063 1376 3134 immobilem
1407 3071 1505 3156 stan-¹

200 3162 302 3234 ·tem,
318 3173 409 3228 ¹cum
432 3151 536 3242 paulo
559 3164 638 3223 ante
663 3174 724 3242 per
746 3151 858 3222 undas
877 3151 982 3222 maris
1007 3173 1044 3222 ve
1059 3151 1165 3222 ociter
1191 3165 1392 3224 currentem
1418 3147 1484 3245 reli-

220 3239 365 3332 quisset.
382 3243 422 3310 Ut
445 3251 559 3311 autem
583 3241 619 3310 in
644 3262 720 3312 eam
737 3240 916 3332 ingressus
935 3251 997 3322 est,
1016 3262 1078 3311 nac
1095 3261 1166 3310 una
1181 3240 1325 3330 quidem
1345 3241 1381 3311 in
1397 3249 1484 3334 vestr-

222 3339 337 3400 mento
353 3329 426 3418 ejus
443 3352 552 3417 aquae
575 3341 673 3422 gutta
696 3329 910 3420 deprehensa
926 3341 987 3399 est.
1008 3329 1046 3400 ld
1069 3339 1193 3400 nautae
1218 3328 1387 3412 videntes,
1403 3329 1505 3422 ssexrsx

222 3417 382 3509 genibus,
406 3430 583 3520 tamquam
612 3423 717 3490 Deum
742 3441 821 3489 eum
848 3417 1089 3501 adoraverunt,
1111 3429 1144 3488 et
1167 3418 1369 3510 complures
1386 3439 1425 3488 er
1446 3413 1505 3498 cist

222 3506 266 3576 ad
291 3507 393 3580 lidetn
424 3506 572 3588 Christi,
601 3507 819 3598 praedicante
850 3506 909 3578 illo
935 3505 1075 3580 verbum
1101 3507 1181 3589 Dei,
1214 3509 1374 3578 conversi
1406 3515 1486 3580 sunt.

223 3598 377 3667 Intrante
399 3618 499 3686 porro
525 3596 583 3666 illo
607 3595 641 3666 in
661 3609 795 3687 portum
813 3595 907 3688 apud
925 3595 1197 3668 Occidentalium
1223 3601 1400 3670 Saxonum
1415 3613 1505 3700 gen-p

223 3695 291 3754 tem
308 3685 353 3767 ⁴³⁴,
380 3687 441 3788 qui
469 3685 660 3773 antiquitus
684 3686 842 3756 oevissae
875 3684 1095 3766 vocabantur,
1114 3707 1193 3754 curn
1219 3707 1344 3756 omnes
1371 3682 1505 3756 ibidemt

222 3773 477 3929 paganissimos
501 3774 680 3855 inveniret,
701 3775 822 3846 utilius
845 3795 919 3844 esse
945 3786 1038 3845 ratus
1062 3786 1113 3844 est
1136 3773 1185 3844 ibi
1211 3774 1327 3863 potius
1355 3773 1488 3842 verbum

250 3881 282 3929 er
307 3863 515 3950 praedicare,
543 3885 646 3952 quam
672 3863 761 3935 ultra
784 3862 1046 3956 progrediendo,
1072 3883 1142 3944 eos,
1171 3863 1300 3950 quibus
1322 3862 1490 3934 Christum

221 3951 460 4032 annunciaret,
480 3951 666 4039 inquirere:
692 3952 838 4022 maxime
853 3972 932 4021 cum
952 3951 1073 4042 populi
1089 3951 1287 4022 catervatim
1310 3951 1505 4044 irruerentt

221 4037 342 4109 audire
364 4039 542 4130 cupientes
561 4042 697 4110 beatum
722 4040 922 4122 antistitem,
949 4052 982 4111 et
1001 4053 1073 4110 tum
1099 4039 1266 4130 corporis,
1289 4050 1368 4110 tum
1385 4034 1505 4110 cordis}

221 4127 377 4208 auribus,
396 4149 484 4220 quae
508 4130 552 4199 ab
571 4129 629 4198 illo
646 4129 860 4210 dicebantur,
881 4129 1060 4199 humiliter
1079 4129 1362 4219 complectentes.
1388 4143 1396 4159 ·
1504 4131 1505 4212 l

265 4217 283 4304 ξ
307 4219 350 4288 8.
371 4221 451 4287 Erat
475 4240 552 4288 vero
576 4219 611 4287 in
633 4239 673 4289 ea
698 4218 873 4308 provincia
897 4217 1024 4288 mulier
1035 4217 1208 4306 ,quaedam
1234 4239 1382 4300 annosa,
1409 4225 1505 4314 quaet

246 4377 259 4405 ⁶
272 4375 697 4428 umusnomints1.1sr0nttaestam
707 4378 780 4430 gessit
791 4379 819 4420 cb
830 4388 891 4422 anno
900 4379 939 4420 ott
951 4389 1028 4430 usque
1038 4379 1068 4422 od
1079 4389 1169 4424 sucuro
1179 4381 1224 4422 ⁶88.

247 4431 275 4459 ¹⁸*
287 4433 316 4472 ln
325 4433 427 4482 ragione,
435 4441 496 4482 quse
510 4433 596 4475 ll'eracx
605 4433 792 4483 nuncupabatur.
