2932 4812
1 293 87 356 out.
116 255 149 354 3't
436 310 473 357 oa
498 311 524 358 s.
553 311 678 359 anatra
703 312 830 359 nouam
1162 293 1219 357 obt

2 394 119 473 oratic,
136 407 166 463 et
182 415 342 484 aggressa
366 407 416 464 est
441 415 494 464 res
519 394 613 466 illius
633 396 746 466 dicere
763 396 806 466 ab
832 396 940 465 initio.
968 400 1048 465 Eam
1073 396 1165 464 enim
1191 395 1270 466 tulit

2 483 217 552 relaberrima
239 497 271 553 et
294 482 485 553 clarissima
505 488 613 553 Roma
628 483 656 549 ⁴⁴.
685 485 760 555 lluit
776 497 889 555 autem
910 485 987 574 eJus
1002 505 1139 571 quoque
1159 483 1269 575 genus

2 571 242 652 clarissimum
255 585 352 642 erant
367 572 459 642 enim
474 572 550 661 ejus
568 587 725 662 parentes
741 574 844 664 primi
859 587 999 644 senatus
1019 578 1266 644 Romanorum.

2 665 73 728 sstrta
98 673 143 730 est
162 673 275 730 autem
302 661 391 731 bona
415 682 455 730 ex
481 661 592 731 bonis.
620 667 702 732 Nam
728 675 825 732 erant
849 662 899 732 illi
924 683 1061 750 quoque
1085 662 1134 752 pii
1158 675 1189 732 et
1204 664 1270 732 vir·

7 763 110 818 utum
133 762 313 820 amatores.

36 841 55 924 ἓ
86 841 128 907 ².
153 842 236 907 Cum
255 860 336 928 ergo
351 839 423 926 jam
437 849 526 909 esset
540 838 682 920 nubilis,
702 839 913 911 desiderium
938 840 1169 910 continentiae
1192 841 1271 911 vicit

1 927 83 1012 rjus,
110 947 194 1013 quae
227 947 268 996 ex
292 938 399 997 aetate
422 939 505 1008 erat,
536 929 793 1017 appetitionem,
819 941 852 999 et
876 930 1007 1020 rogavit
1033 941 1201 1020 parentes,
1229 951 1271 998 ne

2 1035 148 1100 inquam
182 1037 258 1085 eam
279 1016 468 1107 jungerent
498 1017 728 1100 matrimonio,
761 1017 818 1086 sed
846 1017 934 1088 sicut
958 1018 1010 1100 ei,
1038 1031 1076 1088 ut
1098 1031 1197 1100 esset,
1226 1018 1272 1088 ita

2 1103 160 1174 etiamut
189 1105 241 1174 vir
265 1124 285 1174 ο
310 1116 485 1185 maneret,
512 1105 750 1176 concederent.
788 1106 842 1175 llli
867 1117 980 1176 autem
1017 1128 1096 1178 cum
1158 1117 1271 1196 ropter

1 1193 90 1260 lianc
105 1192 222 1275 solam,
241 1127 347 1284 fiujus
366 1194 452 1264 vitae
468 1193 681 1284 agitarentur
695 1194 871 1276 fluctibus,
894 1195 925 1264 ei
943 1207 1100 1284 parentes
1146 1195 1268 1278 ivitias,

1 1293 32 1347 et
56 1294 228 1369 sperantes
248 1303 285 1353 se
308 1303 541 1353 successorem
572 1284 708 1373 generis
732 1305 772 1352 ex
795 1305 835 1352 ea
859 1284 1059 1366 habituros,
1093 1297 1271 1374 quartum-

1 1369 170 1440 decimum
195 1392 327 1441 annum
347 1372 420 1461 jam
447 1382 604 1462 agentem
630 1372 680 1440 vel
717 1373 858 1441 invitam
888 1371 1059 1444 collocant
1089 1374 1124 1442 in
1152 1374 1271 1445 matri·

1 1459 130 1528 monio.
147 1465 224 1530 Erat
239 1481 317 1530 vero
340 1462 416 1551 ejus
433 1481 594 1551 sponsus,
613 1474 646 1530 et
666 1482 801 1551 genere,
823 1473 855 1530 et
872 1473 979 1532 aetate
1003 1474 1035 1531 et
1058 1462 1135 1532 aliis
1158 1464 1273 1532 omni-

1 1548 62 1616 bus
87 1571 166 1618 cum
189 1549 319 1619 Melana
343 1548 593 1619 conserendus:
624 1563 725 1620 natus
749 1549 889 1637 quidem
919 1571 959 1619 ex
993 1551 1213 1632 Consulibus,
1240 1563 1272 1620 et

1 1637 102 1706 modo
126 1638 287 1708 excedens
310 1659 350 1708 ex
365 1637 518 1728 ephebis.
547 1639 671 1728 Sponsi
695 1651 809 1708 autem
830 1659 953 1708 nomen
974 1651 1047 1709 erat
1062 1641 1269 1730 Aponianus,

1 1747 108 1814 agens
123 1747 250 1797 annum
276 1728 412 1797 circiter
435 1727 610 1797 decimum
628 1729 827 1816 septimum.
848 1728 903 1797 Eis
923 1739 1036 1799 autam
1057 1729 1106 1798 sic
1120 1728 1273 1798 celebra·

1 1814 41 1884 tis
62 1817 205 1905 nuptiis,
225 1816 442 1887 admirabilis
470 1815 602 1886 Melana
625 1817 728 1886 etiam
754 1829 830 1907 post
855 1818 1005 1907 nuptiae,
1033 1815 1146 1888 adbuc
1172 1816 1272 1886 vehe-

2 1903 149 1973 mentius
164 1905 302 1975 amabat
316 1905 576 1985 continentiam,
596 1916 629 1975 et
645 1926 742 1975 amor
761 1907 926 1976 castitatis
941 1927 1008 1976 non
1026 1905 1273 1975 intermittebat

2 2012 72 2058 tem
100 1993 212 2063 acrius
236 2015 346 2074 urere;
370 1993 489 2063 multis
514 2015 591 2063 vero
615 1994 728 2064 verbis
746 1996 908 2065 maritum
935 2018 1038 2066 suum
1064 1994 1107 2064 ad
1132 1994 1196 2064 hoc
1214 2015 1271 2063 ex·

5 2079 208 2164 liortabatur,
228 2095 260 2152 et
283 2104 364 2151 cum
389 2082 492 2152 verba
524 2103 591 2152 non
617 2081 823 2164 sufficerent,
842 2086 873 2152 ei
890 2105 1028 2172 quoque
1060 2083 1101 2152 ad
1130 2105 1273 2173 persua-

7 2168 128 2239 sionem
147 2191 246 2260 opem
264 2169 418 2241 ferebant
434 2171 616 2260 lacrymae,
634 2171 718 2241 haec
741 2171 889 2241 dicenti:
910 2173 977 2241 «si
995 2172 1149 2260 quidem,
1167 2193 1186 2240 o
1207 2194 1274 2242 ma·

9 2257 66 2324 rite
85 2259 269 2340 carissime,
295 2259 414 2330 eadem
441 2260 502 2330 tibi
525 2280 662 2418 quotpzte
684 2259 853 2342 videntur,
872 2272 904 2330 et
921 2262 1023 2331 ambo
1038 2260 1273 2331 habitabimus

13 2349 241 2420 convenienter
258 2347 326 2439 legi
349 2348 591 2430 continentiae,
634 2349 780 2421 eatinus
804 2350 934 2419 erimus
961 2363 1098 2440 propter
1118 2350 1269 2440 nuptias,

10 2447 37 2500 et
61 2437 157 2508 ambo
182 2459 242 2530 per
258 2459 321 2507 nos
337 2437 483 2508 invicem
509 2437 594 2508 salvi
610 2440 752 2520 erimus,
778 2450 811 2507 et
827 2439 958 2509 erimus
975 2437 1175 2530 alteralteri
1201 2439 1274 2508 viae

9 2523 250 2608 pulcherrimae
274 2527 420 2597 occasio.
443 2527 501 2596 Sin
525 2537 640 2596 autem
651 2526 817 2616 juventus
833 2538 867 2597 et
887 2540 979 2596 aetas
1004 2528 1207 2618 propensior
1230 2526 1272 2596 ad

8 2611 186 2704 voluptates
211 2637 279 2686 non
306 2615 471 2704 permittit
494 2627 532 2685 ut
552 2615 620 2684 hoc
635 2613 734 2698 feras,
762 2629 796 2684 at
812 2627 847 2685 tu
874 2638 929 2685 me
952 2617 1058 2698 sinas,
1078 2629 1111 2686 et
1132 2639 1173 2686 ne
1197 2637 1275 2685 coe-

8 2711 95 2786 ptum
115 2725 229 2774 meum
247 2716 284 2784 et,
296 2704 490 2774 institutum
516 2703 711 2793 prohibeas
736 2706 802 2773 mei
820 2717 932 2775 autem
950 2706 1104 2796 corporis
1128 2719 1161 2775 et
1180 2725 1275 2774 meae

10 2787 165 2865 libertatis
191 2814 321 2863 merces
337 2803 438 2864 erunt
462 2813 582 2863 omnes
608 2793 853 2883 possessiones,
877 2814 998 2864 omnes
1015 2793 1149 2876 lamuli,
1170 2806 1202 2864 et
1222 2816 1275 2863 ve·

7 2891 78 2961 stes,
103 2894 135 2951 et
158 2881 295 2963 domus,
322 2895 354 2951 et
378 2901 618 2970 quaecumque
647 2881 715 2951 alia
742 2894 823 2952 sunt
858 2883 893 2951 in
926 2885 1012 2952 meis
1036 2881 1272 2954 facultatibus

9 2967 61 3038 llis
83 2971 245 3040 omnibus
269 2970 332 3041 tibi
362 2969 457 3052 cedo,
480 2969 669 3040 dummodo
698 2973 865 3062 meipsam
886 2970 1097 3041 redimam.»
1122 2972 1184 3042 llle
1199 2993 1275 3042 vero

9 3075 109 3144 teque
125 3061 326 3130 universum
347 3057 551 3142 concedens
578 3079 690 3146 neque
708 3059 784 3161 ejus
807 3071 910 3130 totam
932 3081 1094 3131 aversans
1120 3059 1276 3131 volunta-

10 3153 91 3215 tem:
118 3171 136 3214 a
161 3154 259 3218 Nunc
282 3147 435 3237 quidem,
462 3169 482 3218 o
508 3167 613 3230 uxor,
641 3148 773 3238 inquit,
804 3155 871 3218 n'on
897 3163 1043 3238 possunt
1070 3149 1153 3220 haec
1173 3150 1273 3219 lieri:

11 3247 179 3324 postquam
206 3248 320 3307 autem
341 3236 478 3328 generis
500 3249 533 3306 et
556 3234 759 3308 facultatum
778 3237 1005 3310 babuerimus
1022 3259 1272 3319 successorem,

12 3339 64 3389 uec
86 3348 148 3416 ego
164 3326 255 3396 borio
281 3335 337 3396 tuo
362 3325 519 3396 instituto
542 3323 654 3395 deero.
681 3330 789 3397 Grave
811 3327 903 3396 enim
929 3338 1028 3408 esset,
1046 3328 1075 3399 si
1097 3329 1132 3397 in
1158 3325 1276 3396 divino

12 3405 168 3506 desiderio
191 3416 244 3484 vir
265 3414 435 3485 foeminae
462 3413 581 3484 cedere
605 3415 833 3504 conspicerer.
864 3414 925 3485 Sed
954 3429 1035 3486 tunc
1059 3416 1161 3486 ambo
1186 3415 1276 3486 hanc

14 3515 88 3568 uam
112 3502 289 3594 eligentes,
317 3525 385 3572 non
403 3525 503 3574 secus
527 3525 567 3572 ac
591 3503 626 3572 in
652 3505 893 3587 matrimonio,
921 3505 967 3574 ita
988 3506 1022 3574 in
1044 3506 1111 3576 vita
1140 3526 1180 3575 ex
1211 3510 1276 3575 Deo

14 3591 131 3673 agenda
150 3592 240 3662 inter
259 3613 322 3662 nos
345 3592 636 3683 conspirabimus.
661 3614 678 3659 »

52 3677 131 3760 §ab
157 3681 388 3770 aequiescunt
422 3681 524 3752 ambo
548 3681 602 3761 ei,
634 3680 726 3768 quod
752 3680 881 3752 dictum
911 3683 1034 3754 luerat.
1069 3681 1276 3754 Procedente

17 3778 112 3837 tutem
131 3782 294 3860 tempore,
323 3771 477 3840 nascitur
495 3770 545 3840 eis
565 3767 693 3859 puella.
724 3773 769 3840 lia
793 3792 878 3841 cum
904 3773 1054 3862 primum
1081 3771 1276 3871 lucemad-

18 3858 119 3940 spexit,
147 3859 314 3930 castitatis
339 3857 408 3928 Soli
433 3859 498 3928 luit
521 3870 731 3941 consecrata,
760 3860 891 3930 llelana
919 3861 1079 3930 offerente
1104 3861 1277 3950 primatias

21 3937 153 4029 tonino,
180 3949 241 4049 qui
266 3950 376 4039 ipsam
411 3947 571 4029 dederat,
600 3961 637 4019 ut
663 3948 713 4018 sic
742 3948 793 4018 vel
825 3949 1112 4020 consuetudinem
1145 3946 1277 4016 liabens

22 4034 232 4118 matrimonii,
272 4036 446 4106 videretur
481 4037 671 4128 plurimum
698 4036 848 4108 tribuere
878 4038 1078 4128 virginitati.
1111 4037 1277 4125 Deinceps

24 4129 84 4187 varo
99 4125 245 4215 seipsam
274 4123 492 4208 contrahens,
523 4124 697 4196 moderate
721 4138 753 4197 et
771 4128 1007 4217 [temperanter
1030 4125 1176 4195 vivebat.
1203 4129 1274 4195 Non

24 4219 126 4308 vestem
145 4215 300 4304 gestabat
315 4213 545 4304 splendidam,
566 4235 634 4284 non
661 4237 787 4305 corpus
815 4237 917 4285 suum
948 4215 1081 4286 fovebat
1106 4213 1275 4292 lavacris;

23 4299 48 4356 et
67 4317 90 4365 si
111 4302 250 4387 quando
265 4326 285 4373 a
302 4301 427 4372 marito
442 4315 501 4375 aut
517 4326 535 4373 a
553 4304 754 4394 parentibus
769 4315 961 4395 cogeretur,
981 4304 1052 4374 ibat
1076 4302 1216 4391 quidem
1233 4300 1276 4373 ad

44 4416 53 4440 '
66 4419 126 4466 Circe
139 4438 224 4471 anunm
239 4431 286 4472 ³88.
