2960 4824
37 241 91 304 llll.
111 241 144 304 43
267 262 307 308 inii
331 260 376 308 ss.
401 260 586 318 nummario,
613 260 771 308 nunriirio
796 260 864 308 nro.
890 221 958 308 iiii.¹
1133 247 1191 312 32⁴

35 341 205 429 ignominiae:
225 355 389 415 eteorum
415 345 523 434 posita
545 344 659 416 colitis
676 344 883 416 simulacra:
910 359 943 414 et
969 344 1107 414 alienati
1126 348 1242 416 estisa

33 432 217 518 conjunctione
230 435 392 504 virtutum
418 433 630 515 coelestium,
645 446 678 503 et
695 435 728 502 iii
745 432 818 503 dies
834 456 876 504 an
890 458 891 462 ¹
906 433 1016 514 imini,
1045 456 1110 503 mom
1129 435 1239 506 solum

32 533 128 607 popter
154 543 201 591 res
224 521 393 602 adversas,
425 521 609 592 sedetiam
641 535 778 612 propter
802 457 1005 602 inspicies,
1037 536 1069 592 et
1094 545 1181 609 quae
1207 525 1240 592 iii

30 609 297 700 minnisagitantur
317 611 422 700 hujus
441 613 528 681 vitae
547 609 736 681 felicitates.
770 616 832 680 Vos
857 633 924 680 mou
950 610 1061 681 solum
1087 633 1240 701 corpore,

28 695 163 766 sedetiam
185 699 298 769 anima
323 701 496 770 morimini
517 699 561 768 ad
585 721 678 781 eum,
705 701 763 786 qui
790 721 967 787 nunquam
994 697 1131 782 desinit,
1159 702 1244 771 imte-

27 785 109 853 ritum.
135 791 195 858 llos
221 802 334 859 autem
359 810 379 857 a
404 788 547 858 Domino
573 801 688 859 nostro
711 789 790 860 lesu
815 789 946 859 Christo
970 788 1170 871 didicimus
1199 791 1246 858 vi-

27 887 120 968 rentem
135 876 285 965 spiritum
311 899 437 968 corpus
449 899 597 965 quoque,
615 877 706 965 quod
725 878 888 948 omnibus
907 877 1084 947 communi
1102 879 1246 949 solvitur

24 963 136 1040 interitu,
160 987 276 1035 rursus
299 967 464 1046 animare,
482 978 516 1036 et
535 966 577 1036 ad
592 965 881 1036 immortalitatem
899 967 930 1036 ei
950 966 1132 1036 essentiam
1152 990 1245 1058 prae·

25 1047 87 1118 bene.
102 1055 179 1122 Haec
201 1076 280 1145 ergo
297 1055 441 1125 breviter
452 1077 529 1124 suin
557 1067 767 1146 persecutus,
789 1068 827 1125 ut
841 1067 873 1126 et
891 1068 947 1126 tuo
961 1055 1091 1124 Platoni
1108 1077 1243 1143 parens,

23 1155 44 1204 et
61 1141 274 1214 amediseeus
297 1164 349 1225 ea,
367 1166 455 1231 quae
478 1165 556 1214 iera
573 1157 665 1224 sunt,
693 1144 875 1214 renuncies
895 1143 1086 1234 parricidae
1105 1143 1167 1214 den
1188 1159 1245 1214 tuo

23 1239 46 1378 pt
59 1229 169 1299 amabili
194 1254 322 1324 cygno,
354 1233 414 1320 qui
438 1232 586 1304 inultum
613 1233 669 1302 ssot
694 1247 830 1324 propter
855 1247 996 1304 mortem
1031 1255 1173 1303 suorum
1203 1233 1243 1303 fi-

32 1335 157 1386 iorum.»

51 1405 64 1488 l
83 1410 141 1478 ὃὸ.
163 1410 249 1479 Dixit
268 1414 408 1482 Praeses
425 1409 636 1501 ignicomus:
653 1433 670 1476 n
689 1415 758 1482 Nou
777 1411 953 1500 potuimus
969 1432 1030 1482 mos
1045 1410 1243 1482 divinorum

19 1506 40 1587 it
51 1515 228 1584 magnorum
243 1503 375 1586 Regum
391 1499 751 1570 virtutesdiscernere:
769 1499 827 1568 sed
844 1498 954 1568 solum
965 1499 1145 1580 iiscedeie,
1158 1521 1247 1587 quae

15 1597 155 1664 jusserunt
176 1591 415 1677 Imperatores.
441 1588 668 1670 Quamobrem
694 1600 849 1658 cessante
872 1587 966 1656 omiii
992 1610 1247 1678 supervacanea

19 1671 134 1742 oratione
155 1689 186 1744 et
208 1675 384 1757 dilatione,
405 1677 493 1756 veui,
510 1689 543 1746 et
562 1675 629 1746 diis
649 1677 823 1748 sacrifica:
850 1675 980 1763 alioqui
1000 1678 1247 1766 periclitaberis

19 1758 96 1828 inulta
118 1764 309 1854 supplicia,
338 1787 426 1852 quae
450 1787 628 1852 nunquam
654 1765 865 1836 audivisti.»
893 1769 1037 1835 Sanctus
1070 1765 1155 1834 dixit
1182 1771 1247 1837 Eu·
1348 1788 1352 1796 ·

19 1848 135 1919 stratius:
151 1875 168 1919 a
186 1857 252 1923 Cur
270 1875 334 1923 iios
357 1875 437 1943 eigo
461 1853 570 1924 iecisti
594 1867 725 1924 tamtum
748 1853 875 1924 laboris
898 1875 1031 1943 capere,
1049 1867 1080 1923 et
1097 1876 1164 1924 iion
1183 1855 1246 1926 hoc

18 1933 58 2004 din
77 1953 143 2010 ante
165 1943 368 2033 coepistiln
393 1949 487 2013 Tunc
506 1943 605 2033 jubet
633 1943 758 2014 lectum
783 1943 897 2012 alleiri
921 1942 1083 2022 sericum,
1102 1955 1134 2012 et
1159 1945 1248 2014 imul-

19 2033 67 2091 tum
88 2027 191 2120 ignem
217 2031 405 2112 substerni,
432 2043 470 2101 ut
497 2033 569 2120 ipse
593 2031 748 2115 arderet,
776 2045 809 2102 et
835 2031 988 2101 colidens
1011 2031 1190 2102 evaderet:
1217 2045 1248 2102 et

17 2129 139 2186 minctum
163 2123 315 2191 Orestem
344 2121 493 2210 primum
518 2122 547 2190 ei
569 2121 669 2209 jubet
693 2121 842 2211 impoiii,
869 2133 900 2190 et
924 2120 1008 2190 dicit
1031 2132 1150 2190 sancto
1181 2125 1248 2190 llu-

17 2204 151 2295 suatim«
175 2215 331 2296 Aequum
352 2221 413 2290 est,
436 2221 474 2278 ut
496 2231 588 2291 cum,
606 2231 695 2296 quae
722 2223 753 2278 te
774 2223 912 2279 manent
939 2209 1123 2300 supplicia,
1152 2210 1248 2300 prius

16 2307 37 2384 tn
54 2291 116 2366 aliis
131 2294 235 2368 lucris
251 2297 517 2386 contemplatus,
539 2311 619 2368 tunc
644 2299 768 2368 subeas
792 2311 1013 2378 tormentum,
1034 2309 1070 2368 ut
1089 2311 1249 2368 coiistaii-

16 2391 106 2448 tionem
127 2387 289 2456 ostendas
313 2386 559 2457 fortitudinem.
591 2391 780 2456 »Sanctus
814 2408 890 2456 vero
925 2392 1059 2457 Orestes
1093 2411 1172 2458 oum
1205 2386 1248 2456 ad

15 2461 109 2539 lectum
130 2474 374 2557 adduceretur,
391 2475 517 2545 timuit:
535 2488 567 2545 et
582 2490 739 2546 sanctum
758 2476 896 2545 intuens
911 2476 1132 2555 bustratiuiii,
1149 2475 1246 2544 dixit:

15 2559 86 2625 ‘Oia
109 2583 165 2650 pro
182 2587 250 2634 nie:
280 2564 412 2634 laborat
433 2563 526 2634 euim
545 2565 631 2634 milii
648 2565 819 2656 cogitatio.
848 2587 865 2630 in
886 2569 1030 2634 Sanctus
1057 2578 1170 2632 autem
1197 2587 1249 2633 re-

15 2648 120 2730 spondit
145 2654 365 2724 Eustratius:
395 2675 413 2720 n
438 2651 512 2723 Noli
541 2654 697 2722 animum
730 2653 965 2743 despondere,
993 2651 1095 2723 linter
1118 2656 1246 2722 Oresta.

15 2732 86 2828 Solus
106 2741 193 2810 enim
224 2743 413 2832 adspectus
436 2741 532 2812 allent
560 2743 714 2812 timorem
742 2755 774 2812 et
796 2741 1002 2812 cruciatum:
1031 2740 1148 2813 nullus
1174 2763 1250 2812 vero

15 2839 63 2908 tntis
81 2827 135 2897 tibi
163 2829 277 2901 aderit
303 2853 425 2902 seusus
441 2871 461 2910 ‚·
475 2831 503 2899 si
528 2831 690 2901 audacter
713 2843 745 2900 et
770 2830 888 2900 fidenti
911 2829 1028 2900 aninmo
1051 2831 1247 2900 accesseris.

15 2911 66 2994 lpse
86 2918 171 2988 enim
198 2920 370 2990 Dominus
387 2919 481 2990 adest
500 2920 598 2990 nobis
621 2919 766 3006 adiutor,
782 2933 814 2990 et
831 2942 891 2988 iios
905 2917 1069 2988 defendit.
1085 2924 1251 2990 Menocrito

15 3007 217 3096 generositatis
232 3009 347 3078 sancti
370 3008 537 3088 maxentii,
560 3021 593 3078 et
617 3007 828 3096 reliquorum
849 3014 1065 3078 Sanctorum:
1085 3029 1194 3095 neque
1211 3008 1251 3078 iis

15 3089 129 3163 ridearis
157 3096 323 3167 deterior.
353 3099 443 3167 Haec
470 3097 562 3168 enim
596 3119 674 3168 moii
697 3097 884 3177 desiciuiit;
913 3107 1026 3164 nannet
1049 3109 1161 3166 autem
1189 3119 1251 3167 iios

15 3175 162 3272 liesaurus
182 3186 245 3274 qui
273 3208 340 3256 mon
368 3198 476 3277 potest
494 3185 633 3256 auferri.
655 3209 672 3254 »
693 3191 783 3259 Haec
802 3209 880 3254 curii
907 3198 1047 3254 sauctus
1064 3185 1253 3256 audivisset

15 3271 124 3352 liestes,
143 3275 291 3345 audenti
315 3287 348 3344 et
377 3274 454 3344 lorti
481 3275 598 3345 aninmo
622 3275 766 3356 insiluit,
793 3289 826 3343 et
853 3274 944 3343 stetit
974 3295 1079 3363 supra
1104 3273 1251 3364 ignitum

15 3357 174 3441 grabatum,
202 3386 288 3434 cuin
314 3383 350 3432 se
373 3365 554 3454 signasset,
580 3377 613 3432 et
641 3365 754 3434 statim
781 3361 1002 3443 accumbens,
1026 3375 1093 3431 toto
1112 3383 1253 3451 corpore

15 3451 195 3538 conpendii
216 3473 329 3552 supro
346 3451 473 3542 ignem:
492 3465 524 3522 et
540 3475 665 3542 magna
683 3475 762 3524 voce
778 3451 945 3552 elamaps,
960 3451 1056 3520 dixit:
1077 3473 1094 3518 <i
1112 3451 1255 3520 Domine

15 3533 67 3603 lesu
87 3540 229 3623 Christe,
260 3561 297 3609 nn
322 3563 446 3612 mamus
478 3554 553 3612 tuas
588 3542 791 3611 commendo
815 3541 974 3630 spiritum
1009 3562 1147 3620 meuim;
1181 3551 1256 3610 »et

15 3619 122 3697 lomino
142 3646 305 3700 sanctam
328 3652 424 3699 suain
448 3628 587 3700 tradidit
601 3631 767 3700 amimam.
784 3628 991 3700 acclamavit
1005 3641 1119 3698 autenm
1141 3633 1173 3697 S.
1190 3631 1257 3697 Eu-

15 3713 131 3798 ntiatius,
153 3723 292 3788 Amen:
317 3731 349 3786 ct
372 3719 485 3789 statim
506 3719 613 3809 jussit
634 3719 833 3809 agricolaus
861 3730 1018 3788 sanctum
1044 3715 1254 3817 bustratiumi

15 3797 105 3898 tbduni
128 3807 164 3876 in
186 3805 399 3878 custodiam.
418 3809 483 3890 Qui
507 3830 585 3878 oum
611 3821 793 3878 consuetas
811 3829 927 3896 preces
945 3811 1009 3875 Deo
1026 3806 1207 3886 emisisset,
1224 3820 1257 3874 et

15 3892 164 3976 uinclum,
193 3895 257 3984 qui
277 3899 352 3966 'eret
367 3917 446 3966 cum
472 3919 523 3977 eo,
550 3910 713 3978 vocasset,
733 3895 817 3965 dicit
839 3895 890 3964 ei:
912 3918 929 3962 o
955 3899 1032 3986 Age,
1051 3894 1113 3975 sili,
1131 3894 1256 3964 faciani

15 3983 242 4056 testamentum.
273 3988 378 4074 Spero
401 3986 492 4055 emim
525 3983 607 4066 lore,
638 3999 674 4056 ut
698 4008 761 4075 ego
784 4005 919 4072 quoque
950 4005 1026 4052 cras
1051 3983 1152 4055 sistar
1181 3993 1260 4053 ante

15 4061 164 4142 lominum
193 4095 316 4144 meum
342 4073 560 4144 Christum.»

40 4157 151 4241 §w
171 4163 302 4234 Charta
325 4175 438 4232 autema
463 4163 495 4232 ei
519 4162 632 4244 allata,
651 4162 730 4232 lecit
754 4173 1008 4243 testamentum,
1028 4163 1060 4231 iii
1087 4181 1126 4232 eo
1150 4161 1260 4252 sigui-

15 4237 102 4341 fitans,
121 4274 158 4322 se
175 4251 268 4321 velle
284 4264 419 4322 sanctas
436 4273 518 4322 suas
533 4251 697 4338 reliquias
711 4251 824 4322 efferri
840 4253 874 4319 iii
893 4249 1098 4340 oppidulum
1115 4253 1261 4322 Arabia-

15 4345 152 4423 ttnorum,
175 4354 210 4412 et
226 4339 301 4410 illic
317 4340 460 4430 deponi:
488 4341 619 4411 memini
645 4362 721 4411 iero
746 4339 847 4412 licere
870 4339 1011 4411 niniiino
1030 4363 1088 4412 eas
1106 4352 1257 4428 tangore,

70 4459 183 4518 surius
198 4491 210 4503 ·
233 4456 318 4520 Vt'lnc
333 4456 386 4522 SS.
401 4491 414 4504 ·
429 4459 496 4522 tot.
511 4456 574 4521 Xll.
1143 4457 1179 4519 ‘dl
