3046 4838
65 303 136 369 att.
159 305 170 366 t
461 323 495 368 nr
516 323 542 370 s.
569 322 673 371 sunto
697 324 748 370 ar.
775 321 906 370 norton.
1230 306 1271 371 37

62 409 220 476 atnittenst
235 411 261 476 0
277 404 513 476 venerabilem
531 408 653 477 Christi
674 408 905 478 sacerdotemt
924 412 949 477 0
975 408 1181 476 imitandum
1200 411 1310 479 virum

59 496 173 584 pietate,
193 493 441 564 misericordia
468 509 504 565 et
522 497 709 566 charitate:
741 519 829 584 quae
862 519 941 566 cum
970 497 1123 583 quotidie
1149 498 1250 566 etiam
1278 499 1312 566 in

59 584 195 672 perfectis
219 583 417 674 frigescat,
445 585 475 652 in
502 607 540 655 eo
565 597 677 656 tamen
704 585 879 672 usquead
907 585 1009 654 finem
1036 599 1148 666 aucta,
1177 587 1211 654 in
1240 587 1314 656 dies

56 674 282 762 perseverarit!
303 673 399 756 Quis
418 673 487 762 ejus
504 675 818 754 mansuetudinem,
837 675 916 761 quis
938 675 1133 764 puritatem,
1150 676 1230 762 quis
1246 676 1315 765 spi-

56 765 127 830 ritus
141 761 324 842 servorem,
347 762 428 848 quis
444 763 691 844 discretionem,
712 764 791 851 quis
816 763 1074 852 benignitatem,
1094 765 1172 851 quis
1191 765 1311 854 Jugem

55 854 82 917 in
106 853 292 940 praeceptis
320 851 456 919 Domini
480 851 534 921 die
554 875 593 922 ac
617 865 715 922 nocte
736 851 992 922 meditationem
1012 853 1124 922 verbis
1148 853 1313 941 consequi

54 941 162 1028 possit?
185 941 271 1022 Quis
297 939 374 1019 illo,
393 940 428 1007 in
448 963 546 1040 opere
572 942 628 1010 Dei
651 941 851 1031 promptior,
879 943 913 1010 in
939 942 1092 1012 oratione
1117 942 1310 1020 ferventior,

53 1031 79 1095 in
98 1029 278 1098 sobrietate
296 1029 446 1117 parcior,
467 1051 500 1097 tn
518 1030 749 1119 lacrymarum
774 1031 874 1120 copia
898 1030 1159 1112 redundantior,
1188 1031 1221 1098 in
1240 1052 1314 1100 cor-

54 1139 123 1206 pore
146 1118 335 1200 honestior,
365 1117 399 1185 in
421 1119 521 1187 corde
549 1119 727 1198 sincerior,
745 1119 779 1187 in
803 1119 1067 1189 mansuetudine
1092 1118 1310 1197 moderatior,

52 1229 81 1273 in
110 1208 378 1296 compunctione
402 1207 586 1290 ardentior,
609 1209 643 1276 in
673 1208 838 1278 charitate
859 1208 1049 1296 jucundior
1075 1207 1176 1278 facile
1205 1210 1314 1297 potuit

53 1296 216 1365 inveniri?

88 1386 105 1470 ξ
126 1389 203 1456 10.
226 1385 438 1486 Praecipuas
456 1384 603 1472 denique
628 1385 780 1466 virtutes,
799 1407 887 1472 quae
913 1399 1057 1474 possunt
1074 1385 1250 1455 hominem
1269 1387 1310 1455 ad

52 1493 137 1541 rarae
160 1471 382 1543 celsitudinis
403 1474 565 1543 honorem
586 1474 738 1554 evehere,
769 1487 850 1563 puta
877 1475 1107 1564 prudentiam,
1125 1475 1310 1564 justitiam,

51 1561 273 1632 tortitudinem
308 1577 341 1632 et
372 1564 657 1652 temperantiam,
686 1563 773 1631 inter
797 1586 832 1632 se
862 1577 960 1652 aptas
994 1575 1095 1650 atque
1127 1586 1310 1644 connexas

53 1651 177 1736 sibique
200 1667 323 1720 mutuo
338 1652 558 1721 cohaerentes
576 1653 621 1720 ita
636 1652 794 1732 excoluit,
816 1663 852 1722 ut
877 1675 961 1740 pene
980 1653 1013 1720 in
1040 1652 1189 1742 singulis
1204 1653 1313 1722 excel-

55 1739 138 1807 leret.
156 1742 280 1810 Habuit
307 1740 525 1830 prudentiam
549 1741 581 1808 in
607 1739 845 1820 discernendo,
868 1741 1030 1812 ‘ustitiam
1055 1742 1088 1810 in
1105 1742 1308 1830 judicand0,

55 1827 84 1894 in
107 1843 235 1917 arrepto
260 1829 438 1919 proposito
462 1829 708 1910 fortitudinem,
737 1830 769 1898 in
795 1851 861 1917 qua
881 1831 958 1899 itate
982 1829 1200 1900 discretionis
1227 1841 1312 1900 tent-

55 1919 242 2002 perantiam.
261 1919 352 2001 Quid
379 1918 471 1986 enirn
489 1941 527 1988 eo
546 1918 760 2008 prudentius,
780 1919 837 2005 qui
863 1931 1059 2008 contempta
1086 1919 1208 1989 mundi
1225 1921 1313 1988 stul-

59 2005 134 2081 titia,
150 2007 317 2076 Christum
340 2020 482 2076 secutus
497 2019 558 2088 est,
577 2009 633 2076 Dei
650 2009 808 2076 virtutem
834 2021 865 2075 et
886 2008 940 2076 [tei
966 2009 1197 2096 sapientiam?
1221 2009 1310 2090 Ouid

58 2093 182 2180 justins,
203 2095 264 2182 qui
288 2097 385 2164 omni
413 2095 603 2166 substantia
627 2119 690 2165 sua
721 2097 755 2164 in
785 2119 951 2186 pauperes
971 2097 1167 2178 distributa,
1195 2095 1312 2166 docuit

63 2179 182 2252 divitias
202 2206 263 2273 pro
286 2183 413 2256 Christi
439 2206 553 2254 amore
580 2185 715 2274 penitus
741 2185 1038 2254 contemnendas?
1061 2186 1150 2266 Quid
1175 2185 1309 2263 fortius,

60 2271 160 2355 quiin
182 2277 392 2342 Fra'ncorurn
412 2285 563 2361 proterva
588 2287 698 2363 gente,
725 2287 757 2342 et
778 2274 864 2342 inter
883 2274 1048 2343 barbaras
1067 2274 1233 2354 nationeS,
1261 2297 1313 2343 ar-

58 2362 306 2448 rogantiamque
337 2360 520 2449 probrosas
544 2361 796 2442 contumeliae,
824 2363 949 2451 spiritu
979 2385 1115 2452 semper
1140 2375 1171 2430 et
1195 2363 1312 2432 animo

56 2447 168 2518 invicto
191 2449 284 2519 luit?
311 2449 403 2532 Quid
433 2452 689 2538 temperantius,
716 2452 777 2538 qui
804 2452 971 2521 nobilium
993 2465 1107 2540 spreta
1136 2451 1310 2532 felicitat,

52 2536 162 2606 maluit
186 2539 220 2606 in
246 2538 497 2607 humilioribus
514 2550 583 2608 tuto
602 2561 725 2628 gressu
743 2561 891 2628 pergere,
908 2561 1011 2626 quarn
1033 2539 1183 2628 pendulo
1200 2539 1310 2629 gradu

50 2624 79 2690 in
103 2627 311 2704 sublimibus
341 2627 536 2696 fluctuaret
564 2633 766 2719 Magnopere
790 2630 881 2697 enim
909 2629 1106 2719 concupivit
1131 2629 1219 2696 inter
1252 2629 1313 2698 ho·

50 2715 150 2784 mines
164 2737 240 2785 esse
257 2714 442 2804 inglorius
457 2729 495 2785 ut
514 2738 626 2786 corant
650 2722 714 2784 Deo
730 2731 908 2806 appareret
925 2717 1110 2807 gloriosus:
1132 2730 1313 2805 menteque

47 2802 76 2868 in
100 2804 232 2874 Christo
264 2807 352 2873 bene
376 2803 530 2884 fundata,
549 2805 706 2874 coelestia
739 2806 988 2894 potiusquam
1017 2821 1148 2876 terrena
1177 2807 1311 2876 deside-

47 2913 131 2972 rans,
159 2893 312 2962 humana
340 2892 492 2963 studiose
511 2895 715 2984 contempsit
739 2893 1000 2976 oblectamenta,
1029 2908 1065 2964 ut
1091 2908 1203 2986 posset
1228 2896 1313 2965 divi·

47 3001 119 3048 nam
135 2982 168 3050 in
186 2981 396 3052 coelestibus
412 2982 565 3052 obtinere
578 2983 859 3053 consolationem.
874 2989 965 3053 Inter
980 2985 1180 3072 hujusmodi
1198 2985 1313 3074 itaque

45 3067 268 3140 institutionis
291 3071 475 3152 exercitia,
498 3071 549 3140 vir
573 3073 693 3142 beatus
717 3093 756 3141 ex
780 3073 870 3142 dono
900 3074 1013 3142 Sancti
1035 3075 1183 3162 Spiritus
1209 3075 1314 3143 virtu-

47 3171 111 3226 tum
137 3160 290 3249 insignia
315 3162 592 3248 operabatur.....

84 3249 102 3334 ξ
124 3254 192 3320 11.
220 3253 299 3318 Post
324 3247 408 3316 haec
431 3247 564 3348 litigius
587 3249 628 3318 ad
649 3249 769 3318 urbem
799 3249 976 3340 propriam
998 3271 1187 3340 regressus,
1215 3250 1313 3318 insti-

48 3337 183 3406 tutionis
200 3357 285 3406 suae
311 3359 467 3406 normam
490 3361 523 3405 tn
551 3337 624 3408 dies
649 3338 682 3406 in
707 3337 830 3408 melius
848 3339 1076 3428 provehebat:
1103 3337 1252 3428 diligens
1277 3339 1311 3405 in

48 3425 164 3512 primis
181 3429 287 3495 Deum
308 3447 349 3494 er
375 3425 574 3507 totocorde,
601 3449 640 3495 ex
660 3439 728 3496 tota
752 3428 880 3508 anima,
910 3443 1010 3515 atque
1034 3449 1074 3496 ex
1098 3439 1165 3497 tnta
1191 3429 1313 3495 virtute

48 3535 115 3592 sua;
133 3513 257 3584 deinde
284 3514 478 3604 proximum
506 3515 595 3585 sicut
611 3517 776 3605 seipsum.
796 3520 834 3585 ln
859 3516 933 3608 lege
956 3516 1089 3586 Domini
1116 3517 1189 3584 sine
1213 3514 1312 3586 lassi-

49 3601 160 3670 tudine
176 3625 397 3694 permanenS,
421 3625 532 3673 mores
557 3604 665 3674 bonos
690 3603 787 3672 nulla
808 3607 908 3675 noxia
925 3605 1181 3675 conversatione
1199 3604 1312 3692 inqui-

50 3689 156 3759 nabat.
181 3694 291 3761 Vitam
328 3692 550 3781 temporalem
584 3713 645 3782 pro
675 3690 795 3762 exsilio
819 3694 973 3775 ducens,
1000 3695 1103 3764 vitam
1138 3707 1309 3764 aeternam

51 3783 258 3852 tutamentis
286 3780 459 3852 desiderio
495 3781 703 3872 suspirabat.
729 3786 832 3852 Actus
867 3782 953 3852 vitae
984 3805 1066 3852 suae
1101 3783 1196 3852 omni
1230 3781 1311 3852 hora

7 3887 8 3890 ’
50 3867 249 3948 custodiens,
266 3869 408 3938 oculum
425 3870 550 3940 mentis
565 3893 648 3940 suae
659 3892 796 3958 semper
808 3870 844 3938 in
863 3875 967 3940 Deum
985 3871 1132 3941 defixum
1151 3871 1309 3940 habebat.

52 3954 91 4022 lb
114 3959 286 4037 omnibus,
313 3979 402 4045 quae
426 3957 477 4028 lex
504 3970 601 4038 vetat,
625 3958 741 4028 solerti
759 3980 850 4028 cura
877 3960 1065 4042 abstinens,
1092 3983 1111 4028 a
1135 3959 1312 4050 cogitatio-

7 4055 9 4136 ς
53 4042 146 4112 nibus
166 4067 303 4134 quoque
329 4045 441 4115 noxiis
464 4047 618 4116 animum
653 4047 842 4127 revocabat,
869 4049 981 4117 sciens
1008 4049 1181 4119 hominem
1208 4049 1309 4118 etiam

7 4143 9 4220 t
54 4131 285 4220 cogitationum
311 4157 454 4204 suarum
479 4136 644 4204 rationem
664 4135 892 4204 redditurum.
920 4136 1009 4206 Nihil
1037 4137 1079 4205 de
1110 4159 1146 4205 se
1171 4159 1311 4226 praesu-

7 4223 8 4226 ’
56 4239 152 4300 inens,
169 4224 324 4312 nihilque
347 4223 427 4294 boni
453 4223 518 4294 sibi
544 4224 711 4304 tribuens,
731 4225 820 4294 bona
845 4247 864 4293 a
884 4245 920 4294 sa
937 4225 1025 4294 sacta
1040 4224 1157 4294 divino
1175 4224 1310 4294 muneri

58 4309 268 4382 adscribebat.
286 4312 448 4383 Odiautes
465 4313 506 4381 ad
526 4335 658 4402 pacem,
676 4312 852 4382 discordes
867 4312 909 4382 ad
936 4314 1154 4382 concordiam
1177 4334 1311 4408 revoca3

60 4391 119 4463 bat.
137 4401 317 4474 Consilium
343 4412 378 4471 et
401 4422 489 4491 opus
512 4423 614 4472 suum
632 4423 769 4491 semper
792 4401 835 4470 ad
854 4405 958 4469 [teum
977 4401 1137 4482 reserens,
1155 4401 1188 4469 in
1214 4419 1309 4469 omni
