2920 4810
7 293 78 360 lot.
108 292 148 355 ti
385 243 650 356 aaarraonoeron
675 309 889 356 innosrnarou
1147 289 1245 358 loti*

7 409 73 465 nem,
87 393 110 454 si
126 388 246 468 quando
271 389 465 466 negligentes
480 407 530 452 eos
545 407 627 468 repe
655 398 782 453 recatus
796 399 852 453 esi.
876 390 1021 453 Homines
1035 392 1132 470 quieti
1148 392 1289 470 etpudioi

7 475 89 534 risset.
123 470 232 549 ajebat
254 485 408 547 namque:
447 469 624 549 «Equidem
654 469 780 548 spiritus
801 470 970 549 impensius
990 471 1122 544 amabat,
1145 487 1201 534 nec
1215 472 1289 533 alios

7 559 143 630 postquam
166 548 358 611 Cartbosiam
370 550 465 624 adiri,
489 551 624 614 nesciosi
653 565 708 610 sno
723 551 810 629 gregi
822 553 919 613 sciens
933 559 964 612 et
979 553 1112 628 prudens
1126 551 1290 629 praeficere

7 633 38 694 rei
49 629 138 694 semel
151 645 286 706 unquam
299 628 454 691 mercolio
465 629 624 692 mibisub·
656 629 763 702 voluit,
778 629 967 708 quantalibet
989 630 1159 692 industriae
1172 639 1226 692 aut
1241 630 1288 692 lit-

7 713 122 790 apsis.»
150 708 342 771 adorantium
359 709 465 770 dicunt
486 709 623 772 Menaeni
656 715 807 772 teraturae
834 711 1029 788 prerogativa
1058 709 1215 788 pollerent.
1236 710 1289 772 Pu·

9 788 440 865 lirussodalisnegligentinm,
464 789 544 851 unde
562 789 624 852 lra-
653 791 695 850 cis
724 790 964 852 studiosissimus
996 789 1064 852 luit.
1092 788 1150 851 Sed
1182 796 1288 854 contra

7 886 72 931 rum
91 874 264 930 conventus
286 876 459 946 exspectare
485 875 624 945 cogatur.
654 869 766 946 Regem
782 868 959 939 Humidum,
975 870 1102 947 ejusque
1118 871 1288 944 ministros,

7 951 153 1027 Postquam
167 951 347 1022 aulemjam
363 948 468 1010 decem
481 965 577 1011 anuos
592 949 624 1010 in
655 947 868 1010 labefactantes
898 947 1048 1010 Ecclesiae
1073 949 1139 1026 jnra
1158 996 1165 1022 ,
1187 956 1219 1010 et
1239 949 1289 1011 lli·

7 1029 63 1090 :ella
84 1028 246 1105 exegisset,
263 1029 509 1104 procurationem
536 1030 626 1090 totius
653 1029 813 1103 ebandum,
831 1028 960 1090 'Henrici
976 1027 1000 1089 ll
1015 1027 1127 1100 lilium,
1155 1029 1290 1091 subditos

7 1109 135 1170 lomusei
149 1111 310 1168 commissa
321 1107 386 1168 luit:
400 1125 461 1185 ooo
475 1109 506 1169 in
519 1124 623 1169 mone·
653 1108 889 1184 opprimentem,
908 1108 1080 1186 impavidos
1107 1111 1209 1181 stetim
1231 1124 1290 1170 ma·

7 1205 30 1248 re
46 1191 121 1250 tauta
135 1187 307 1262 vigilantis,
321 1195 461 1265 tantaque
475 1188 626 1266 probitate
653 1189 736 1250 xime
766 1193 869 1249 aulem
890 1187 1076 1250 Richardum
1099 1190 1210 1252 acriter
1242 1204 1288 1248 re·

7 1270 137 1343 regessit,
161 1272 196 1327 ut
218 1265 295 1328 lama
312 1267 377 1344 ejus
398 1266 489 1344 longe
505 1267 626 1346 lateque
654 1266 1162 1345 prehendit:quaproptcrmolleos
1181 1285 1289 1348 regom

7 1356 137 1409 manaret.
162 1345 239 1411 Nam
264 1346 327 1409 Rex
354 1345 484 1424 Angliae
512 1347 622 1410 Henri-
654 1346 835 1408 dictusluii.
859 1345 996 1422 Singulis
1016 1355 1119 1410 autem
1135 1350 1235 1420 annis,
1251 1349 1287 1409 ad

7 1441 46 1486 ms
58 1425 91 1501 li,
105 1427 232 1487 audiens
254 1442 333 1504 quae
348 1425 384 1488 de
398 1442 434 1488 eo
449 1429 625 1505 percrebre-
655 1429 875 1488 monasterium
889 1441 981 1488 suom
1002 1427 1218 1489 Wiclamieuse
1242 1443 1289 1490 re·

7 1505 128 1578 mebant,
149 1505 329 1584 spectabiles
349 1507 434 1567 misit
455 1505 568 1584 legatos
589 1507 624 1569 ad
653 1506 720 1568 dire
750 1505 885 1578 solebat,
917 1505 968 1567 ubi
1000 1512 1081 1569 tanta
1111 1506 1289 1568 bumilitate

7 1582 201 1655 loribusiam.
226 1585 278 1663 qui
308 1585 395 1646 illum
416 1589 624 1660 accersirent,
654 1584 844 1656 versabatur,
867 1591 900 1646 ot
926 1595 1045 1662 praeter
1070 1585 1170 1648 solum
1191 1603 1290 1649 annu·

7 1665 153 1726 otdomum
166 1664 624 1744 chtamiae(il''illtom),quam
654 1665 718 1727 lom
741 1666 782 1726 uil
812 1670 965 1742 gestaret,
987 1667 1067 1742 quod
1090 1666 1287 1743 episcopalem

9 1744 60 1818 ipse
80 1743 137 1808 lter
151 1743 353 1808 Cartbnsiano
374 1743 476 1808 Ordioi
500 1762 625 1808 coaces-
653 1744 848 1821 dignitatem,
869 1761 927 1822 qua
944 1745 1097 1820 praeditus
1118 1753 1194 1817 erat,
1211 1747 1290 1808 indi·

8 1832 85 1896 serat,
104 1833 329 1886 constanimaret
344 1832 532 1904 regeretque.
547 1823 623 1886 Cum
653 1835 745 1887 caret.
759 1824 902 1896 Londini,
914 1825 1095 1902 gravissimo
1109 1825 1213 1887 morbo
1225 1843 1288 1887 cor-

10 1908 94 1964 autem
106 1905 136 1964 in
149 1905 387 1967 Wictnmiamse
397 1905 584 1978 contulisset,
597 1915 626 1968 et
655 1911 766 1983 ceptus,
786 1904 1013 1981 sexagenarius,
1031 1905 1061 1965 in
1080 1919 1149 1981 pace
1164 1907 1290 1966 sanctis·
1349 1972 1354 1982 ,

11 1979 192 2046 illiosdemus
213 1983 508 2048 administrationem
527 1999 625 2046 susae·
653 1983 748 2045 simus
772 1983 893 2046 Praesul
920 1983 1014 2044 vitam
1037 1983 1150 2046 finivit.
1173 1981 1288 2063 Corpus

10 2061 94 2134 piscat,
109 2065 199 2141 ipsam
219 2072 278 2125 tam
293 2062 453 2134 aediliciis,
474 2080 564 2142 quem
587 2082 624 2126 u·
652 2063 716 2140 ejus
738 2062 930 2126 Lincolniam
949 2063 1094 2139 delatum,
1111 2063 1164 2139 ibi,
1181 2079 1289 2142 magno

12 2141 149 2204 tonsilibus
170 2143 258 2204 breri
277 2145 420 2204 instruxit
437 2152 468 2206 et
481 2142 622 2206 absolvit.
655 2143 755 2220 populi
774 2143 910 2220 clerique
925 2158 1087 2216 concursu,
1106 2143 1289 2206 tumulatum

11 2213 154 2284 lacerarat
177 2221 272 2285 Sedes
287 2221 507 2284 lincolniensis
528 2239 625 2284 annos
653 2222 719 2284 luit.
733 2221 887 2284 Honorius
903 2222 1036 2300 reroPp.
1053 2221 1087 2286 ll.
1105 2223 1287 2285 Sanctorum

14 2295 65 2358 iero
81 2299 178 2364 dacem
200 2309 232 2364 et
256 2309 332 2362 octo.
356 2303 520 2365 innuente
542 2303 624 2378 Rege
652 2301 1288 2381 alboeumadscripsit(conctorcipooto

16 2383 39 2433 et
51 2381 245 2444 consentiente
271 2381 521 2458 Metropolitano,
544 2382 624 2444 illius
652 2381 736 2460 opud
751 2383 902 2461 Surium).

16 2455 135 2522 ecclesiae
166 2459 314 2522 Canonici
350 2463 537 2524 unanimiter
563 2461 622 2523 Hu·

15 2545 105 2606 gonem
125 2539 305 2618 Episcopum
326 2541 454 2617 elegero.
479 2543 517 2603 At
535 2541 624 2618 Hugo
732 2539 763 2604 S.
792 2539 1005 2603 GREGORlUS
1036 2541 1207 2602 Errsconos.

13 2627 128 2678 asserens
148 2621 224 2682 banc
246 2622 426 2682 eleclionem
459 2621 623 2682 iatralidam
775 2645 853 2710 opu-,1
868 2663 950 2710 anm,
963 2647 1022 2709 594
1043 2646 1087 2708 ,ep
1099 2645 1168 2707 595·

14 2705 76 2784 esse,
95 2705 155 2760 tum
171 2708 292 2778 propter
316 2700 405 2776 Regis
420 2709 450 2762 et
465 2699 624 2784 Acciriepi-

13 2777 227 2862 scopalarorem,
239 2786 303 2842 tum
315 2779 501 2858 propterloei
516 2781 625 2859 impor-
692 2780 870 2844 ldanrrnoo.
888 2813 926 2825 -
941 2781 1073 2844 Turonis
1093 2782 1187 2842 sancti
1210 2777 1286 2840 Gan-

15 2855 164 2942 bturtatem,
184 2867 249 2921 turn
272 2859 310 2922 ob
323 2875 395 2922 suae
410 2875 555 2936 personae
579 2862 623 2922 in·
652 2877 733 2923 eonrr
750 2861 899 2940 Episcopi.

14 2926 183 3014 dignitatem,
205 2940 341 3000 maxime
357 2955 441 3012 vero,
455 2941 547 3017 cuod,
559 2941 622 3002 abs·
691 2940 762 3018 Erus
782 2940 876 3002 vitam
892 2958 907 3002 a
923 2938 1041 3002 clericis
1061 2938 1289 3001 Turonensibos

14 3011 180 3101 lleUPrioris
195 3018 373 3081 Caribusiae
389 3023 550 3096 permissu,
568 3020 622 3098 ipsi
653 3019 831 3098 descriptam
853 3020 942 3082 babet
962 3019 1082 3081 Sarius.
1103 3019 1164 3082 Nos
1184 3021 1287 3096 ipsam,

16 3099 127 3179 mint-me
146 3109 319 3160 consentire
341 3098 468 3174 liceret,
492 3099 622 3162 oblatam
652 3099 804 3177 aliquibus
819 3099 976 3162 brevitatis
990 3101 1078 3164 causi
1095 3098 1288 3176 praetermis·

15 3162 170 3242 dignitatem
194 3177 263 3239 totis
285 3179 402 3240 viribus
424 3179 549 3254 rejicere
571 3195 622 3241 co·
652 3182 702 3253 sis,
721 3179 770 3242 liic
787 3179 960 3242 referimus.

17 3239 96 3339 batur.
116 3251 169 3316 Sed
183 3255 340 3331 Canonici,
362 3259 463 3320 denuo
486 3261 517 3320 in
535 3259 624 3322 eccle·
699 3258 890 3337 oGregorius
912 3256 1025 3321 Celtico
1045 3257 1214 3320 Galliarum
1230 3263 1289 3318 tra-

17 3335 48 3411 sto
61 3325 250 3400 meolniansi
266 3341 482 3400 corruenientes
495 3353 622 3400 concor·
653 3347 704 3401 ctu
727 3339 784 3400 luit
798 3348 935 3412 exortus,
954 3337 1139 3400 alvernicae
1154 3337 1289 3414 regionis

18 3399 82 3494 diter
100 3412 192 3497 ¹illum
222 3433 328 3479 rursus
358 3417 495 3494 elegeam
528 3425 558 3479 et
585 3435 624 3480 ne
654 3418 810 3494 indigena,
833 3426 918 3497 patre
933 3418 1101 3489 Florentio,
1119 3424 1216 3479 matre
1232 3415 1288 3478 Ar·

19 3473 120 3576 Ordinis
138 3496 181 3582 sui
210 3496 353 3574 allegaret
384 3498 623 3575 impedimenta,
653 3501 800 3560 mentoria
818 3507 1009 3576 procreatus:
1033 3506 1063 3559 et
1082 3497 1194 3572 siquid
1210 3495 1290 3558 diri·

20 3571 125 3654 nuncios
145 3573 219 3637 illico
233 3575 270 3639 ad
293 3576 483 3640 carthusiam
501 3579 623 3650 misere,
655 3595 709 3640 nae
723 3579 919 3654 generositati
941 3586 1059 3641 terrena
1079 3577 1221 3640 conducit
1235 3593 1288 3638 no·

21 3649 63 3728 lit·
74 3643 213 3718 licentiam
229 3673 300 3720 cnm
311 3658 453 3720 mandate
464 3656 623 3720 referrent.
654 3656 764 3730 bilitas,
788 3664 928 3736 parentes
943 3659 1008 3734 ejus
1022 3673 1092 3720 cum
1108 3656 1198 3718 rebus
1211 3654 1290 3718 locu·

21 3711 81 3786 Quid
95 3726 195 3798 plural
214 3735 277 3798 Non
292 3737 357 3798 sine
379 3738 498 3815 maguis
518 3737 623 3800 lobori-
653 3737 757 3814 platea,
771 3736 1289 3817 lumquoquenalalibuslulserunt

22 3789 72 3871 his,
91 3803 171 3885 Hugo
192 3816 334 3888 trabitur,
356 3818 484 3896 rapitur,
506 3826 537 3878 et
559 3818 622 3894 epi·
654 3816 851 3881 illustres...
877 3816 916 3878 lta
933 3817 1027 3879 nobili
1049 3819 1143 3894 stirpe
1164 3815 1288 3878 nobilis·

22 3884 107 3953 ⁸ss⁰ll¹1⁵
125 3903 308 3978 consecratur
329 3896 423 3972 (auno
446 3895 546 3975 ileo).
570 3895 623 3959 Su·
652 3898 728 3960 sima
752 3897 849 3976 proles
863 3912 1036 3972 emergens,
1062 3903 1096 3958 ut
1110 3911 1176 3958 rosa
1197 3910 1288 3975 quae·

23 3963 96 4050 sepia
113 3980 299 4050 episcopatu,
321 3977 419 4055 prima
447 3981 474 4038 ei
501 3993 573 4039 cura
594 3986 624 4037 et
652 3977 722 4038 dam
737 3978 839 4056 stipite
853 3977 983 4053 gratior,
998 3977 1090 4039 decus
1104 3976 1290 4050 generosita-

25 4033 165 4138 iolltcrtude
190 4053 254 4126 luit,
276 4062 308 4117 ul
324 4055 405 4117 viros
425 4057 573 4135 sapiencia
593 4065 624 4118 et
654 4057 1150 4133 tisauctuminparentesreludit.
1165 4055 1202 4114 El
1216 4056 1286 4132 quia

25 4121 125 4200 icteritia
152 4139 311 4198 instructos
336 4143 427 4214 atoue
450 4136 481 4198 in
515 4138 624 4200 timore
649 4136 761 4214 jugum
777 4136 898 4198 Domini
914 4135 951 4199 ab
966 4135 1166 4199 adolescentia
1183 4142 1287 4212 perta·

26 4183 65 4250 ⁰⁶¹
87 4204 298 4276 leobatissimos
317 4231 373 4278 suo
395 4215 480 4278 lateri
502 4215 624 4278 adbibe-
655 4219 708 4290 rit,
724 4217 840 4279 sedebit
854 4215 935 4278 solus
949 4215 997 4292 (ut
1010 4215 1052 4276 ail-
1067 4214 1225 4292 ieremias)
1240 4213 1287 4276 vel

26 4277 70 4330 ret.
89 4275 188 4350 ilerum
202 4295 325 4356 consilio
338 4304 369 4357 et
382 4295 497 4358 auxilio
518 4296 623 4370 fretus,
652 4303 734 4358 certe
749 4311 842 4374 prope
857 4295 1034 4357 Martinam.
1059 4292 1098 4354 Ut
1113 4301 1217 4355 atatem
1238 4309 1288 4354 aa·

27 4355 146 4422 pastorale
163 4383 270 4436 munus
292 4391 437 4454 perquam
459 4383 584 4438 strenue
595 4392 624 4440 e·
656 4376 765 4440 tatulae
780 4374 873 4437 robur
888 4374 1019 4448 admisit,
1034 4371 1208 4436 litterarum
1223 4378 1287 4434 stu·
