2920 4810
264 279 327 345 638
656 297 696 344 nn
719 296 747 344 s.
773 294 898 344 unsrun
921 293 1049 344 nouam
1300 271 1370 336 blf..
1391 271 1417 331 :tt

218 383 314 454 tieret
345 381 516 474 particeps
541 380 833 452 sanctificationis.
860 385 942 451 Cum
977 401 1017 450 ea
1046 379 1159 469 itaque
1185 376 1230 448 illi
1256 375 1419 466 processisse

219 473 368 555 obviam,
393 493 517 563 magno
534 471 661 542 honore
685 470 750 542 luit
774 471 892 540 allecta
916 469 959 540 ab
984 468 1210 560 Imperatrice,
1233 478 1349 553 utquae
1366 485 1420 530 ean

223 562 341 632 matris
368 561 449 632 loco·
466 561 616 644 haberet,
642 573 674 630 et
697 559 834 632 duabus
859 559 901 628 de
935 557 1052 630 causis
1086 555 1298 649 providentiae
1322 553 1419 621 tirine-

220 663 335 744 ageret
358 652 497 742 gratias,
525 672 646 742 nempe
663 649 760 809 (puod
785 661 818 720 et
847 648 1045 738 usqueadeo
1069 647 1263 719 celebratam
1283 641 1417 738 Jerusalem

221 755 253 812 et
274 755 390 812 sancta
416 741 488 810 loca
512 762 600 828 quae
630 739 660 810 vi
687 751 777 822 eret,
800 737 904 830 digna
931 739 975 810 sit
1004 738 1132 820 habita,
1165 749 1196 807 et
1217 733 1297 824 quod
1319 754 1349 801 ea
1370 729 1417 798 uls

224 831 342 902 matris
366 829 454 900 facta
474 830 517 900 sit
533 830 605 899 tilia
629 828 819 902 secundum
846 828 1019 918 spiritum.
1040 827 1183 919 Signum
1199 837 1246 895 est
1266 835 1356 894 auten
1370 841 1412 886 na-

222 921 282 1012 gni
309 919 437 991 amoris
454 919 685 1009 Imperatricis
704 919 739 989 in
765 917 945 1000 Melanam,
968 917 1058 1008 quod
1086 938 1152 986 non
1181 913 1411 985 dubitarentur-

223 1024 295 1080 tum
324 1009 387 1078 iter
414 1009 568 1100 ingredi,
594 1021 627 1080 ct
652 1031 692 1079 eo
721 1007 901 1089 accedere,
930 1019 962 1077 et
992 1027 1080 1094 quae
1105 1005 1175 1076 illic
1203 1016 1290 1074 erant
1308 1000 1414 1090 virgines.

222 1111 396 1187 tamquam
423 1121 555 1169 sorores
579 1097 728 1169 salutare
760 1109 792 1167 et
821 1095 1020 1188 amplexari.
1051 1101 1153 1166 Porro
1185 1107 1290 1164 autern
1309 1113 1370 1161 curn
1386 1107 1418 1150 1¹³³·

223 1188 413 1258 lebraretur
438 1189 516 1260 novi
540 1187 659 1280 templi
690 1187 880 1270 dedicatio,
907 1185 967 1256 illa
988 1206 1126 1275 quoque
1152 1183 1273 1267 aderat,
1295 1192 1321 1252 et
1341 1179 1418 1248 lectus

224 1277 430 1351 celebrabat.
1412 1355 1414 1360 Ι

267 1369 285 1455 ξ
308 1370 389 1439 88.
417 1370 512 1437 Hanc
535 1377 648 1437 autern
668 1389 737 1438 rem
765 1366 889 1437 bonam
917 1375 1138 1434 consecutum
1162 1373 1212 1434 est
1233 1357 1381 1454 quiddam,
1396 1353 1422 1420 lt·

224 1476 332 1548 gnum
355 1455 497 1547 maligni
515 1456 743 1546 improbitate,
761 1467 793 1526 et
816 1454 898 1525 boni
922 1455 978 1524 bei
1003 1455 1137 1525 virtute.
1167 1452 1284 1523 Pedem
1298 1451 1371 1520 enin
1389 1450 1425 1542 lp·

225 1545 422 1637 peratricis,
452 1546 514 1636 qni
538 1545 666 1636 injuritl
699 1545 877 1616 daemonis
900 1565 918 1614 e
943 1564 1109 1635 compage
1139 1555 1212 1613 erat
1240 1541 1370 1617 iuratus,
1396 1531 1414 1600 tl

224 1636 352 1724 absque
375 1634 492 1706 dolore
514 1647 593 1725 apte
619 1647 651 1706 et
679 1646 766 1706 recte
790 1635 825 1704 in
847 1655 948 1704 suurn
974 1632 1088 1704 locum
1119 1631 1274 1703 restituit.
1291 1635 1358 1700 Cum
1377 1625 1419 1692 ta

224 1737 257 1794 et
272 1747 339 1796 non
361 1746 471 1815 pauca
495 1724 562 1795 alia
593 1746 611 1794 a
640 1747 765 1816 magna
794 1723 926 1793 Melana
951 1722 1158 1814 percepisset
1184 1718 1357 1798 commoda,
1374 1727 1421 1812 ets

225 1814 327 1885 simul
349 1814 450 1885 etiarn
475 1814 671 1886 exsatiasset
694 1812 920 1904 spectaculis,
947 1811 1095 1882 decrevit
1110 1811 1231 1882 reverti
1254 1814 1425 1902 Constantio.-

225 1902 345 1996 polim,
370 1916 403 1974 et
418 1904 448 1972 ei
468 1903 607 1992 quidem
625 1904 757 1975 Melana
771 1925 850 1974 curn
869 1914 1043 1990 tamquam
1058 1901 1167 1972 bonas
1182 1901 1317 1972 comites
1332 1893 1425 1966 dedisse.

228 2015 357 2086 preces,
376 1994 486 2083 ipsam
512 1993 670 2065 dimittit:
689 1994 764 2086 ipsa
795 2005 907 2064 autem
938 1991 1098 2080 aequales
1113 2003 1217 2080 atque
1233 1989 1311 2060 adeo
1334 1983 1425 2070 majo«

227 2085 314 2154 vitae
337 2103 377 2152 er
402 2087 468 2153 Deo
487 2082 639 2174 agendae
657 2082 789 2154 labores
805 2081 967 2174 pergebat
985 2081 1171 2172 suscipere.
1190 2079 1238 2151 ld
1261 2101 1328 2150 eam
1343 2091 1424 2163 quoqr

226 2172 386 2244 adluebat
410 2195 429 2241 a
454 2176 519 2242 [leo
540 2173 666 2244 lluvius
682 2172 941 2242 miraculorum.
968 2175 1121 2255 Quorum
1147 2170 1302 2240 existimo
1323 2187 1375 2236 non
1390 2180 1424 2228 s

228 2281 520 2351 supervacaneum
549 2261 679 2351 aliquot
703 2261 913 2343 meminisse,
938 2281 978 2331 ea
1002 2273 1176 2348 tamquam
1212 2256 1339 2350 aliquod
1359 2248 1426 2322 conl

227 2363 381 2454 mentum
403 2350 625 2422 admiscendo
650 2351 848 2422 narrationi.
880 2349 1001 2420 Mulier
1020 2349 1189 2439 quaedam
1210 2347 1340 2440 juvenis
1358 2349 1421 2412 aetat

228 2441 433 2511 invaditura
454 2439 632 2512 daemone.
652 2445 743 2525 Quae
767 2439 906 2529 quidem
924 2439 1053 2510 clausis
1075 2439 1239 2510 dentibus
1255 2451 1286 2510 et
1300 2434 1384 2507 labris
1395 2445 1424 2495 cz

228 2530 338 2600 solum
365 2551 479 2601 vocem
501 2551 568 2601 non
589 2530 774 2612 emittebat,
793 2529 850 2601 sed
870 2549 980 2618 neque
999 2528 1116 2600 cibum
1136 2529 1279 2599 omnino
1294 2517 1426 2612 attingetur

229 2625 347 2690 Fames
370 2633 506 2702 autem,
535 2620 724 2692 visceribus
750 2633 782 2690 et
812 2641 914 2690 carne
938 2619 1086 2708 graviter
1118 2617 1320 2706 liquefacta,
1343 2621 1420 2705 mortr

230 2709 425 2782 minabatur
445 2707 547 2800 paulo
573 2721 658 2799 post.
677 2709 899 2780 Tentantibus
915 2729 993 2779 vero
1017 2708 1174 2791 medicis,
1193 2708 1361 2800 diligenter
1377 2695 1428 2766 alri-

229 2799 309 2870 hitis
333 2799 593 2870 medicamentis
616 2811 648 2868 et
671 2799 754 2869 artis
789 2796 961 2881 remediis,
985 2797 1116 2869 malum
1140 2799 1288 2878 vincere,
1314 2805 1411 2885 postque

230 2888 347 2959 omnia
370 2889 661 2960 convincebantur
683 2909 758 2960 esse
778 2888 893 2958 inania
920 2899 953 2958 et
981 2887 1067 2957 nibil
1093 2908 1213 2978 posse,
1240 2881 1387 2975 defatigati
1402 2894 1427 2962 tt

230 2977 272 3048 ad
297 2999 371 3048 eam
397 2978 603 3061 attinebant,
629 2978 671 3048 ad
697 2999 805 3048 unum
837 2977 1060 3047 intuebantur
1082 2975 1277 3060 auxilium,
1303 2987 1395 3066 nempe
1411 2977 1429 3022 tl

230 3088 348 3226 preces
373 3089 516 3157 magnae
546 3067 706 3138 Melanae.
726 3071 807 3137 Earn
826 3067 941 3155 itaque
965 3067 1113 3137 afferunt
1137 3065 1293 3136 tollentes
1320 3057 1424 3134 manibus

245 3177 402 3246 acrymas
419 3156 529 3228 oeulis
552 3157 777 3238 effundentes,
799 3168 832 3226 et
855 3156 957 3226 verba
980 3157 1172 3226 emittentes
1197 3154 1350 3248 lacrymis
1372 3159 1429 3224 niti·

233 3244 452 3316 miserabilia.
480 3247 542 3317 llla
566 3261 679 3318 autem
694 3247 890 3338 (bominum
916 3245 1007 3316 enirn
1034 3245 1160 3315 vitabat
1183 3244 1335 3336 gloriam,
1351 3247 1429 3318 utqtf*

234 3357 396 3425 magnum
417 3335 552 3408 afferret
574 3334 753 3418 damnum,
782 3334 999 3424 modesteque
1018 3357 1058 3404 ac
1084 3333 1256 3405 moderate
1280 3355 1313 3405 se
1328 3324 1416 3422 geralal

234 3429 360 3494 «Haec
384 3424 547 3513 quidem,
576 3425 708 3514 inquit,
744 3447 842 3494 amc
867 3445 933 3495 non
961 3437 1104 3515 possunt
1139 3423 1232 3493 sieri:
1267 3417 1431 3514 Christis:-

235 3528 401 3605 rnartyres
424 3515 508 3585 haec
523 3527 556 3585 et
580 3515 635 3583 liis
659 3515 788 3606 majora
816 3525 962 3601 possunt
984 3513 1103 3584 lacere.
1130 3517 1248 3583 »Cum
1272 3513 1318 3582 sic
1339 3509 1422 3578 tissa

234 3602 491 3676 daemoniacam
512 3603 593 3675 duci
615 3603 713 3692 jubet
729 3605 763 3674 in
790 3602 969 3694 templum.
996 3607 1077 3672 Cum
1102 3601 1144 3671 de
1165 3615 1350 3674 sanctorum
1369 3599 1425 3662 autu

233 3692 306 3763 oleo
323 3693 539 3783 sumpsisset,
565 3707 597 3764 et
620 3715 659 3762 os
679 3692 866 3764 laborantis
882 3692 1057 3784 tetigisset,
1075 3691 1205 3762 claram
1222 3692 1338 3762 emittit
1350 3687 1429 3754 rorte

235 3787 308 3853 «ln
335 3783 474 3855 nomine
496 3789 579 3854 lesu
603 3782 739 3866 Christi,
765 3783 896 3863 dicens,
919 3804 957 3852 os
975 3796 1071 3853 tuum
1093 3781 1233 3872 aperi.»
1250 3777 1424 3864 vocemnu

236 3896 298 3944 vox
321 3874 434 3943 statim
459 3885 510 3944 est
533 3885 726 3953 consecuta,
748 3883 885 3942 sanctae
903 3891 1017 3942 vocem
1036 3892 1099 3941 vox
1123 3885 1289 3962 aegrotae,
1307 3883 1335 3938 et
1351 3859 1420 3956 inrtll

235 3977 285 4034 est
300 3962 419 4054 lingua
443 3961 486 4031 ad
511 3961 663 4053 agendas
679 3962 818 4053 gratias,
845 3974 877 4030 et
899 3960 1044 4030 daemon
1068 3962 1197 4044 aberat,
1219 3976 1251 4031 et
1274 3961 1359 4032 cibus
1375 3956 1428 4017 cnr

235 4053 363 4134 aderat,
389 4061 422 4122 et
444 4051 599 4121 divinum
627 4072 751 4121 nomen
772 4073 831 4139 per
850 4051 959 4140 ipsam
985 4049 1254 4141 glorificabatur.

279 4145 396 4230 §M
419 4140 592 4224 Quaedam
620 4139 688 4210 alia
705 4140 830 4211 mulier
855 4138 995 4230 gravida
1019 4142 1054 4209 in
1082 4153 1219 4230 partum
1250 4135 1357 4208 incidit
1373 4127 1426 4196 mil*

235 4232 456 4302 acerbiorem.
477 4235 657 4300 Nemeum
680 4230 750 4320 iarn
770 4233 919 4320 pareret,
939 4228 1059 4311 loetus,
1078 4229 1140 4316 qui
1160 4229 1308 4300 nondum
1323 4221 1430 4315 procel

237 4330 299 4400 rat,
324 4321 418 4390 intus
441 4333 513 4391 erat
538 4331 707 4400 mortuus,
745 4331 885 4405 eratque
909 4319 1028 4390 matris
1053 4332 1172 4389 uterus
1203 4317 1374 4408 sepulcrum
1391 4309 1423 4415 llll

236 4409 390 4476 Pervenit
426 4409 541 4500 itaque
562 4407 742 4480 calamitas
777 4408 895 4478 matris
919 4407 1095 4496 usquead
1127 4431 1227 4480 aures
1253 4405 1384 4478 llolanae·
1401 4380 1426 4450 ll
