2994 4832
74 278 170 344 tuus
416 300 455 346 nx
477 299 504 347 s.
531 300 612 347 sanat
636 300 709 347 aaa.
736 299 774 346 xa
797 297 889 346 conr.
1180 277 1243 342 toa

71 382 215 471 accepisset
230 381 261 450 in
279 382 398 454 litteris
413 397 445 453 et
462 385 657 456 recessisset
677 380 982 470 Constantinopoli,
1002 379 1093 450 renit
1115 379 1143 481 *ι
1155 385 1289 481 Jeroso

69 469 142 558 lpma.
158 475 233 540 Cum
255 485 367 540 autem
397 472 478 542 illue
498 473 657 555 venisset,
680 486 712 542 et
738 470 995 559 tnagistratibus
1020 467 1216 540 tradidtssat
1233 469 1288 540 ht-

67 572 136 638 tares,
151 579 228 645 quas
243 559 388 630 habehat
403 561 651 650 imperatorias,
672 561 768 631 illinc
786 562 876 630 vertit
894 558 1138 650 scythopolim,
1160 557 1288 644 ubique

65 648 227 734 praedicans
245 647 379 733 decreta
403 651 632 740 Imperatoris,
659 650 787 720 docens
805 650 979 729 civitates,
1009 667 1288 736 componensque

62 747 82 804 et
96 737 246 806 instruens
260 738 301 805 ad
324 737 424 807 fidem
446 738 683 808 orthodoxam.
709 737 836 808 Deinde
851 759 909 810 eos
925 757 1072 824 quoque,
1095 735 1155 822 qui
1172 735 1288 825 gravia

61 823 103 892 illa
117 827 194 913 passi
210 825 340 895 lucrant
357 848 375 895 a
393 827 628 906 samaritanis,
651 839 683 896 et
698 827 777 897 aliis
795 826 906 896 modis
932 845 1100 905 recreans,
1123 837 1155 894 et
1181 822 1287 926 trihu-

60 923 143 982 torum
159 913 368 985 immunitate
391 916 584 986 consolans.
610 917 777 986 ieremias
797 929 910 985 autem
944 913 1157 994 monachus,
1184 933 1287 998 oupus

53 1001 106 1088 jam
120 1001 174 1070 leci
191 1004 406 1085 mentionem,
425 1027 503 1074 cum
522 1005 721 1092 nescioquo
741 1004 868 1095 pusillo
885 1013 917 1073 et
931 1003 1064 1091 abjecto
1083 1001 1200 1070 animo
1216 1022 1287 1070 mo·
1395 1043 1411 1062 ι.

56 1101 105 1166 tus,
122 1113 137 1159 a
153 1095 253 1162 laura
276 1093 424 1162 maxima
441 1095 646 1174 recessisset,
667 1095 700 1162 in
717 1091 867 1180 quodam
893 1091 1026 1162 deserto
1046 1103 1194 1161 torrente
1218 1103 1286 1158 sta-

56 1179 104 1246 tuit
118 1179 266 1262 habitare,
292 1182 354 1268 qui
370 1181 524 1269 quinque
548 1181 668 1254 stadiis
682 1182 799 1252 aberat
817 1205 838 1251 a
857 1180 1022 1270 spelunca
1043 1178 1183 1249 boreali.
1202 1181 1287 1247 Cum

58 1265 189 1338 illictero
211 1268 331 1340 luisset
361 1291 507 1360 magnus
532 1271 650 1350 Sabas,
677 1284 709 1340 et
733 1271 845 1340 locum
873 1269 1013 1340 vidisset
1033 1267 1130 1337 valde
1152 1279 1285 1355 aptum,

55 1358 141 1442 utqui
161 1358 192 1426 in
217 1358 317 1428 rehus
342 1358 494 1429 honestis
519 1381 585 1428 non
611 1359 733 1428 soleret
752 1359 919 1439 cunctari,
947 1379 1084 1450 parvam
1099 1355 1286 1443 quamdam

55 1463 125 1511 arsin
146 1461 174 1514 et
188 1448 386 1530 oratorium,
413 1459 445 1516 et
465 1447 618 1517 diversas
637 1447 741 1518 cellas
766 1449 853 1516 intra
874 1469 1001 1537 paucos
1017 1445 1090 1514 dies
1107 1444 1285 1514 aedificat:

53 1545 76 1598 et
97 1545 248 1616 statuens,
269 1549 309 1604 ut
339 1536 479 1622 quidam
509 1535 668 1606 monachi
689 1558 746 1606 eas
775 1535 993 1616 habitarent,
1019 1555 1138 1604 eorum
1166 1553 1287 1603 curam

54 1619 329 1693 traditleremiaa:
356 1637 388 1693 et
412 1625 461 1694 sie
487 1627 543 1694 [lei
567 1625 674 1715 gratia
700 1623 764 1694 luit
790 1624 885 1696 locus
909 1624 943 1692 in
962 1628 1106 1692 Lautam
1132 1634 1288 1691 constru-

54 1720 120 1788 ctus,
134 1732 209 1798 quae
223 1713 323 1783 lloret
341 1734 449 1799 usque
474 1714 508 1782 in
526 1713 731 1784 hodiernum
753 1714 868 1795 diem,
894 1713 1062 1783 torennae
1085 1713 1203 1782 sortita
1226 1731 1288 1800 ap-

55 1796 244 1882 pellationem.
272 1808 360 1872 Cum
386 1803 580 1892 Septltopoli
606 1816 734 1884 autem,
765 1816 803 1872 ut
830 1800 991 1880 diximus,
1022 1812 1109 1870 esset
1132 1811 1285 1879 sanctus,

56 1885 86 1953 ad
102 1907 164 1955 eunt
190 1891 358 1962 accedunt
382 1890 498 1980 Cyrilli
525 1906 692 1981 parentes,
712 1890 923 1978 quisnamne
944 1887 1027 1961 olim
1054 1901 1171 1959 sancto
1189 1887 1285 1988 noti,

58 1983 82 2038 at
101 1975 125 2040 ei
145 1975 264 2065 legibus
289 1979 464 2050 amicitiae
490 1980 687 2066 conjuncti,
716 1980 776 2066 qui
799 1980 831 2048 ei
854 1977 1097 2050 commendant
1121 1975 1288 2064 Cyrtllum

61 2059 146 2130 adhuc
158 2067 240 2137 ralde
249 2069 416 2154 juvenem
435 2091 442 2135 :
468 2080 501 2138 et
524 2067 688 2148 efficiunt,
716 2081 753 2137 ut
770 2066 814 2137 ab
833 2089 872 2136 eo
891 2066 1106 2165 impertiatur
1126 2086 1211 2153 puer
1230 2061 1288 2164 be-

62 2148 217 2226 nedictione.
244 2159 312 2226 Hic
333 2169 385 2224 est
409 2178 487 2225 vero
511 2157 670 2246 cyrillus,
698 2157 757 2245 qui
787 2157 902 2246 magni
929 2156 1036 2226 Sabae
1060 2167 1172 2252 attam·
1189 2151 1289 2252 nohis

60 2241 240 2330 conscriptam
261 2243 418 2315 tradidit.
432 2245 517 2330 Dicit
531 2267 612 2336 ergo
628 2245 685 2314 ille
700 2247 771 2333 ipse
784 2245 947 2335 Cyrillus:
959 2267 978 2311 ιι
990 2248 1072 2313 Cum
1089 2263 1154 2322 mc,
1165 2253 1285 2330 tnqutt,

62 2335 283 2480 mfftussabas
306 2333 529 2420 adspexisset,
547 2347 580 2405 et
598 2333 791 2412 salutasset,
813 2348 846 2403 et
861 2355 922 2404 sua
947 2332 1109 2422 dignatus
1126 2341 1214 2400 esset
1231 2329 1290 2398 be-

61 2433 92 2480 ne
113 2419 217 2491 tatione:
235 2445 335 2490 a--c
352 2423 414 2493 Hic
430 2423 564 2503 exhinc,
582 2423 694 2511 inquit
712 2423 810 2511 patri,
826 2435 877 2492 est
893 2443 991 2490 meus
1006 2419 1211 2510 discipulus.
1227 2422 1289 2486 Do-

56 2517 144 2575 ceatur
160 2531 233 2601 ergo
252 2511 480 2600 psalterium:
507 2533 546 2581 eo
561 2511 652 2582 enim
671 2533 759 2601 opus
780 2511 898 2582 habeo.
919 2533 937 2577 a
955 2508 1018 2580 Sed
1035 2510 1126 2580 enim
1145 2506 1289 2576 redeun-

53 2587 113 2658 dum
134 2611 186 2678 est,
204 2599 301 2669 unde
318 2599 462 2689 digressi
488 2623 623 2674 sumtts.

81 2682 94 2766 ἕ
113 2687 180 2757 lid.
201 2693 388 2774 Postquam
416 2709 492 2758 vero
509 2688 592 2758 haec
608 2701 696 2760 recte
725 2701 818 2778 gesta
836 2686 981 2758 luissent
1000 2708 1020 2755 a
1046 2706 1170 2785 magno
1186 2682 1285 2768 Saba,

46 2788 172 2852 rat'ersus
195 2777 424 2865 ierosolyma,
454 2777 604 2847 adoratis
639 2779 767 2848 sanetis
794 2779 899 2858 Locis,
925 2788 958 2846 et
987 2775 1028 2844 iis
1052 2773 1174 2854 diotts,
1199 2793 1289 2859 quae

44 2859 269 2940 quodammodo
295 2864 365 2934 dici
390 2864 500 2934 solent
523 2867 557 2934 in
574 2865 679 2945 exitu,
707 2866 796 2934 venit
812 2867 853 2935 ad
878 2865 1061 2934 maximam
1089 2883 1185 2932 suam
1204 2865 1289 2930 Lau-

44 2965 111 3042 tam.
126 2953 159 3018 ln
173 2974 239 3038 qua
260 2975 342 3022 cum
360 2975 480 3041 parum
502 2970 590 3024 esset
607 2968 770 3034 moratus,
793 2952 1089 3111 morbusgpuidam
1109 2952 1286 3050 ingruens,

42 3031 120 3106 tlluttt
143 3061 215 3109 rere
231 3042 355 3111 sortem
380 3042 597 3112 adamantem
617 3041 703 3112 lecto
728 3043 839 3112 tradit.
866 3046 938 3124 Quo
979 3041 1119 3127 qttidem
1144 3059 1222 3108 cum
1242 3060 1289 3108 st·

42 3125 215 3210 goldastum
240 3130 365 3200 luisset
390 3131 616 3210 Patriareltae,
638 3144 773 3220 repente
793 3131 884 3199 venit
907 3131 948 3200 ad
976 3131 1072 3199 illum
1090 3126 1285 3197 visendum.

41 3215 105 3280 t'uttt
124 3238 195 3288 sero
212 3220 373 3301 venisset,
399 3221 493 3290 etsie
517 3221 658 3290 vidisset
676 3241 754 3290 eum
778 3218 810 3288 in
829 3217 914 3290 cella
927 3219 1112 3318 jacentem,
1140 3236 1287 3302 egenum

41 3319 134 3372 rerum
158 3307 315 3377 omnium
344 3309 626 3392 necessariarum,
648 3308 789 3398 quando
816 3322 946 3396 oportet
970 3329 1008 3376 ea
1032 3319 1133 3376 ettam
1159 3324 1288 3391 suppe-

42 3399 104 3486 tere,
129 3415 213 3481 quae
239 3395 457 3477 redundant,
484 3410 516 3467 et
543 3399 632 3468 circa
665 3419 791 3487 corpus
815 3419 950 3467 omnem
976 3394 1167 3485 excogitare
1190 3412 1289 3460 cura·

40 3487 157 3574 trutanam,
183 3499 302 3574 utpote
325 3485 413 3572 quod
436 3500 468 3555 et
494 3485 632 3558 morbus
645 3501 678 3556 et
703 3498 860 3556 senectus
883 3499 915 3554 et
940 3484 1033 3574 longi
1052 3483 1183 3552 lahores
1210 3501 1288 3570 pos-

40 3581 93 3635 sint
111 3571 323 3643 vehementer
346 3575 521 3644 cruciata:
544 3574 689 3666 supplex
710 3577 753 3644 ab
772 3596 812 3644 eo
835 3574 1020 3654 contendit,
1040 3584 1078 3641 ut
1094 3581 1287 3670 exportetur

40 3655 70 3720 acl
92 3659 151 3727 sihi
175 3663 368 3748 subjectam
401 3663 595 3742 ecclesiam,
626 3676 664 3734 ut
699 3664 806 3753 possit
831 3662 901 3732 illic
924 3661 991 3732 lrui
1017 3661 1133 3748 aliquo
1156 3681 1196 3728 ex
1221 3679 1287 3738 trs,

40 3761 110 3841 quae
133 3751 302 3835 pertinent
318 3751 359 3819 ad
387 3751 622 3820 remissionem
648 3773 688 3820 ac
714 3753 969 3822 recreationem.
996 3749 1058 3820 llle
1088 3760 1201 3818 autem
1228 3751 1288 3814 Pa-

40 3835 185 3906 trtarchae
211 3839 376 3908 reveritus
410 3839 720 3929 supplicationem,
747 3853 779 3909 et
803 3841 886 3911 illuc
910 3852 1130 3926 exportatus,
1155 3835 1290 3923 jacebat

39 3937 101 4017 aunt
126 3924 196 4013 ipso
222 3929 343 3996 morbo
369 3927 513 4008 luctans,
540 3929 632 3998 atah
656 3949 696 3998 eo
716 3929 875 3999 similiter
895 3928 1082 3998 conlectus.
1110 3931 1191 3995 Cum
1212 3944 1288 3991 aero

41 4005 233 4094 aliquantum
262 4017 424 4104 temporis
450 4019 706 4098 intercessisset,
734 4017 774 4086 ad
797 4041 875 4088 eum
897 4018 1013 4086 divina
1036 4011 1204 4113 quaedam
1227 4011 1288 4080 ad·

42 4099 111 4166 tanit
131 4105 224 4184 cisio,
244 4105 446 4195 significans
464 4105 558 4176 illius
583 4106 662 4176 hinc
676 4105 830 4180 futurum
849 4127 1038 4176 excessum.
1067 4108 1184 4200 Statim
1206 4121 1288 4188 ergo

44 4201 209 4272 reportatus
239 4194 274 4262 in
306 4192 449 4275 cellam,
484 4216 563 4264 eum
593 4195 715 4264 ultima
750 4198 849 4266 verba
879 4193 1019 4264 dixisset
1046 4189 1228 4288 lratnhus,
1255 4200 1288 4256 et

46 4287 230 4354 postremum
265 4283 316 4352 eis
348 4281 497 4354 dedisset
529 4283 707 4366 osculum,
742 4297 775 4356 et
806 4283 943 4354 cuidam
983 4280 1114 4351 Melitae
1148 4275 1287 4346 tllocum

62 4397 73 4422 ⁸
85 4403 143 4444 Attuc
156 4407 200 4448 tw.
