2972 4826
214 295 279 360 216
465 313 504 363 cs
527 313 554 359 s.
583 313 739 360 annaosio
763 315 812 358 uc.
840 311 966 360 uanior.
993 311 1030 357 ar
1053 310 1141 358 noer.
1302 291 1377 356 ultt.
1401 295 1416 356 l

171 419 257 497 cum·
276 395 396 497 legerit
409 395 557 485 qualiter
572 397 607 466 in
624 396 690 478 his,
716 397 777 486 qui
800 407 918 466 sancto
942 396 1019 464 Viro
1042 394 1220 465 detrahere
1243 393 1315 464 ausi
1336 405 1415 474 sunt,

172 485 274 556 suerit
294 485 517 566 vindicatum,
537 486 544 553 i
574 508 608 556 se
628 486 730 554 etiam
757 485 790 554 in
816 485 894 555 aliis
916 483 1131 554 emendetur.
1151 484 1259 572 Igitur
1289 487 1419 552 Donatus

171 574 326 663 quidam,
350 573 487 643 natione
514 506 601 654 tlh,
625 574 801 663 presbyter
825 587 938 644 tamen
964 572 1135 642 Ecclesiae
1163 571 1420 650 Mediolanensis,

172 685 252 734 cum
279 663 314 732 in·
338 662 494 733 convivio
519 663 674 752 positus,
704 663 739 732 in
763 684 832 750 quo
864 672 962 732 erant
996 661 1157 732 nonnulli
1185 660 1333 751 religiosi
1359 660 1422 738 viri,

171 751 364 822 detraheret
378 752 563 821 memoriae
580 751 782 834 Sacerdotis,
798 751 1067 841 aspernantibus
1083 750 1151 820 illis
1163 763 1195 819 at
1208 748 1426 820 deserentibus

172 841 328 930 linguam
349 861 510 927 nequam,
532 841 646 911 subito
663 841 805 911 vulnere
829 861 1016 930 percussus
1034 839 1141 930 gravi,
1157 839 1199 908 de
1217 838 1334 908 codem
1350 837 1423 914 loco,

173 931 208 997 in
226 951 294 1016 quo
309 929 457 1018 jacebat,
477 929 598 999 alienis
628 931 789 1000 manibus
810 929 1029 1010 sublevatus,
1055 929 1088 996 iu
1118 926 1281 998 lectulum
1311 927 1427 1017 positus

172 1031 246 1098 est,
274 1030 375 1104 atque
400 1017 545 1088 indeed
571 1017 769 1108 sepulcrum
797 1039 906 1106 usque
941 1016 1137 1106 perductus.
1169 1021 1207 1086 In
1234 1016 1318 1086 urbe
1338 1015 1426 1084 etiam

174 1106 446 1206 Carthaginensi,
465 1128 544 1176 cum
570 1107 661 1197 apud
686 1111 908 1177 Fortunatam
925 1105 1124 1188 diaconum,
1144 1104 1283 1174 fratrem
1305 1125 1429 1173 venera·

176 1195 256 1266 bilis
280 1196 344 1264 vui
369 1195 495 1264 Aurelii
518 1195 684 1285 episcopi,
704 1196 745 1266 ad
767 1195 961 1267 convivium
979 1196 1162 1278 venissem,
1179 1215 1342 1264 unacum
1362 1192 1430 1260 llin-

176 1285 288 1354 ccntio
304 1283 513 1355 Colossitano
536 1285 710 1374 episcopo,
729 1290 870 1354 Murano
894 1284 996 1354 etiam
1017 1285 1178 1374 episcopo
1202 1281 1366 1362 Bolitano,
1382 1279 1429 1349 sal

175 1386 208 1443 et
232 1371 310 1442 aliis
334 1373 512 1474 Episcopis
527 1392 560 1444 et
578 1373 795 1454 diaconibus,
815 1378 957 1443 Murano
975 1374 1137 1464 episcopo
1161 1371 1351 1441 detrahenti
1367 1391 1431 1438 san·

175 1474 229 1532 cto
248 1461 342 1544 tiro,
365 1461 464 1532 retuli
488 1462 615 1532 exitum
642 1462 832 1552 presbyteri
851 1463 1012 1552 superius
1041 1461 1240 1532 memorati:
1266 1458 1356 1547 quod
1388 1457 1432 1526 ille

176 1550 219 1620 de
243 1551 310 1620 alio
334 1550 478 1632 dictum,
504 1550 546 1620 de
570 1573 605 1620 se
625 1551 818 1632 oraculum,
843 1565 978 1621 maturo
1001 1572 1063 1621 suo
1082 1550 1173 1620 exitu
1198 1546 1432 1639 comprobavit.

177 1643 259 1710 llam
282 1639 323 1708 de
347 1638 465 1708 eodem
485 1639 571 1720 loco,
599 1642 632 1708 in
655 1661 724 1728 quo
739 1640 885 1726 jacebat,
906 1661 985 1710 cum
1010 1639 1125 1709 subito
1150 1637 1293 1707 vulnere
1317 1635 1433 1725 ingenti

177 1740 265 1798 esset
294 1749 491 1816 percussus,
509 1727 631 1798 alienis
655 1729 815 1798 manibus
840 1729 881 1796 ad
912 1729 1035 1798 lectum
1068 1740 1220 1817 portatus
1248 1740 1324 1806 est;
1348 1737 1435 1810 atquc

179 1816 312 1886 indeed
328 1816 483 1899 domum,
500 1817 534 1886 in
549 1839 616 1904 qua
634 1817 883 1907 hospitabatur,
903 1817 1078 1896 reductus,
1093 1815 1184 1885 diem
1201 1814 1329 1884 clausit
1343 1828 1435 1883 extre-

178 1927 286 1974 mum.
319 1910 351 1974 ls
377 1905 456 1974 finis
482 1907 631 1974 virorum
663 1905 917 1976 detrahentium
943 1905 1029 1987 luit,
1058 1925 1159 1992 quem
1186 1903 1364 1984 videntes,
1387 1901 1434 1988 qut

179 2005 260 2064 tunc
277 1993 431 2076 aderant,
450 1995 611 2064 admirati
631 2008 723 2064 sunt.
753 1995 847 2064 Unde
873 1994 988 2065 hortor
1009 2007 1043 2063 et
1066 1994 1206 2064 obsecro
1223 2014 1362 2062 omnem
1386 1991 1436 2086 boj

179 2083 320 2165 minem,
335 2083 394 2170 qui
413 2083 504 2154 huuc
523 2082 649 2152 librum
667 2084 797 2174 legerit,
814 2096 851 2154 ut
867 2084 1020 2152 imitetur
1035 2084 1137 2153 vitam
1160 2082 1235 2162 viri,
1257 2079 1374 2152 laudet
1390 2083 1436 2146 [lei

178 2172 335 2328 ᾗνειιίωῃ,
358 2171 506 2242 declinet
522 2171 774 2242 detrahentium
795 2173 944 2262 linguae,
966 2172 994 2242 si
1010 2172 1082 2242 vult
1100 2171 1209 2261 magis
1233 2168 1435 2240 consortium

203 2261 303 2330 abere
329 2283 408 2330 cum
441 2261 618 2331 ambrosio
656 2262 688 2330 in
726 2261 972 2330 resurrectione
1006 2262 1114 2340 vitae,
1146 2281 1251 2346 quam
1285 2281 1366 2330 cum
1389 2256 1437 2324 de-

181 2349 396 2418 trahentibus
423 2348 491 2418 illis
515 2351 632 2420 subire
663 2349 899 2440 supplicium,
930 2350 1022 2437 quod
1057 2348 1173 2418 nullus
1209 2349 1351 2438 sapiens
1384 2365 1438 2414 non

178 2437 338 2506 declinat.
358 2441 463 2506 Tuam
489 2437 589 2507 etiam
617 2460 736 2526 precor
761 2438 1020 2518 beatitudinem,
1053 2451 1147 2528 pater
1178 2437 1380 2526 augustine,
1411 2445 1440 2502 ut

181 2548 241 2616 pro
268 2547 320 2595 me
345 2525 543 2596 humillimo
565 2539 739 2614 peccatore
763 2527 918 2608 Paulino,
937 2549 1016 2598 cum
1042 2526 1205 2598 omnibus
1231 2525 1375 2604 sanctis,
1391 2521 1440 2609 qui

181 2627 291 2684 tecum
314 2614 474 2684 invocant
490 2637 613 2684 nomeu
632 2616 767 2685 Domini
784 2615 891 2688 nostri
903 2621 985 2686 lesu
999 2615 1122 2686 Christi
1139 2615 1172 2683 in
1191 2615 1345 2694 veritate,
1357 2631 1441 2682 orare

179 2703 344 2794 digneris,
366 2715 413 2784 ut,
435 2703 516 2790 quia
544 2705 577 2772 in
604 2704 829 2794 adipiscenda
852 2705 962 2796 gratia
981 2726 1060 2774 cum
1081 2715 1173 2774 tanto
1193 2702 1265 2772 viro
1284 2723 1354 2772 non
1375 2720 1442 2770 suin

180 2791 308 2881 dignus
329 2791 451 2860 habere
476 2793 699 2875 consortium,
717 2794 863 2882 adeptus
888 2815 1041 2863 meorum
1061 2795 1195 2862 veniam
1216 2803 1441 2880 peccatorum.

180 2881 223 2950 sit
241 2878 325 2948 mihi
343 2881 547 2968 praemium,
567 2879 697 2972 fugisse
713 2881 941 2972 supplicium.

520 3219 648 3298 ITEM
676 3219 744 3296 ΒΕ
772 3219 817 3298 Β.
850 3219 1110 3300 AMBROSIO

282 3473 319 3518 EX
344 3469 468 3520 BCCLES.
496 3407 643 3521 tlls'rontt
666 3472 862 3521 theopontii
887 3473 947 3519 tta.
976 3473 1005 3530 V,
1033 3470 1102 3518 cte.
1129 3471 1182 3517 ΧΠ
1205 3471 1243 3516 ΕΤ
1267 3471 1351 3530 xvlt,

349 3579 540 3626 tubunensia
563 3579 610 3626 tt).
638 3575 937 3626 euhtstoeuonsono
962 3579 1097 3624 anetina
1121 3576 1281 3624 uetscoeo.

220 3771 237 3856 ἓ
261 3776 299 3841 1.
327 3773 453 3842 Omnes
489 3772 686 3842 cornmunis
715 3772 862 3844 hunrani
890 3772 1025 3862 generis
1057 3767 1247 3840 adversarii
1272 3765 1447 3838 tenticulas

179 3859 309 3938 vitare,
346 3881 412 3930 iton
447 3859 533 3930 adeo
556 3859 656 3930 lacile
680 3875 741 3932 est.
777 3865 859 3930 llam
890 3861 951 3948 qui
984 3858 1142 3929 morbum
1168 3854 1447 3948 intemperantiae
1479 3917 1480 3942 3

177 3947 346 4037 effugerit,
367 3947 456 4018 idem
478 3947 642 4020 avaritiae
671 3949 792 4038 laqueo
818 3949 969 4021 irretitus
990 3959 1135 4017 tenetur.
1161 3945 1257 4029 Quod
1281 3946 1314 4016 si
1333 3941 1445 4041 abillo

177 4036 279 4106 etiam
299 4037 379 4107 vitio
404 4037 448 4128 sit
464 4037 640 4108 victoriam
666 4051 885 4119 consecutus,
905 4061 944 4108 ex
961 4037 1066 4108 altera
1087 4047 1182 4125 parte
1199 4047 1289 4126 patet
1305 4031 1446 4104 invidiae
1479 4081 1480 4090 .

179 4125 367 4213 vorag0‚ad
379 4147 459 4194 eum
471 4125 725 4196 absorbendum
741 4139 870 4218 parata.
881 4127 938 4197 Sin
949 4139 1064 4196 autem
1079 4123 1167 4194 hanc
1179 4145 1317 4211 quoque
1330 4118 1443 4216 transi·

180 4212 280 4293 lierit,
300 4213 445 4314 reperiet
467 4227 535 4284 rete
560 4214 625 4286 sibi
649 4213 822 4304 objectum
845 4215 1057 4286 iracundiae.
1079 4212 1169 4283 alias
1188 4211 1339 4299 denique
1359 4206 1444 4300 pedi·

178 4325 236 4372 cas
258 4301 366 4372 tendit
389 4301 549 4372 diabolus
575 4301 777 4373 hominibus
812 4325 916 4395 prope
942 4303 1119 4383 iuliiiitaS,
1141 4301 1268 4389 quibus
1290 4321 1350 4369 eos
1374 4295 1442 4364 illa·

178 4403 320 4478 questos
334 4389 376 4460 ad
392 4389 532 4460 exitium
552 4391 728 4482 perducat.
740 4392 847 4463 Habet
858 4401 996 4481 quoque
1008 4392 1162 4483 corporis
1178 4386 1441 4480 perturbationes
1478 4399 1479 4420 ¹
