2960 4824
240 283 304 348 266
633 301 672 346 ns
695 299 722 346 s.
750 299 884 348 naniam
908 301 1033 348 sramra
1309 283 1384 347 nat.
1404 283 1432 346 ll

220 397 338 467 oterat,
357 405 499 475 corpore
515 405 590 454 esse
608 383 857 465 contendebat;
883 399 916 453 et
939 385 982 454 de
997 397 1129 454 caetero
1146 383 1241 456 solus
1254 397 1321 455 erat
1341 387 1373 454 in
1394 406 1439 454 eo·

196 409 330 555 lomna,
357 475 509 564 seipsum
534 471 709 542 collocans
725 473 760 540 in
779 474 865 542 coeli
882 486 915 542 et
930 487 1039 543 terrae
1061 474 1229 544 confinio:
1246 475 1288 544 ab
1304 475 1361 542 hac
1377 474 1440 562 qui-

194 564 272 633 dem
289 563 452 632 recedens
467 583 570 631 carue
589 574 621 631 et
638 562 774 650 spiritu,
797 563 840 631 ad
861 561 1080 632 illudentem
1100 563 1318 634 contendens.

238 656 342 739 510.
358 656 447 721 llaec
464 663 578 720 autem
596 671 662 720 non
680 662 812 807 poterat
827 650 966 720 invidus
982 651 1068 720 lerre
1082 652 1223 732 oculus;
1247 673 1350 739 neque
1369 651 1440 740 patri

194 740 344 810 invidiae
367 752 465 810 erant
488 738 548 809 illa
572 739 676 808 tolera
705 738 773 808 ilia.
802 739 865 810 Sed
890 761 969 809 oum
996 740 1062 810 loci
1085 740 1249 810 dominus
1272 741 1312 809 ad
1335 740 1438 808 horum

194 830 343 898 venisset
364 829 595 919 cognitionem
614 827 702 917 (erat
731 841 844 898 autem
870 828 923 897 illi
951 850 1075 898 nomen
1101 829 1291 916 Gelasius),
1313 828 1441 897 inconsi-

194 917 309 988 derate
325 919 376 987 ira
391 919 508 986 animo
533 916 764 1007 perturbatus,
783 930 843 986 aut
867 917 980 1006 potius
1003 917 1183 987 daemonis
1207 918 1441 1007 importunitate

193 1021 399 1085 commotus,
418 1019 450 1074 et
465 1005 631 1076 adversus
648 1018 806 1076 sanctum
832 1005 941 1075 virum
968 1005 1082 1076 lurore
1101 1007 1252 1094 percitus
1264 1006 1378 1096 (causa
1392 1027 1441 1073 au-

194 1110 260 1164 tem
288 1095 557 1184 praetexebatur,
578 1093 668 1181 quod
689 1115 756 1164 non
773 1115 849 1162 eam
864 1096 1040 1252 posuisset
1060 1095 1233 1165 voluntate
1254 1095 1368 1182 illius),
1386 1099 1440 1162 lm-

194 1185 343 1276 peratori
359 1183 499 1271 quidem
515 1185 695 1253 renunciat
708 1184 741 1252 id
758 1182 849 1270 quod
877 1195 991 1252 actum
1010 1183 1332 1254 lueratllenunciat
1347 1196 1440 1252 auten

194 1275 296 1343 etiam
315 1272 491 1344 Gennadio
517 1273 564 1362 (is
580 1273 671 1340 enim
697 1273 904 1343 constitutus
928 1271 1038 1341 fuerat
1058 1275 1249 1363 Episcopus
1275 1270 1441 1342 Constanti·

194 1360 416 1451 mipolitanus
421 1373 505 1518 post
524 1361 702 1430 decessum
720 1361 892 1450 Anatolii).
912 1366 1018 1448 Atque
1033 1362 1077 1430 ab
1096 1366 1306 1450 Imperatore
1324 1359 1441 1451 quiden

193 1452 313 1521 dicens
333 1473 399 1519 nou
437 1450 485 1518 uit
508 1448 706 1528 exauditus;
733 1450 923 1540 Episcopus
940 1471 1029 1530 vero,
1049 1450 1179 1519 invidia
1205 1463 1329 1530 motus;
1348 1471 1402 1519 seu
1420 1447 1443 1514 ei

194 1540 252 1630 qui
280 1552 416 1628 rogarat
438 1537 641 1617 concedens,
669 1559 736 1607 nnn
762 1538 874 1608 solum
899 1539 1061 1608 censebat
1080 1553 1238 1608 sanctum
1264 1538 1444 1608 ecolumna

195 1629 451 1718 dejiciendum,
478 1627 535 1696 sed
561 1627 663 1695 etiam
691 1647 819 1715 poenae
843 1628 1113 1715 subjiciendum.
1141 1627 1241 1697 Redit
1268 1649 1346 1717 ergo
1368 1625 1443 1696 octa·

195 1718 268 1786 sius
295 1731 383 1787 totus
407 1717 459 1784 ird
484 1717 654 1804 percitus,
681 1715 767 1786 alios
793 1737 931 1802 quoque
959 1716 1086 1786 multos
1117 1737 1234 1786 secum
1273 1733 1442 1789 assumens,

194 1820 227 1874 et
247 1827 265 1874 e
288 1805 450 1874 columna
475 1818 631 1874 sanctum
654 1803 771 1872 volens
795 1803 983 1874 detrahere.
1004 1805 1066 1875 Sed
1086 1805 1144 1892 qui
1166 1827 1304 1894 semper
1327 1806 1358 1872 io
1381 1823 1443 1870 san·

194 1896 258 1964 ctis
274 1898 346 1964 suis
359 1907 410 1963 est
425 1892 642 1962 admirabilis
660 1893 836 1975 llomiuuS,
851 1893 968 1980 qualia
993 1915 1087 1964 nunc
1101 1913 1239 1980 quoque
1255 1893 1343 1973 lecit,
1364 1891 1443 1960 illan
1470 1969 1471 1972 Ἴ

195 1982 357 2052 audacter
374 1981 597 2052 insultantem
612 1981 814 2070 reprimens,
834 1995 866 2051 et
881 1984 957 2070 ejus
971 2003 1119 2064 servum,
1132 1983 1191 2069 qui
1208 1995 1282 2052 erat
1298 1981 1442 2054 occutus,

194 2071 382 2162 gloriosum
404 2069 569 2140 elliciens.
600 2073 681 2139 llam
702 2092 779 2140 cum
806 2083 895 2142 esset
920 2071 1068 2140 maxima
1096 2071 1286 2154 serenitas,
1312 2080 1444 2153 essetque
1470 2087 1471 2162 l

196 2163 253 2230 aer
281 2181 391 2250 purus
414 2170 446 2229 et
470 2157 650 2249 limpidus,
682 2159 791 2228 nubes
816 2173 954 2250 repente
977 2171 1240 2240 concurrerunt,
1267 2174 1300 2229 et
1323 2172 1390 2228 orta
1409 2163 1445 2224 est
1470 2167 1471 2234 q

194 2249 318 2339 caligo,
340 2262 373 2318 et
393 2249 575 2348 yelreprens
598 2247 713 2336 pluvia
729 2260 762 2316 et
776 2248 907 2335 grando
932 2248 1093 2319 deorsum
1118 2247 1304 2318 ferebatur.
1324 2255 1445 2316 Tantus·

194 2361 261 2426 que
280 2351 353 2407 erat
375 2358 449 2426 equs
474 2347 635 2426 impetus,
663 2349 695 2404 et
720 2349 788 2405 tam
814 2339 971 2426 ingentes
996 2337 1110 2405 minae
1133 2339 1203 2406 irae
1221 2357 1398 2426 supernae,
1418 2341 1447 2400 ut

193 2428 294 2496 etiam
314 2425 433 2494 vitium
459 2424 620 2494 caderent
645 2423 725 2494 lolia
749 2437 781 2493 et
802 2427 970 2514 pampini,
995 2446 1062 2494 non
1083 2425 1194 2495 solum
1213 2425 1368 2503 sructus;
1392 2432 1448 2490 erat

194 2517 286 2586 enim
312 2527 395 2584 tunc
415 2526 551 2602 tempus
576 2512 780 2583 vindemiae.
808 2513 870 2584 Sed
898 2535 959 2583 nec
976 2516 1059 2584 baec
1101 2515 1217 2583 uidem
1236 2513 1449 2604 reprimebant

196 2603 343 2674 amentis
363 2601 557 2672 stultitiam.
580 2600 643 2670 Sed
668 2623 746 2670 cum
773 2625 840 2674 non
859 2602 1006 2673 multum
1033 2537 1199 2672 abluisset
1214 2605 1301 2690 quin
1327 2602 1382 2671 ille
1403 2619 1448 2689 pe-

197 2694 288 2772 riret,
310 2714 351 2760 ne
367 2691 417 2759 sic
433 2690 572 2778 quidem
595 2689 747 2758 discebat
763 2713 893 2781 sapere,
913 2705 998 2760 etse
1015 2691 1188 2761 moderate
1205 2713 1340 2782 gerere:
1359 2705 1449 2774 neque

195 2781 328 2850 volebat
344 2781 431 2850 seire
447 2790 577 2866 quanta
594 2799 746 2867 superna
770 2779 876 2870 gratia
897 2779 1126 2869 locupletatus
1142 2793 1231 2851 esset
1252 2780 1379 2850 Daniel.
1400 2772 1449 2845 Sed

195 2869 373 2948 anhelans,
400 2879 432 2936 et
450 2865 672 2946 madefactus,
692 2889 770 2936 curn
794 2869 835 2936 iis
851 2871 912 2954 qui
927 2870 1019 2938 eirca
1038 2891 1116 2938 eum
1138 2883 1247 2950 erant,
1269 2883 1447 2960 aggressus,

197 2957 452 3115 hudpgnabatun
481 2955 690 3035 minabatur,
720 2955 902 3038 clamabat,
933 2971 965 3027 et
984 2957 1133 3044 dejicere
1156 2963 1322 3028 sanetum
1347 2973 1450 3046 aggre-

223 3067 253 3114 1e
279 3060 367 3115 atur.

241 3136 259 3222 ξ
283 3138 349 3206 ss.
377 3131 440 3202 Sed
462 3146 642 3223 postquam
668 3134 729 3220 qui
747 3155 826 3204 cum
844 3155 884 3203 eo
903 3146 1011 3216 erant,
1037 3136 1068 3204 ei
1093 3157 1182 3222 quae
1204 3148 1304 3206 erant
1326 3133 1449 3224 optima.

195 3233 453 3314 suggesserunt,
480 3222 632 3292 dicentes
657 3243 719 3291 nec
743 3243 817 3292 esse
841 3223 1039 3294 columnam
1060 3245 1144 3315 agro
1165 3226 1404 3314 propinquam,
1425 3226 1450 3284 el

196 3313 277 3381 hinc
294 3313 324 3380 ei
346 3311 477 3380 nullam
498 3310 648 3381 luturam
668 3310 859 3381 molestiam
876 3336 883 3392 ;
907 3313 1014 3381 immo
1031 3333 1108 3382 vero
1123 3335 1202 3382 eum
1224 3325 1450 3404 percepturum

194 3399 345 3470 lructum
374 3398 560 3469 multarum
585 3400 791 3480 orationum,
814 3414 846 3469 et
869 3401 899 3470 ei
926 3399 1081 3470 futurum
1103 3401 1202 3472 valde
1226 3402 1358 3478 utilem,
1383 3411 1449 3465 cunt

195 3490 239 3559 sit
256 3491 367 3560 bonus
385 3488 539 3556 vicinus:
567 3501 746 3577 postquam
766 3489 849 3558 haec
865 3489 1037 3569 dixerunt,
1061 3503 1320 3578 persuaserunt,
1338 3501 1369 3557 et
1383 3499 1451 3554 tunc

193 3578 331 3666 quidem
354 3577 460 3666 jussit
483 3575 700 3654 descendere,
724 3577 866 3665 pudore,
885 3591 924 3647 ut
940 3578 1098 3658 arbitror,
1123 3591 1237 3648 motus
1258 3589 1451 3669 proptereos

194 3668 254 3753 qui
269 3667 422 3746 aderant,
446 3687 488 3736 ne
505 3665 676 3735 videretur
691 3665 818 3736 lrustra
836 3667 988 3736 venisse:
1017 3679 1133 3755 postea
1156 3679 1271 3738 autem
1297 3668 1328 3738 ei
1345 3677 1449 3734 rursus

196 3754 422 3911 pollicebatur
445 3775 646 3836 ascensum;
673 3767 705 3824 et
728 3775 820 3823 eum.
837 3777 959 3826 rursus
983 3755 1194 3826 ascendisset
1218 3768 1383 3843 quantum
1406 3767 1451 3814 aa

210 3843 326 3924 uisset,
344 3865 563 3914 mansurum.
582 3849 664 3914 Cum
682 3855 809 3923 autem,
828 3844 1011 3914 columnae
1030 3843 1180 3915 admotis
1194 3844 1309 3926 scalis,
1329 3849 1451 3914 sanctus

194 3931 426 4012 descenderet,
452 3933 575 4020 etjam
602 3933 635 4000 in
662 3943 754 4000 sexto
779 3933 889 4021 gradu
911 3933 1031 4035 pedem
1057 3933 1188 4022 ligaret,
1215 3955 1294 4002 eum
1317 3930 1450 4018 quierat

195 4021 404 4100 inflexibilis,
427 4021 518 4111 cepit
537 4019 783 4099 misericordia,
801 4021 885 4091 dum
913 4021 991 4092 illos
1009 4021 1138 4091 videret
1162 4022 1265 4111 pedes
1291 4031 1449 4102 tamquam

194 4110 279 4179 alias
302 4109 503 4180 columnas:
530 4131 617 4196 quos
642 4131 702 4200 per
725 4123 812 4182 totas
838 4123 952 4180 noctes
975 4124 1007 4180 et
1031 4109 1105 4182 dies
1122 4112 1285 4182 stationes
1310 4101 1449 4178 reddide

197 4212 273 4266 rant
297 4197 449 4268 tumidos
473 4210 506 4267 et
528 4198 719 4280 ulceratos,
745 4209 779 4268 et
802 4199 1005 4268 vulneribus
1029 4199 1162 4288 plenos.
1190 4205 1282 4282 Quae
1307 4195 1361 4265 ille
1381 4207 1448 4258 cum

194 4300 333 4442 stupore
356 4286 620 4374 contemplatus,
636 4300 669 4356 et
688 4299 845 4356 sanctum
872 4287 1046 4376 adjuravit
1068 4300 1107 4357 ut
1132 4309 1252 4358 rursus
1279 4285 1403 4357 rediret,
1422 4287 1471 4376 θη

195 4397 240 4444 au
266 4375 337 4442 acis
352 4376 406 4443 sui
422 4376 531 4464 coepti
549 4375 643 4464 petiit
659 4376 806 4445 veniam.
824 4381 942 4446 Postea
966 4398 1045 4446 vero
1060 4378 1092 4446 ei
1108 4397 1243 4464 quoque
1267 4375 1445 4444 columnam
1470 4379 1471 4428 3
