2994 4832
234 292 296 356 llo
547 309 586 354 os
610 309 639 355 s.
665 305 792 354 annona
816 305 963 354 incarne.
991 306 1103 356 corun.
1322 289 1395 354 unu.
1416 291 1433 356 l

188 399 306 480 ltaque
321 415 418 463 voces
433 390 635 480 hujusmodi
658 412 736 461 cum
755 389 936 462 Psalmista
950 391 1056 462 dabat
1078 391 1120 462 ad
1145 391 1277 462 coelos:
1303 396 1368 462 Heu
1380 416 1431 474 me,

187 486 270 574 quin
300 485 465 552 incolatus
488 503 581 550 meas
609 483 831 571 prolonpatus
850 491 920 550 est:
952 480 1203 552 babilonicam
1234 481 1434 550 babitantibus

188 573 295 644 Cedar
308 597 318 640 :
343 574 490 640 multum
513 571 624 639 incola
642 571 709 658 suit
733 570 883 638 animam
908 591 948 638 ea
966 570 1035 659 (Ps.
1052 569 1141 658 tta).
1161 570 1435 662 cupiensquedis·

187 661 283 740 solvi,
311 671 343 728 et
365 681 440 729 esse
459 680 539 728 cum
556 657 700 740 Christo,
720 656 878 726 dicebat:
906 660 1045 740 Quando
1069 662 1212 739 oem'am,
1240 669 1271 730 et
1292 660 1436 750 apparebo

186 760 263 818 onte
287 749 410 837 [ocimu
433 747 602 836 DeillPa.
622 745 666 834 l).
695 749 802 816 Grave
820 745 894 835 jam
912 746 943 816 ei
963 759 1034 816 erat
1052 761 1223 818 terrenum
1248 769 1364 818 omne:
1389 769 1433 816 ne-

186 837 354 921 cessitate,
382 857 449 906 non
476 833 667 917 voluntate,
694 835 759 906 sub
782 855 886 905 onere
909 835 1025 906 carnis
1048 836 1163 906 adhuc
1183 836 1362 908 aestuabat.
1386 841 1437 904 Ta-

188 925 346 997 bescebat
368 945 506 1014 corpus,
535 923 764 995 nihilominus
787 935 819 994 et
836 923 975 994 animus
1000 924 1254 996 infirmabatur.
1281 930 1364 995 blore
1379 936 1437 994 tnr-

188 1015 273 1085 turis
298 1013 477 1094 viduatae,
505 1012 578 1084 solo
603 1013 697 1083 luctu
726 1011 952 1102 pascebatur,
981 1013 1138 1102 publicas
1169 1013 1438 1102 frequentationes

186 1101 406 1183 declinabat,
439 1101 678 1202 singularitate
707 1100 965 1181 delectabatur,
1000 1102 1140 1174 assidue
1171 1102 1282 1183 llcns,
1317 1102 1437 1174 assidue

187 1213 353 1264 moerens.
381 1196 446 1264 Nee
470 1190 532 1260 diu
558 1190 677 1262 militis
702 1190 756 1261 sui
781 1189 924 1260 sudores
944 1192 1056 1262 bonus
1079 1192 1244 1262 Dominus
1269 1191 1436 1262 irremune-

187 1295 276 1352 ratos
302 1280 515 1370 praeterivit,
544 1301 654 1367 nequa
701 1301 800 1350 asans
823 1289 874 1348 est
896 1301 975 1349 eum
1002 1282 1124 1350 tentari
1148 1303 1253 1370 super
1277 1281 1332 1361 id,
1358 1279 1434 1367 quod

185 1371 329 1440 sufferre
354 1379 502 1460 poterat:
530 1389 648 1440 verum
675 1299 755 1438 llinc
769 1389 849 1436 sum
866 1378 1059 1458 erepturus,
1077 1382 1156 1440 ante
1181 1392 1242 1460 per
1257 1369 1357 1440 altam
1372 1389 1436 1438 con·

186 1458 419 1549 templationis
444 1458 535 1539 vim,
562 1455 758 1528 futurorum
780 1456 949 1526 malorum
979 1458 1206 1548 inspectorem
1226 1481 1302 1530 esse
1325 1457 1434 1526 voluit:

186 1571 229 1618 ne
249 1549 431 1638 ignoraret,
453 1547 592 1635 quantis
616 1569 636 1616 a
657 1551 722 1616 Deo
742 1544 920 1616 beneliciis
942 1544 1140 1627 donaretur,
1166 1547 1194 1618 si
1219 1547 1436 1620 necessitatem

186 1637 314 1708 talibus
329 1634 611 1706 communicandi
638 1635 788 1704 moriens
814 1634 981 1705 eraderet.

228 1728 246 1814 §
268 1729 342 1800 Μ.
369 1725 479 1825 Igitur
495 1721 741 1794 dilectissimus
759 1727 825 1793 neo
846 1723 983 1814 praesul
1001 1723 1163 1794 ultimum
1182 1745 1290 1815 agens
1306 1745 1433 1800 annum,

183 1814 348 1885 dilectum
376 1814 441 1886 sibi
468 1825 616 1882 montem
644 1811 723 1902 plus
749 1811 849 1882 solito
876 1811 1124 1912 frequentabat,
1144 1813 1294 1904 singulis
1314 1812 1436 1889 diebus,

183 1903 401 2060 sinpulisque
426 1901 585 1972 noctibus
601 1899 823 1988 frequentans
847 1901 968 1972 altaria
992 1900 1143 1992 singula,
1172 1923 1208 1972 se
1238 1914 1438 1993 prosternens

185 1993 218 2060 in
258 1993 365 2063 aciem
391 2011 506 2062 coram
537 1989 710 2080 singulis,
738 1990 825 2060 llans
850 2003 882 2060 et
905 2010 1009 2061 orans
1031 2012 1091 2080 pro
1115 2003 1207 2062 statu
1231 1989 1438 2082 periclitantis

183 2080 363 2162 Ecclesiae,
386 2100 555 2166 suamque
577 2078 730 2148 animam
752 2079 900 2149 Creatori
926 2079 1185 2152 commendans.
1213 2085 1252 2152 llt
1273 2087 1438 2170 septuage-

183 2170 306 2240 simam
336 2169 477 2257 quidem
509 2181 707 2258 partemque
735 2166 873 2250 Quadra
898 2167 1028 2239 ssimae
1058 2167 1221 2238 infirmus
1240 2170 1289 2240 ibi
1316 2167 1437 2259 peregit.

183 2263 265 2329 Cum
291 2271 404 2328 antem
431 2261 649 2327 Pentecosten
667 2255 786 2326 lestivo
802 2191 1041 2328 ostoli-auras
1064 2257 1204 2348 gaudio,
1224 2258 1342 2330 denuo
1357 2257 1437 2326 adre-
1485 2335 1486 2342 ἵ

184 2349 300 2428 nisset,
324 2352 421 2417 Anno
448 2367 543 2435 puer,
573 2344 666 2416 lilius
691 2345 819 2416 sororis
843 2345 929 2434 ejus,
954 2346 1056 2416 unice
1079 2346 1226 2418 dilectus
1243 2347 1289 2418 ab
1314 2369 1363 2428 eo,
1388 2346 1440 2414 im·
1485 2357 1486 2389 t

184 2448 339 2507 maturae
360 2435 480 2506 mortis
498 2433 657 2505 violentia
685 2446 822 2524 repente
844 2445 1052 2522 prostratus,
1080 2456 1205 2505 novum
1231 2437 1263 2506 ei
1290 2435 1438 2507 dolorem.

181 2547 306 2596 norum
336 2524 454 2594 intulit
477 2522 622 2594 luctum.
656 2527 822 2594 Intererat
849 2535 961 2593 tamen
987 2525 1185 2594 communis
1209 2523 1287 2596 sesti
1310 2522 1444 2616 publicis

181 2613 418 2693 conventibus,
449 2612 689 2702 praecedentes
717 2611 751 2682 in
774 2611 920 2682 laetitiae
944 2613 1160 2683 earrninibus
1178 2626 1212 2683 et
1227 2615 1372 2686 vestium
1395 2609 1440 2680 de·

180 2723 258 2772 core
277 2701 524 2773 monachorum
542 2700 665 2772 olroros
682 2699 821 2790 lugubri
839 2699 936 2771 vultu
952 2701 1235 2788 prosequebatur,
1258 2720 1441 2772 memorans
1484 2751 1485 2786 2

181 2789 280 2872 illud,
300 2791 391 2878 qnod
409 2803 442 2862 et
458 2800 597 2860 sanctus
621 2790 755 2872 Tobios,
782 2791 859 2860 ntea
880 2791 961 2878 festi
981 2792 1086 2860 vestri
1098 2801 1334 2862 convertentur
1349 2793 1381 2860 in
1400 2793 1443 2858 lu-

180 2889 280 2948 ctum.
303 2879 554 2950 vulnerabatur
568 2890 681 2949 autern
698 2891 810 2948 mente
825 2879 951 2961 omnis,
973 2879 1033 2966 qni
1051 2880 1085 2948 in
1106 2877 1228 2950 faciem
1244 2879 1322 2966 ejus
1341 2879 1441 2950 inten-

179 2966 297 3038 disset.
322 2967 502 3059 benignata
518 2967 609 3038 enirn
634 2979 706 3036 erat
731 2966 839 3049 valde,
862 2967 1080 3054 coloremque
1103 2968 1288 3057 pristinum
1316 2987 1443 3060 prorsus

181 3056 445 3132 immutaverat.
476 3055 651 3127 horrorem
671 3055 845 3142 quendam
869 3054 1086 3146 praeferens,
1119 3077 1178 3148 per
1196 3078 1301 3145 quem
1329 3053 1440 3127 interni

178 3145 307 3216 doloris
323 3145 398 3236 ejus
414 3144 644 3235 adspicientes
664 3144 901 3216 testimonium
921 3157 1095 3234 caperent.
1483 3223 1484 3228 ,

223 3235 336 3322 §Q
354 3239 437 3306 Cum
456 3233 581 3304 deinde
597 3233 824 3304 dedicationis
839 3233 1004 3304 ecclesiae
1022 3245 1055 3306 et
1071 3234 1259 3306 beatissimi
1278 3231 1443 3306 Michaelis
1483 3235 1484 3254 ¹

178 3346 196 3394 a
222 3334 363 3396 crentur
382 3323 563 3406 solemnia,
592 3335 762 3414 postremo
788 3322 830 3392 ad
857 3322 1121 3424 Sigeberpenses
1141 3323 1243 3394 venit.
1273 3322 1443 3408 Quaeduo

179 3347 247 3484 silei
268 3413 486 3485 cohaerentia
503 3411 588 3483 festa
606 3423 698 3483 tanto
717 3411 839 3500 maiori
856 3411 965 3482 animi
985 3423 1107 3502 pretate
1130 3423 1163 3482 et
1186 3412 1364 3484 devotione
1381 3411 1444 3480 illic

177 3501 373 3586 celebravit,
391 3501 483 3591 quod
504 3501 628 3591 spiritu
639 3501 714 3592 jam
730 3512 945 3591 cognoverat,
963 3522 999 3571 sa
1019 3499 1061 3571 ad
1077 3499 1176 3572 illurn
1192 3500 1305 3572 locum
1328 3503 1363 3570 in
1379 3519 1442 3570 cor·

177 3613 258 3748 pore
277 3592 419 3670 minima
435 3590 639 3661 rediturum.
659 3595 888 3672 Recessurus,
905 3589 1086 3660 Fratribus·
1098 3602 1239 3680 paterno
1254 3590 1377 3660 ellectu
1393 3609 1443 3656 ra·

190 3680 307 3762 edixit,
328 3693 514 3770 petensque
531 3679 792 3758 monasterium,
813 3677 1053 3749 intentissimis
1078 3679 1251 3768 precibus,
1278 3677 1443 3772 adjunctis

177 3770 408 3854 praesentium
425 3769 496 3838 illic
514 3773 718 3838 Sanctorum
736 3767 948 3857 patrociniis,
971 3773 1077 3837 neum
1102 3768 1303 3838 obsecrabat
1320 3789 1380 3858 pro
1392 3765 1442 3862 de3

177 3856 330 3928 tensione
354 3858 509 3949 corporis
532 3869 565 3929 et
586 3857 724 3926 animae
746 3877 852 3938 suae,
886 3877 946 3946 pro
966 3855 1137 3928 Ecclesiae
1162 3877 1268 3946 pace,
1300 3878 1360 3946 pro
1384 3854 1443 3924 loct
1482 3861 1483 3932 l

176 3947 444 4017 conservatione.
473 3946 678 4016 Precabatur
698 3944 767 4014 illis
792 3945 874 4016 liliis
898 3945 972 4016 suis
996 3945 1191 4016 animarum
1213 3946 1379 4026 salutem,
1404 3940 1440 4009 nd
1482 3942 1483 3959 ¹

176 4033 333 4191 sinpulas
351 4057 468 4127 preces
486 4036 635 4108 humisa
653 4047 884 4124 prosternens,
904 4046 977 4104 turn
1002 4055 1115 4125 genua
1140 4033 1292 4116 llcotens,
1316 4046 1386 4104 tum
1410 4031 1440 4098 iu

175 4145 233 4192 coe
251 4145 309 4192 um
328 4146 452 4194 manns
468 4137 501 4194 et
516 4123 636 4194 oculos
655 4121 825 4204 attollens,
842 4123 1003 4212 lacrymis
1020 4124 1186 4214 perpetim
1214 4121 1440 4196 manantibus,

175 4223 214 4279 ut
237 4211 281 4280 ed
307 4225 418 4282 tantae
442 4211 632 4283 devotionis
656 4212 857 4282 instantiam
883 4212 1004 4283 merito
1030 4213 1116 4282 coeli
1137 4226 1308 4302 patescere
1330 4207 1441 4280 crede·

176 4313 305 4396 rentur.
334 4300 484 4368 Tandem
510 4314 627 4370 sancta
654 4301 722 4371 illis
749 4305 855 4370 Cruce
885 4301 1119 4392 consignatis,
1146 4301 1229 4372 dum
1265 4299 1333 4372 rnlt
1356 4297 1440 4367 exiro

176 4399 315 4466 ostrum,
334 4389 490 4457 catenula
517 4389 688 4475 quaedam
717 4387 825 4460 lerreu
844 4390 874 4460 ei
902 4389 1016 4460 oblata
1039 4404 1089 4461 est
1114 4411 1181 4462 non
1206 4391 1335 4477 absque
1359 4397 1440 4456 nuta
