2954 4816
237 272 301 336 iDD
531 289 570 334 nn
592 289 779 336 nnrrvunur
804 285 993 335 sncvnronts
1018 287 1129 336 nosset
1199 315 1200 318 ,
1305 266 1380 330 Det.
1402 265 1434 328 25

194 374 340 462 pietatis.
367 378 454 442 Puer
483 371 629 452 Domini,
656 372 698 442 de
725 394 793 459 quo
820 371 1033 460 frequentius
1058 371 1144 440 lanio
1165 370 1381 440 mentionem.
1401 365 1433 434 ad

194 463 296 552 Regis
311 459 512 531 cubiculum
531 461 761 541 introductus,
785 461 854 530 dno
869 463 968 548 quasi
989 460 1192 530 sublimiora
1212 459 1252 528 de
1269 458 1370 547 ipsius
1389 476 1431 524 ore

195 551 383 619 divinitatis
398 549 551 618 audivit:
572 555 720 619 Potestas
739 551 800 618 Dei
822 561 881 629 est,
903 550 1080 637 inquitet
1102 551 1164 618 tibi
1185 550 1319 618 Domine
1331 545 1434 614 mnen-

194 640 310 710 cordic
323 640 392 728 (Pa.
411 637 480 726 68).
501 638 563 706 Sed
585 652 618 708 et
639 639 711 726 ipse
731 639 884 708 Salvator
901 639 1118 726 propheticae
1135 637 1266 706 veritati
1288 646 1432 704 attestans.

194 729 263 798 ait:
295 733 352 796 Vos
378 729 503 796 vocatis
525 751 600 811 me,
627 730 787 818 anister
820 737 852 797 ct
880 729 1038 808 Domine,
1069 738 1100 796 et
1129 728 1208 796 benc
1236 725 1354 794 dicitis.
1375 724 1433 790 Son

194 819 314 887 etenim
328 815 439 904 (Joon.
459 816 545 905 xm).
572 815 748 895 Dominus,
777 837 900 886 nomen
918 829 969 886 est
989 815 1199 904 majestatis;
1229 813 1367 904 pietatis,
1386 815 1435 876 tta-

194 907 307 996 gister.
337 905 371 972 Si
387 905 480 974 enim
510 907 605 994 pium
634 919 695 986 εει,
720 905 882 994 praebere
904 927 1018 974 escam
1044 904 1203 994 corpori:
1233 903 1338 971 multo
1359 900 1436 968 mise·
1472 975 1473 984 ἵ

196 993 366 1063 ricordius
389 1007 459 1072 εει,
485 1015 599 1064 escam
628 995 766 1062 animae
796 994 989 1084 impartiri:
1016 994 1107 1081 quod
1133 1005 1185 1062 est
1214 991 1367 1081 propriae
1387 1008 1437 1056 rna-
1468 1002 1473 1064 ι

195 1083 407 1185 gistrorum,
446 1081 507 1169 qui
543 1095 674 1152 mentes
707 1082 985 1172 indisciplinatas
1015 1083 1081 1154 sub
1114 1081 1318 1172 disciplinae
1353 1077 1437 1166 rigore
1468 1088 1475 1173 ξ’]

195 1185 363 1241 coercent.
1469 1178 1475 1242 'j

238 1263 257 1346 ᾗ
281 1265 323 1332 ιΙ.
349 1259 533 1328 Videamus
557 1259 648 1346 quod
675 1259 798 1329 horum
822 1259 1002 1330 nominum
1029 1258 1240 1339 effundatur,
1263 1271 1372 1328 utrum
1395 1274 1437 1350 no·
1467 1210 1472 1343 l

196 1370 274 1418 men
301 1350 469 1439 potentiae
485 1348 519 1416 in
538 1369 661 1417 nomen
687 1348 829 1438 gratiae,
850 1348 899 1418 vel
919 1370 1042 1417 nomen
1069 1348 1204 1438 pietatis
1221 1349 1257 1416 in
1285 1345 1440 1434 majestatis
1465 1343 1475 1426 ἴ

196 1435 415 1508 vocabulum.
443 1437 547 1518 Absit,
575 1451 612 1506 ut
628 1437 864 1506 misericordia
885 1439 918 1506 in
938 1437 1124 1527 potentiam
1142 1435 1359 1515 includatur,
1381 1431 1440 1518 qnia
1474 1447 1475 1454 ’

197 1527 426 1595 miserationes
457 1527 529 1616 ejus
551 1547 652 1616 super
679 1529 797 1596 omnin
817 1549 920 1630 opero
950 1529 1022 1618 ejus
1044 1526 1115 1616 (Ρε.
1143 1525 1234 1616 ut).
1263 1529 1388 1594 Certum
1407 1529 1441 1586 εει
1474 1597 1475 1604 ¹

196 1637 301 1704 ergo,
327 1615 409 1702 quia
439 1626 587 1704 potestas
612 1615 669 1683 Dei
694 1615 729 1682 in
756 1637 920 1716 maJorem
951 1615 1052 1685 hodie
1076 1615 1235 1703 pietatem
1265 1614 1369 1682 effusa
1389 1621 1439 1677 εει.

1465 1646 1470 1705 i

197 1725 277 1774 cum
294 1703 379 1773 coeli
403 1701 657 1774 distillaverunt
679 1725 698 1771 a
722 1698 807 1772 fndre
832 1704 900 1786 Dei,
922 1717 956 1772 et
981 1703 1023 1773 de
1047 1703 1211 1794 virgineis
1229 1699 1387 1772 membris
1406 1717 1442 1762 vc
1464 1710 1470 1801 ι

197 1805 310 1862 tostus
326 1791 461 1862 dierum
478 1792 641 1861 exoritur.
669 1797 739 1862 Non
757 1806 820 1874 est,
845 1793 961 1880 quise
987 1793 1177 1864 abscondat
1199 1814 1219 1861 a
1242 1791 1353 1861 calore
1374 1788 1439 1856 iso:

197 1881 279 1968 quia
295 1881 424 1972 largior
438 1879 503 1950 olei
519 1881 641 1952 effusio
657 1903 676 1950 a
696 1882 807 1970 capite
822 1881 1000 1952 deseendit
1019 1883 1054 1951 in
1076 1882 1216 1952 barbam
1235 1904 1242 1948 :
1266 1901 1352 1968 quae
1366 1876 1440 1944 etian

196 1985 381 2039 extremam
407 1971 599 2039 vestimenti
625 1969 797 2039 limbriam
820 1971 951 2061 largius
975 1971 1144 2041 irroravitt
1166 1975 1276 2039 Tanta
1291 1981 1341 2038 est
1362 1965 1442 2034 abun·

198 2058 314 2128 dantia
336 2059 551 2140 miserantis,
578 2071 708 2140 utnon
738 2058 849 2128 solum
875 2059 942 2128 sub
967 2061 1107 2130 nomine
1133 2058 1327 2138 effusionis,
1357 2052 1441 2125 sedet
1462 2085 1468 2141 ς

197 2147 441 2218 exinanitionis
470 2161 661 2218 censeatur.
689 2149 890 2218 Dmv'nonicv't
913 2151 1126 2250 semetipsum
1153 2147 1220 2232 (ait
1246 2141 1467 2237 etpostolusl·¹

196 2238 342 2326 sormam
353 2238 453 2318 servi,
473 2235 637 2306 hodierna
654 2236 721 2317 die,
742 2239 908 2394 oecvgriens
922 2237 1087 2328 (Pbitvpp.
1101 2241 1151 2317 ει),
1164 2249 1289 2306 etcum
1304 2246 1368 2305 tota
1381 2250 1425 2300 mu

1427 2225 1441 2292 t·
1461 2202 1475 2278 t

199 2325 346 2393 titudine
362 2325 622 2394 miserationum
645 2347 786 2394 suarum
829 2349 847 2394 e
865 2325 1016 2396 thalamo
1042 2324 1188 2414 prosiliit
1205 2322 1381 2412 virginali:
1397 2335 1441 2386 nov
1463 2281 1468 2365 l

198 2413 290 2481 enim
312 2413 433 2482 habuit
457 2412 646 2482 dulciorem
673 2414 813 2483 modum
834 2413 876 2482 ad
895 2414 1134 2484 redimendum
1155 2435 1217 2484 nos
1243 2414 1386 2503 abyssus
1405 2403 1442 2502 illl

198 2501 424 2572 consiliorum
451 2501 531 2571 Dei:
559 2503 640 2588 quia
670 2502 835 2588 quicquid
862 2502 1111 2574 indivinitatis
1144 2503 1310 2572 thesauro
1341 2501 1443 2590 pietatis

199 2592 374 2660 inventum
394 2603 455 2671 est,
475 2603 580 2660 totum
601 2591 634 2658 in
652 2605 748 2661 utero
765 2591 915 2682 Virginis
931 2604 982 2661 est
998 2605 1189 2682 aggestum.
1213 2595 1288 2660 Non
1308 2612 1359 2658 me
1373 2601 1443 2672 capu

198 2701 280 2769 prae
305 2680 442 2762 laetitia,
461 2679 552 2780 quod
572 2678 630 2748 illa
648 2678 808 2766 majestas
834 2693 992 2750 naturam
1010 2703 1108 2750 snam
1128 2681 1344 2759 exinaniens,
1362 2678 1390 2745 in
1405 2691 1444 2768 nt·
1474 2673 1475 2715 l

200 2781 311 2836 turam
335 2790 429 2837 meae
449 2790 565 2837 cnrms
585 2781 616 2836 ει
645 2789 705 2836 san
735 2768 827 2836 uinis
852 2771 1081 2858 superveniat,
1107 2781 1141 2838 et
1171 2789 1224 2838 me
1247 2770 1402 2838 miserum
1422 2777 1444 2825 n
1474 2795 1475 2806 ε

198 2857 336 2924 divitias
353 2855 482 2945 gloriae
497 2879 580 2926 suae
597 2879 663 2926 non
682 2791 732 2925 ad
747 2857 878 2940 boram,
901 2857 1011 2927 sedin
1033 2859 1284 2948 sempiternum
1308 2849 1442 2944 includat.
1474 2850 1475 2896 l

199 2945 250 3012 Fit
267 2945 370 3013 irater
390 2967 499 3026 meus,
520 2947 685 3016 Dominus
704 2966 822 3016 meus:
840 2961 872 3015 et
889 2946 1046 3016 timorem
1068 2947 1215 3027 Domini,
1238 2945 1354 3016 sratris
1368 2942 1445 3034 vinut
1474 2941 1475 2984 l

198 3032 352 3102 allectus.
380 3035 521 3104 Domine
537 3039 631 3115 Jesu,
659 3033 804 3102 libenter
829 3047 859 3103 te
883 3033 987 3105 audio
1012 3051 1210 3125 regnantem
1233 3035 1269 3104 in
1291 3031 1397 3107 coetis,
1418 3025 1445 3090 ll·
1474 3030 1475 3073 ³

203 3121 339 3192 bentius
363 3135 559 3192 nascentem
586 3123 619 3192 in
644 3121 755 3203 terris,
782 3123 1008 3194 libentissime
1033 3128 1186 3204 Crucem,
1212 3123 1330 3193 clavos
1350 3133 1379 3190 et
1393 3117 1446 3185 lan·
1474 3123 1475 3162 ι

198 3231 294 3280 ceam
315 3211 564 3281 sustinentem:
592 3211 675 3282 haec
701 3211 870 3298 siquidem
900 3213 1021 3284 effusio
1044 3213 1133 3302 rapit
1156 3213 1318 3283 allectum
1344 3224 1444 3278 menn.

199 3311 231 3368 et
257 3299 398 3368 istorum
427 3301 591 3369 memoria
621 3299 830 3370 convalescit
853 3325 911 3371 cor
936 3323 1064 3382 meum,
1091 3301 1249 3384 viventis,
1282 3315 1315 3370 et
1343 3293 1446 3366 vividae
1474 3300 1475 3342 ῑ

202 3388 349 3476 potionis
368 3389 552 3477 asperitate
579 3401 776 3480 purgatum.
804 3390 926 3460 Vivens
948 3405 1000 3460 est
1024 3391 1087 3460 iste
1110 3411 1247 3472 sermo,
1275 3404 1307 3459 et
1330 3385 1444 3458 efficax.
1474 3407 1475 3466 j

200 3490 232 3546 et
258 3477 500 3566 penetrabilior
523 3479 619 3547 omni
643 3477 758 3569 gladio
782 3479 936 3569 ancipiti,
965 3479 1163 3570 pertingens
1190 3477 1232 3547 ad
1268 3477 1444 3548 divisionem
1474 3473 1475 3522 ἕ

200 3567 348 3649 animae,
367 3581 399 3636 et
416 3567 571 3657 spiritus
589 3589 796 3657 compagum
817 3589 965 3656 quoque,
984 3591 1023 3638 ac
1041 3567 1275 3638 medullarum
1293 3573 1443 3638 scrutator.
1474 3573 1475 3612 ι

200 3742 206 3754 .
244 3657 263 3742 ᾖ
288 3662 331 3728 ὅ.
360 3660 455 3726 Unus
480 3655 643 3736 illorum,
677 3659 737 3744 qui
763 3655 974 3746 prophetalis
997 3657 1092 3727 chori
1117 3671 1177 3728 aut
1201 3659 1383 3748 magister,
1405 3654 1445 3717 ³¹¹¹
1474 3659 1475 3698 l

197 3754 286 3812 mter
312 3745 493 3830 magistros
516 3758 578 3826 est,
604 3745 670 3816 sub
695 3745 829 3815 senaria
850 3745 1046 3816 divinorum
1073 3747 1255 3816 nominum
1277 3743 1443 3837 partitinnt⁴
1474 3747 1475 3788 ι

198 3831 241 3901 de
258 3831 321 3901 hae
341 3835 508 3902 ellusione
533 3833 737 3904 mirabiliter
755 3833 895 3922 quidem
912 3891 919 3916 ,
950 3835 1008 3904 sed
1038 3835 1209 3905 subtiliter
1233 3833 1442 3926 prophetavtl³
1461 3849 1475 3933 ιι

203 3923 387 4002 Vocabitur,
403 3922 525 4009 inquit,
540 3945 657 3993 nomen
669 3927 741 4016 ejece
757 3925 982 4004 admirabilis,
1002 3925 1227 4004 consiliarius,
1243 3929 1340 4003 Deus,
1356 3921 1440 4008 sortis.
1462 3940 1467 3955 '

178 4021 295 4168 ''ssotcr
317 4013 558 4100 [cluniacenti
576 4015 731 4104 princeps
752 4015 847 4103 pacis
870 4011 953 4102 (iso.
980 4019 1038 4096 rx).
1065 4019 1143 4084 Erat
1166 4012 1303 4103 quidem
1320 3994 1467 4079 admira-l

225 4099 280 4168 ilis
305 4099 469 4170 Dominus
494 4123 592 4169 meus
617 4101 704 4170 inter
726 4101 912 4191 -rlvrgelicos
936 4101 1099 4184 ordines,
1126 4102 1272 4172 audiens
1302 4101 1442 4190 lrymnttfss

197 4187 327 4286 gloriae
343 4211 437 4271 suae,
464 4188 680 4261 admirabilis
699 4189 748 4260 illi
767 4189 918 4260 mirabili
941 4202 1129 4272 creaturae,
1148 4189 1278 4260 iaciens
1298 4178 1441 4258 mirabrtn
1460 4162 1470 4303 ἶ

197 4297 233 4373 m
251 4277 345 4345 coelo
368 4290 400 4347 et
423 4279 457 4346 in
485 4290 583 4359 terra,
612 4279 646 4346 in
673 4279 771 4360 mari,
798 4291 831 4348 et
855 4279 889 4348 in
915 4279 1079 4349 omnibus
1103 4280 1249 4369 abyssis.
1270 4283 1440 4368 Dgoauten

195 4383 231 4430 m
249 4362 321 4432 luto
336 4361 439 4437 laenis
462 4367 494 4434 et
513 4366 668 4436 miseriae
692 4367 887 4450 obvolutus,
909 4368 1013 4440 miser
1036 4381 1069 4440 ει
1091 4367 1306 4446 miserabilis,
1324 4371 1438 4433 omnttn
