2954 4816
34 242 101 306 out.
119 243 154 308 at
439 262 477 308 nc
501 262 529 309 s.
556 261 661 310 raon
685 262 843 312 arosroco
1166 247 1229 312 373

32 343 172 426 alliciunt,
196 355 229 414 et
253 344 297 414 ad
323 344 426 415 fidem
454 344 641 427 attrahunt,
669 347 944 437 praecedentium
966 348 1122 438 ingentes
1152 350 1272 420 turbae

32 433 253 503 miraculorum
270 434 287 500 l
304 439 471 522 Leprosus
497 435 696 516 mundatum
712 435 922 526 paralyticus
945 435 1088 527 integris
1105 438 1274 507 membro-

32 545 91 590 rum
113 522 338 612 compagibus
368 523 564 604 restitutus;
598 545 720 594 caecus
745 523 884 594 videndi
912 524 1064 595 facultati
1091 524 1271 606 redditus;

30 631 134 679 manus
156 625 264 680 morte
281 611 412 693 allecta,
431 633 518 698 quae
543 633 664 682 rursus
679 611 744 682 suit
759 613 802 682 ad
822 614 923 682 vitam
949 626 1116 694 revocata;
1132 615 1270 694 lluctus,

29 720 76 787 par
96 719 177 786 quos
200 700 374 770 inceditur
399 700 556 791 pedibus3
575 712 608 770 et
626 705 772 771 Lazarus
796 701 993 791 sepulcrum
1014 723 1160 782 exuens,
1188 716 1273 773 tam-

28 809 112 874 quam
129 790 279 858 vestem?
303 789 490 871 Quomodo,
516 788 619 877 cujus
642 789 825 860 admiraris
844 812 959 880 opera,
985 792 1061 878 ejus
1079 804 1273 879 suspectam

28 874 114 944 babes
131 876 442 947 resurrectionem?
457 882 528 946 Non
546 876 662 948 credat
678 878 733 947 Gai
762 878 835 960 bas;
855 880 989 949 curiose
1018 892 1189 950 scrutetur
1216 880 1273 950 lli-

28 964 180 1045 codemus;
202 965 439 1035 calumnietur
452 966 621 1036 Judaeus.
644 971 710 1035 Cur
732 901 868 1037 dubitat
886 967 1034 1038 Thomas
1055 967 1098 1038 de
1123 989 1275 1038 resurre-

28 1051 139 1120 ctione?
158 1077 175 1120 a
194 1053 258 1123 Sed
274 1067 393 1125 contra
412 1053 607 1142 discipulus
627 1053 760 1126 videtur
779 1056 892 1125 dicere
903 1057 1065 1142 justiora:
1086 1061 1183 1126 «Gur
1200 1078 1275 1126 mea

28 1139 171 1212 dubitatio
194 1155 246 1212 est
263 1165 283 1212 a
300 1143 395 1214 vobis
413 1142 704 1232 reprehendenda,
723 1165 743 1213 o
759 1145 930 1233 Apostoli?
953 1145 999 1213 td
1016 1143 1164 1216 ludaeos
1176 1147 1274 1214 eruit·

30 1239 70 1295 tor
87 1251 197 1314 praeco
215 1233 499 1312 resurrectionis;
526 1232 615 1302 sicut
639 1254 707 1313 vos,
736 1233 933 1322 proficiscor
956 1233 1136 1323 Apostolus
1153 1233 1196 1302 ad
1214 1232 1275 1302 do·
1316 1263 1320 1272 ·

30 1317 152 1386 candum
176 1333 297 1410 gentes
327 1321 622 1390 resurrectionem.
655 1321 832 1403 Quomodo
859 1343 951 1423 ergo,
974 1322 1102 1409 quibus
1127 1343 1194 1392 non
1223 1321 1275 1391 sui

29 1407 121 1476 socius
139 1408 340 1498 spectaculi,
367 1409 555 1499 suscipiam
579 1430 686 1495 aeque
710 1421 811 1496 atque
840 1411 906 1497 ipsi
936 1410 1167 1500 legationem?
1183 1415 1275 1492 Quo-

31 1495 128 1588 modo,
162 1519 312 1584 quorum
346 1519 413 1566 non
439 1497 548 1566 habeo
577 1518 616 1566 co
644 1498 820 1579 mitionem,
846 1519 886 1567 ea
909 1519 972 1588 ego
1008 1498 1136 1568 docebo
1160 1497 1274 1567 alios?

29 1584 180 1666 Quomodo
204 1586 328 1676 lingua
344 1609 381 1654 ea
410 1587 500 1655 dicet
523 1519 746 1668 confidenter,
772 1608 920 1674 quorum
948 1600 1046 1656 testes
1071 1609 1138 1656 non
1173 1586 1276 1656 habet

30 1671 144 1741 oculos?
166 1675 287 1743 Verbis
311 1673 448 1744 credam
469 1674 573 1744 solis?
601 1674 662 1744 Sed
680 1675 819 1745 ludaeis
843 1697 901 1745 ero
929 1674 964 1744 in
991 1675 1058 1744 lide
1079 1689 1271 1764 suspectus,

31 1777 128 1845 meque
145 1761 320 1834 facilitatis
348 1763 564 1833 damnabunt
584 1775 616 1832 et
644 1762 800 1832 levitatis.
827 1763 975 1834 Gentiles
1004 1785 1142 1851 quoque
1171 1765 1275 1834 verba

35 1865 83 1914 non
104 1849 300 1920 admittent:
320 1852 432 1941 potius
456 1864 569 1920 autern
602 1873 717 1920 meum
743 1851 906 1922 ridebunt
929 1852 1177 1932 testimonium,
1211 1853 1273 1942 qui

31 1953 59 2000 or
78 1939 140 2006 solo
159 1938 283 2009 auditu
308 1939 468 2027 praedico
484 1939 813 2010 resurrectionem.»

63 2025 137 2108 tu.
161 2032 232 2096 Non
260 2027 407 2096 multum
434 2028 626 2098 intercessit
648 2029 822 2118 temporis,
845 2040 878 2098 et
901 2049 1022 2098 rursus
1040 2028 1137 2096 adbit
1160 2027 1274 2097 Domi-

32 2129 90 2188 nus,
113 2116 142 2181 in
171 2138 287 2186 rossus
314 2116 520 2185 miraculum
547 2137 640 2185 nunc
664 2137 801 2204 quoque
825 2116 983 2186 similiter
1006 2117 1209 2186 ostendens:
1235 2127 1273 2184 ut

31 2217 98 2280 quae
125 2138 199 2274 aliis
234 2205 342 2274 simul
367 2205 569 2294 discipulis,
601 2227 641 2274 ea
664 2205 727 2274 soli
752 2226 888 2292 qnoque
912 2205 1060 2274 Tbomae
1094 2204 1271 2361 largiatur.

35 2291 159 2360 ttstendit
181 2315 263 2382 argo
277 2293 309 2362 ei
328 2292 425 2383 signa
442 2293 571 2373 Crucis3
590 2315 629 2362 ac
646 2292 809 2372 vulneris,
828 2292 921 2380 quod
949 2293 1080 2382 accepit
1099 2293 1133 2362 in
1169 2305 1271 2372 atere,

35 2380 154 2449 ostendit
176 2383 411 2471 signaculum;
430 2380 570 2451 deinde:
603 2385 689 2464 (luia
711 2383 828 2451 vidisti
849 2404 912 2462 me,
936 2383 1060 2469 inquit,
1087 2381 1270 2451 credidisti.

35 2465 178 2557 lectioni
196 2494 261 2540 non
293 2471 459 2552 viderunt,
483 2481 513 2539 ct
537 2470 748 2540 crediderunt
762 2471 875 2560 (Joon.
894 2470 963 2560 xx);
991 2492 1152 2560 magnam
1175 2469 1274 2540 nobis

35 2555 187 2648 repositam
207 2558 393 2628 ostendens
418 2559 676 2640 beatitudinem,
695 2559 755 2646 qui
775 2557 987 2629 credidimus
1005 2581 1064 2648 per
1079 2578 1272 2628 sermonem

36 2635 269 2732 discipulorum.
298 2646 388 2716 lllud
401 2668 482 2736 crgo
501 2647 656 2716 divinum
675 2659 707 2716 et
723 2645 926 2717 admirabile
940 2646 1176 2737 spectaculum
1193 2665 1273 2716 curn

35 2745 210 2804 consecutus
233 2749 324 2806 esset
340 2735 498 2815 Thomas,
525 2734 590 2804 luit
613 2735 713 2805 etiarn
739 2757 843 2807 causa
860 2735 1039 2826 apostolis,
1068 2747 1105 2804 ut
1135 2734 1195 2836 illa
1221 2734 1271 2802 di·

36 2833 151 2900 scerent,
171 2845 257 2908 quae
284 2824 381 2912 prius
399 2844 464 2892 non
492 2836 664 2894 noverant.
686 2828 794 2894 Suum
810 2825 901 2895 enirn
918 2829 1021 2893 Deum
1039 2836 1071 2893 et
1088 2829 1271 2893 Dominum

35 2905 181 2978 consessus
196 2927 245 2983 est
261 2935 355 2992 eum,
382 2933 482 2998 quem
508 2911 719 3001 adspexerat.
751 2917 798 2982 Re
829 2933 906 2983 vera
925 2913 1016 2982 enirn
1037 2913 1093 2981 llei
1121 2924 1173 2981 est
1197 2909 1273 3001 pul-

36 3008 111 3086 trum
139 2997 268 3071 lacinus
297 2999 568 3071 resurrectionis.
596 3001 677 3070 Cum
714 3015 827 3070 autern
853 3014 929 3091 post
964 3001 1046 3070 baec
1074 3000 1229 3069 Christus
1253 3021 1274 3067 a

36 3074 187 3172 discipulis
201 3109 329 3180 magna
352 3110 391 3158 ex
409 3101 503 3178 parte
520 3088 626 3159 videri
646 3109 714 3158 non
741 3103 863 3180 posset,
890 3102 928 3159 ut
951 3088 1011 3176 qui
1035 3101 1124 3159 esset
1143 3086 1275 3177 glorifi-

37 3181 111 3240 catus
128 3172 377 3265 incorruptione
403 3179 567 3266 corporis,
594 3191 627 3247 et
656 3199 722 3246 non
748 3190 862 3268 posset
891 3177 1045 3266 conspici
1071 3177 1274 3247 mortalibus

37 3257 131 3340 oculis,
149 3265 298 3354 seipsum
325 3264 542 3334 manifestum
570 3264 742 3344 reddebat,
759 3265 899 3353 quando
919 3265 1062 3346 volebat,
1081 3277 1115 3335 et
1135 3263 1274 3352 quando

39 3361 147 3437 {rotarat
167 3351 320 3424 laturum
348 3354 431 3423 utile
446 3354 489 3423 iis
512 3354 573 3440 qui
600 3353 848 3444 adspiciebant.
880 3359 999 3442 ltaque
1026 3376 1105 3423 curn
1139 3352 1273 3423 Domini

39 3448 75 3496 ms
93 3433 208 3510 deesset
230 3455 449 3531 conspectus,
468 3463 587 3512 curam
613 3442 776 3532 gerebant
801 3443 921 3514 veteris
941 3442 1035 3524 artis,
1058 3442 1091 3510 in
1142 3463 1187 3510 ua
1203 3439 1273 3510 lue·

41 3525 243 3620 rantedncati.
258 3529 323 3600 Illa
337 3545 449 3600 autem
466 3541 549 3610 erat,
568 3531 732 3620 scapham
748 3530 944 3614 ascendere,
964 3542 996 3602 et
1013 3532 1047 3601 in
1062 3462 1272 3630 prolandura

42 3623 121 3701 maris
138 3617 214 3686 retia
231 3617 420 3688 demittere.
440 3617 594 3701 Quodam
620 3640 697 3689 vero
726 3618 792 3700 die,
829 3619 913 3689 dum
939 3619 1005 3710 ipsi
1032 3619 1273 3688 intonuerant

42 3701 199 3843 piscationi,
220 3707 383 3798 apparuit
407 3709 456 3776 eis
476 3706 690 3777 desideratus
713 3713 825 3790 lesus,
849 3720 943 3778 stans
973 3709 1007 3776 iu
1027 3706 1148 3787 littore,
1168 3719 1201 3775 et
1217 3707 1274 3795 ju-

59 3801 105 3852 ens
124 3791 160 3859 ad
183 3793 352 3865 dexteram
375 3807 505 3886 partem
530 3796 627 3864 navis
651 3808 720 3866 rete
735 3796 923 3866 demittere.
951 3800 1053 3885 Capta
1083 3808 1134 3865 est
1157 3807 1271 3864 autera

45 3870 192 3968 multitudo
215 3885 361 3973 piscium
394 3883 679 3966 innumerabilis;
708 3898 780 3954 erat
808 3885 900 3954 enirn
922 3882 1030 3953 divini
1049 3884 1171 3974 jussus
1195 3903 1274 3980 ope·

48 3969 117 4030 ratio.
138 3971 223 4041 lunc
246 3971 351 4042 sirnul
376 3993 455 4041 curn
482 3973 524 4042 iis
548 3971 666 4042 aderat
690 3973 792 4043 etiam
817 3972 975 4053 TbomaS,
994 3984 1027 4042 et
1049 3971 1153 4042 simul
1178 3990 1274 4040 narr·

49 4043 131 4150 ltlat
145 4070 174 4126 et
190 4060 290 4130 simul
307 4061 525 4152 operabatur,
547 4073 580 4130 et
605 4060 787 4152 diligenter
810 4059 953 4131 curabat
981 4061 1076 4139 retia,
1101 4073 1134 4129 et
1155 4081 1191 4130 se
1212 4079 1273 4160 pa·

50 4145 218 4239 ransmmum
242 4151 442 4221 ostendebat
472 4149 514 4219 ad
539 4149 782 4220 obediendum.
810 4150 1024 4239 Expericntia
1061 4149 1152 4220 enim
1185 4146 1275 4216 didr-

53 4233 115 4323 terat
124 4229 160 4302 ris
173 4236 315 4322 credere,
333 4261 422 4328 quae
437 4243 526 4320 Deus
539 4237 641 4307 luerit
655 4251 829 4329 operatum
850 4251 882 4308 et
897 4237 973 4309 ideo
992 4260 1063 4308 una
1077 4237 1271 4328 navigabat,

55 4313 167 4390 ttcmct
188 4331 388 4416 operabatur
403 4349 483 4399 curn
508 4325 705 4418 discipulis.
