2932 4812
8 329 74 394 list.
99 329 134 394 3t
307 347 345 396 nn
369 347 396 393 s.
425 347 599 396 svnvnsrao
623 347 703 395 rara
728 347 764 394 rr
788 345 937 396 conrsss.
1153 331 1217 395 609

7 431 201 502 admirabilis
227 431 419 520 sylvester,
448 431 531 503 haec
561 433 610 502 sic
635 431 811 512 videntur,
837 443 870 500 et
900 432 935 500 in
961 431 1103 503 alteram
1129 445 1260 522 partem

7 540 58 589 non
81 519 272 622 propendet
294 519 461 591 calculus.
489 521 607 591 Dicant
635 533 748 591 autem
776 520 899 591 Iudaei
924 541 1081 608 quoque,
1116 543 1159 590 an
1192 522 1262 591 illis

7 609 117 698 placeat
141 609 188 690 rd,
215 609 309 697 quod
335 609 473 690 dicitur,
500 622 589 680 etan
615 609 697 680 huic
713 631 851 698 quoque
864 611 1052 680 sententiae
1068 609 1119 680 illi
1144 631 1263 682 assen-

7 698 163 768 linatur.»
188 737 235 748 -
255 699 410 779 «Dicite,
437 699 484 768 ait
501 703 691 789 Imperator
712 697 866 779 Iudaeis,
888 698 972 784 quid
997 699 1093 770 vobis
1115 700 1259 780 videtur,

7 787 26 854 si
44 787 72 855 id
90 787 177 874 quod
209 787 308 868 dixit,
334 787 589 858 confirmaverit
618 788 865 878 Episcopust»
890 787 944 857 Illi
970 800 1107 858 autem:
1140 788 1262 858 «Fieri

7 875 124 962 quidem
144 898 211 946 non
235 888 357 966 potest,
376 877 548 958 dicebant,
575 881 812 966 olmperator,
828 890 867 946 ut
880 876 945 946 tale
968 876 1162 967 exemplum
1180 899 1265 946 nan·

7 965 137 1034 niscatur
153 964 337 1056 sylvester.
354 965 412 1034 Sin
430 977 543 1034 autem
565 975 688 1034 nactus
703 964 817 1046 luerit,
834 978 868 1036 et
891 965 1083 1054 impleverit
1103 965 1150 1046 id,
1172 966 1264 1053 quod

7 1065 47 1119 est
69 1053 251 1141 pollicitus,
279 1053 309 1122 si
333 1067 451 1123 contra
471 1052 567 1125 illius
583 1053 673 1123 dicta
699 1075 762 1125 nos
786 1055 872 1123 nihil
898 1054 1011 1125 dicere
1035 1055 1261 1144 potuerimus,

7 1161 59 1208 nos
79 1163 211 1229 quoque
232 1143 392 1213 lubenter
415 1155 509 1212 tuam
536 1163 722 1230 sequemur
746 1143 964 1213 sententiam.
981 1167 1087 1210 »-«
1106 1145 1154 1212 sit
1179 1143 1265 1212 mihi

8 1249 76 1316 ergo
96 1231 304 1320 exemplum,
320 1253 340 1301 o
354 1237 555 1320 Imperator,
571 1232 618 1300 ait
635 1236 792 1314 Sanctus,
812 1253 967 1322 purpura
984 1246 1062 1302 tuae
1080 1232 1261 1320 potentiae.

10 1321 68 1386 Iton
89 1333 132 1388 est
154 1341 194 1390 ea
219 1318 418 1400 blesense,
437 1341 526 1407 quae
551 1333 675 1390 natura
691 1320 831 1408 quidem
855 1320 946 1400 vilia,
973 1334 1005 1389 et
1028 1334 1106 1389 ante
1131 1341 1265 1410 purpu-

12 1427 69 1472 ram
92 1430 153 1478 non
179 1410 215 1478 in
242 1431 370 1500 magno
396 1410 503 1498 pretio
521 1408 649 1488 habita,
673 1431 848 1499 purpurae
871 1421 986 1478 autem
1008 1409 1182 1498 'sanguine
1209 1430 1266 1478 co·

11 1493 109 1576 loreto,
130 1511 161 1568 et
185 1499 305 1588 magni
330 1511 411 1566 sunt
435 1498 554 1588 pretii,
581 1509 613 1568 et
638 1497 726 1568 fiunt
750 1509 991 1568 ornamentum
1019 1502 1067 1565 Im
1096 1497 1265 1567 eratoris‘l

11 1585 133 1662 boando
155 1607 238 1676 ergo
263 1609 303 1656 ea
328 1586 498 1657 nebantur
523 1607 542 1654 a
567 1588 775 1668 textoribus,
798 1600 830 1655 et
849 1585 898 1655 vel
927 1519 1199 1655 extendebantur
1220 1585 1263 1654 ad

11 1683 135 1755 stamen,
152 1675 204 1745 vel
229 1677 275 1746 ab
299 1675 349 1744 eis
373 1675 585 1776 parabantur
608 1675 650 1744 ad
681 1677 895 1764 subtegmen,
923 1688 955 1744 et
978 1674 1166 1761 aliquando
1189 1675 1264 1762 qui-

12 1757 75 1828 dem
95 1764 309 1844 secabantur,
337 1763 525 1852 aliquando
549 1775 662 1834 autem
682 1766 769 1833 inter
793 1785 829 1833 se
853 1762 1117 1854 colligabantur,
1147 1775 1264 1832 utrum

13 1863 70 1917 eret
84 1849 127 1932 id,
146 1853 238 1941 quod
266 1854 428 1934 uebatur,
459 1865 519 1923 aut
543 1853 733 1934 secabatur,
761 1865 820 1922 aut
845 1851 1028 1942 ligabatur,
1054 1851 1113 1921 lila
1143 1852 1263 1932 serica,

16 1957 50 2002 an
65 1937 91 2006 id
107 1942 192 2027 quod
219 1965 259 2012 ea
280 1941 455 2022 coloravit,
473 1941 578 2023 color,
605 1943 760 2027 Inquam,
785 1945 1021 2031 purpurae?›>
1046 1945 1219 2032 Augustus
1234 1949 1267 2009 et

17 2027 155 2100 senatus:
182 2031 335 2102 «Serica
362 2030 431 2113 fila,
458 2030 641 2110 dixerunt,
669 2052 688 2099 o
715 2031 891 2120 Episcope,
916 2030 1086 2100 nebantur
1115 2040 1147 2098 et
1171 2051 1267 2100 seca·

17 2111 131 2186 bantur.
151 2142 258 2187 v-e
280 2119 354 2189 sint
368 2141 460 2210 ergo,
480 2118 565 2188 dixit
583 2123 739 2200 Sanctus,
761 2120 886 2209 imago,
904 2119 963 2189 fila
982 2117 1121 2206 quidem
1144 2118 1265 2199 serica,

19 2205 111 2274 earnis
133 2209 291 2278 Itomini:
312 2229 468 2298 purpura
489 2221 625 2288 autem,
655 2207 792 2277 divinae
816 2222 848 2277 et
872 2206 1075 2298 impatibilis
1099 2219 1264 2286 naturae;

20 2301 46 2354 et
65 2297 220 2380 quomodo
237 2297 309 2377 Illa,
335 2318 424 2383 quae
439 2297 536 2385 prius
556 2297 651 2397 parvi
668 2309 765 2366 erant
790 2298 906 2386 pretii,
929 2297 1087 2366 colorans
1113 2317 1269 2386 purpura

22 2374 165 2464 lloresuo,
192 2386 296 2476 longe
320 2385 401 2456 lacit
425 2386 637 2474 pretiosiora,
657 2385 703 2454 ite
719 2386 821 2455 etiam
848 2385 1010 2456 divinitas
1032 2385 1129 2455 carni
1155 2385 1264 2466 unita,

21 2485 104 2566 quam
120 2475 268 2564 suscepit
294 2475 471 2555 Dominus,
494 2495 569 2543 eam
598 2473 677 2543 fecit
705 2474 805 2565 longe
835 2474 1093 2563 pretiosiorem:
1121 2473 1180 2543 sed
1206 2472 1269 2542 illa

22 2567 156 2642 patiente,
182 2585 250 2633 non
270 2584 373 2653 passa
396 2575 447 2632 est
465 2562 639 2644 divinitas,
658 2563 830 2651 quomodo
854 2583 964 2650 neque
989 2583 1155 2654 purpura,
1182 2561 1268 2631 dum

20 2639 66 2738 fill
87 2651 284 2723 secabantur
302 2653 422 2732 serica,
442 2663 501 2720 ant
525 2673 613 2739 quae
628 2673 668 2721 ex
692 2653 741 2720 eis
757 2663 912 2722 contexta
928 2651 1075 2730 lucrant,
1097 2650 1162 2721 fuit
1184 2671 1269 2720 con-

20 2749 86 2829 ttst.
106 2759 121 2800 v
144 2741 201 2812 IIis
225 2740 477 2831 applauserunt
501 2745 690 2829 Imperator
709 2753 741 2811 et
765 2744 920 2811 senatus.
948 2745 987 2810 Et
1008 2739 1178 2829 optimum
1204 2750 1266 2821 est,

21 2816 167 2908 ducrum,
191 2829 402 2920 exemplum,
428 2843 461 2898 et
481 2829 566 2898 ratio
596 2850 684 2916 quae
713 2842 823 2900 servat
853 2829 1076 2918 promissum,
1098 2840 1130 2897 et
1154 2841 1269 2918 aperte

22 2912 147 2983 ostendit
168 2918 273 2990 solam
294 2939 431 3008 passam
449 2939 523 2987 esse
546 2923 629 2987 Iesu
648 2939 800 2997 carnem,
826 2939 892 2987 non
911 2931 1026 2988 autem
1039 2915 1267 2987 divinitatem.

55 3000 163 3082 §82
197 3013 387 3098 Imperator
422 3019 535 3077 autem
575 3007 762 3076 orationem
791 3018 992 3076 convertens
1023 3005 1065 3074 ad
1097 3006 1267 3076 ludaeos:

25 3110 35 3144 ⁴⁵
55 3089 130 3186 Qpid
156 3115 212 3167 vos
232 3095 275 3166 ad
301 3095 385 3166 haec
412 3095 584 3164 dicitisr»
606 3095 729 3185 inquit.
760 3101 936 3185 «Magnae
951 3093 1091 3184 quidem
1122 3107 1172 3164 est
1208 3117 1270 3164 nu-

24 3171 131 3261 decrae,
166 3183 335 3269 dixerunt,
368 3206 387 3254 o
416 3189 627 3274 Imperator,
654 3198 733 3254 tuae
757 3205 951 3274 repugnare
981 3184 1178 3254 sententiae.
1208 3185 1271 3254 Ubi

25 3268 174 3368 autenm'de
198 3277 263 3344 Deo
287 3274 402 3364 agitur
424 3285 457 3343 et
475 3273 704 3355 contenditur,
725 3294 767 3341 ne
783 3285 843 3341 tua
865 3273 1005 3360 quidem
1030 3273 1181 3363 potentin
1206 3274 1271 3343 erit

27 3350 106 3422 nobis
128 3379 170 3428 rm
196 3362 379 3444 edimento,
406 3385 475 3449 quo
493 3363 610 3432 minus
630 3361 920 3432 contradicamus.
946 3362 1048 3431 Nobis
1076 3364 1170 3431 enim
1202 3383 1269 3431 non

28 3437 117 3539 solum
141 3383 295 3523 videntur
321 3451 403 3522 haec
428 3451 487 3520 fila
510 3451 619 3522 serica
642 3452 718 3521 neri
741 3463 773 3520 et
801 3449 925 3532 scindi,
948 3450 1007 3521 sed
1033 3451 1133 3520 etiam
1166 3450 1270 3522 simul

32 3543 87 3595 nen
101 3544 130 3602 et
150 3539 256 3611 scindi
282 3561 449 3641 purpura;
471 3553 503 3610 et
526 3541 573 3609 ita
590 3539 758 3629 sylvestro
775 3561 842 3610 non
860 3539 1042 3610 succedere
1067 3541 1157 3628 quod
1183 3542 1271 3610 dixe·

33 3627 80 3694 rat,
96 3632 126 3716 ,⁸¹
143 3646 205 3696 non
229 3630 450 3720 praestitisse,
480 3628 572 3716 quod
597 3642 669 3699 erat
693 3628 917 3720 pollicitus.»
942 3633 1025 3699 Cum
1051 3643 1164 3699 autem
1189 3653 1271 3701 con·

35 3704 185 3798 tradroeret
207 3723 395 3808 Imperator
409 3731 442 3787 et
466 3721 623 3800 Senatus,
646 3741 665 3788 a
683 3723 749 3789 Deo
766 3717 956 3809 inspiratus
973 3718 1157 3806 sylvester:
1174 3726 1272 3789 «Per-

36 3807 119 3892 ΨΧ,
142 3809 374 3898 olmperator‚
394 3807 519 3894 inquit,
545 3819 596 3876 est
613 3805 677 3877 hoc
701 3829 824 3900 genus,
852 3823 884 3877 et
908 3829 1044 3898 semper
1067 3808 1176 3878 durae
1200 3830 1272 3878 cer-

37 3893 170 3986 Ilttaile
185 3916 262 3986 ergo
286 3909 345 3967 tua
366 3895 495 3966 laboret
519 3897 689 3987 potentia;
720 3896 778 3967 sed
808 3896 863 3966 his
895 3917 1032 3984 quoque
1066 3897 1181 3967 adhuc
1206 3897 1274 3966 alia

38 3965 211 4067 illiciantur
226 3985 393 4076 exempla:
413 3985 599 4072 adjuvante
618 3984 702 4056 lorte
718 3999 836 4056 sancto
852 3997 884 4056 et
897 3985 1107 4076 intelligente
1129 3986 1270 4074 spiritu,

40 4070 85 4134 qui
103 4061 261 4143 bominem
278 4074 377 4146 docet
401 4074 593 4155 scientiam,
619 4095 736 4145 eorum
752 4075 975 4145 obstruentur
994 4097 1052 4144 ora
1076 4087 1108 4143 et
1131 4095 1273 4176 persua·
1313 4085 1318 4098 ¹

44 4135 224 4250 delibatur.»
247 4167 286 4233 m
305 4163 346 4234 ad
372 4163 522 4234 Iudaeos
539 4183 736 4232 conversus:
757 4185 774 4230 «
797 4162 895 4244 solis,
914 4164 1037 4250 inquit,
1065 4163 1195 4242 radius,
1212 4165 1274 4250 qui

46 4229 130 4307 arbon
147 4250 342 4342 'applicatur
365 4263 397 4322 et
429 4273 504 4322 eam
531 4250 690 4332 illustrat,
719 4275 786 4322 non
813 4264 883 4333 est,
914 4252 1037 4340 inquit,
1070 4253 1100 4321 ei
1127 4252 1271 4336 unituS,

46 4328 178 4464 guandiu
198 4360 269 4411 eam
295 4341 469 4413 illustrat?
487 4364 562 4408 v-
577 4363 594 4407 «
610 4340 769 4422 OmnIno,
790 4363 807 4407 v
824 4341 1039 4410 affirmarunt
1055 4340 1187 4411 ludaei.
1204 4365 1221 4407 a
1240 4343 1274 4412 Si

62 4423 349 4518 setsecurrsatiqua
364 4432 521 4500 arborem
535 4429 708 4510 exciderit,
727 4429 811 4499 dum
827 4429 1054 4511 illuminatur,
1071 4451 1152 4499 num
1168 4431 1270 4500 etiam

109 4532 232 4603 Suriae·
253 4547 336 4608 Vitae
351 4545 403 4608 SS.
419 4581 429 4594 -
444 4545 513 4610 Vol.
531 4545 593 4608 llll.
993 4537 1000 4554 '
1157 4543 1196 4605 39
