2994 4832
233 293 297 359 ll8
560 311 599 360 ns
623 289 656 372 sl
678 307 837 358 natuarto
861 311 910 357 nr.
937 310 975 357 nr
998 309 1094 357 aaut.
1323 288 1434 354 utut

186 396 239 465 vel
255 396 390 465 animas
406 407 542 466 sanctas
557 395 811 475 existimabant,
828 395 886 483 qui
907 416 966 464 eos
982 405 1172 463 cernerent.
1189 392 1321 462 Rectius
1338 404 1433 459 autem
1484 419 1485 482 q

185 485 340 555 fortassis
368 483 683 572 interpretabimus,
702 483 918 574 significasse
936 505 994 554 eas
1018 503 1210 552 concursus
1243 479 1365 548 futuros
1388 479 1435 548 lio·
1484 485 1485 512 ³

186 574 335 643 minum.
350 571 501 642 Tandem
520 571 718 662 sepulturae
729 571 937 642 'mandatum
950 585 1001 641 est
1017 592 1145 660 corpus
1160 571 1270 640 sancti
1285 569 1435 658 Episcopi,
1484 611 1485 618 ι

185 662 372 748 volensque
389 660 569 730 hominurn
597 660 767 750 lacrymas
790 675 822 732 et
846 661 995 750 ejulatus
1022 659 1142 729 sedare
1163 663 1375 728 Hermannus
1397 659 1438 723 li·
1484 671 1485 724 ξ

185 750 405 830 cedominuS‚
436 754 617 819 Facessant
638 743 735 836 jam',
759 751 895 838 inquit,
923 749 1059 819 dolores
1083 769 1215 818 omnes.
1252 748 1354 817 Habet
1378 746 1438 834 jam

185 851 281 929 pater
308 851 341 907 et
365 837 513 927 pontifex
541 853 664 919 noster,
686 839 777 926 quod
808 840 947 928 optavit,
971 836 1156 928 psallitque
1179 850 1211 906 et
1242 835 1346 904 dicit:
1372 839 1440 902 Ecce

185 927 277 1014 quod
305 927 499 1016 concupivi,
526 927 598 1015 jam
627 927 744 996 rideo:
771 927 863 1014 quod
893 928 1039 1016 speravi,
1057 928 1129 1013 jam
1161 937 1271 995 teneo.
1301 923 1351 992 llli
1375 945 1440 992 sum
1484 939 1485 1008 t

180 1017 324 1106 junctus
345 1017 378 1083 in
400 1015 528 1096 coelis,
557 1037 659 1102 quem
686 1017 719 1084 in
754 1017 853 1085 terris
883 1017 1015 1105 positus
1040 1029 1108 1086 tota
1133 1013 1313 1084 devotione
1339 1012 1440 1082 dilexi.

185 1103 350 1191 auditque
379 1103 472 1174 illam
494 1104 789 1193 jucundissimam
820 1127 934 1174 vocem
961 1104 1098 1175 Domini
1128 1103 1201 1173 sui:
1232 1107 1335 1194 Eupo,
1364 1123 1442 1170 seres
1484 1111 1485 1182 t

185 1195 265 1263 dono
288 1203 319 1262 et
341 1194 475 1284 fidelis,
503 1195 585 1283 quio
607 1216 709 1284 super
729 1217 842 1284 panca
865 1195 966 1283 suisti
996 1193 1129 1283 fidelis,
1155 1214 1260 1282 super
1291 1193 1394 1260 ntultn
1420 1201 1443 1257 tr
1484 1197 1485 1276 i

185 1285 384 1352 constituam
398 1309 409 1351 :
436 1285 527 1352 intro
546 1284 581 1352 in
608 1284 773 1372 quodiam
800 1285 933 1353 Domini
960 1285 1013 1352 tui
1033 1281 1167 1371 (lfattlt.
1187 1280 1277 1368 xxv).
1298 1277 1442 1350 llonnilril
1484 1281 1485 1348 l

185 1384 256 1440 tum
274 1385 445 1441 cessatum
466 1383 517 1440 est
542 1393 563 1440 a
591 1369 765 1460 lacrymis.
786 1377 824 1441 tt
848 1393 915 1440 non
945 1371 1007 1442 diu
1032 1382 1119 1459 post,
1149 1370 1301 1459 primum
1329 1367 1444 1438 nobiles
1484 1379 1485 1424 t

184 1480 315 1540 omncs,
344 1459 425 1528 inde
450 1459 599 1529 ministri
615 1461 787 1550 Episcopi,
807 1473 979 1550 postremo
997 1479 1167 1549 pauperes
1188 1459 1281 1528 intro
1299 1456 1442 1544 ingrcssi.
1484 1427 1485 1500 l

184 1548 315 1618 luctum
343 1549 581 1618 instaurarunt
605 1561 673 1618 toto
703 1548 770 1617 die.
805 1548 960 1618 Conferat
981 1549 1056 1638 jam
1081 1548 1140 1636 qui
1171 1560 1305 1704 potest,
1337 1547 1443 1614 lrarun
1484 1605 1485 1610 ,

184 1637 404 1725 exequiarum
431 1637 575 1726 gloriam
601 1652 633 1706 et
664 1636 909 1719 celebritatem,
933 1659 1011 1707 oum
1037 1637 1167 1725 quibus
1185 1637 1254 1705 ibet
1286 1656 1399 1725 regum
1420 1645 1445 1699 et

185 1725 380 1816 principum
402 1727 536 1816 pompis
561 1739 663 1813 atque
683 1725 881 1815 triumphis.
910 1727 1024 1814 Coepit
1049 1739 1161 1795 autem
1189 1724 1359 1794 Dominus
1381 1721 1445 1791 illu·
1484 1745 1485 1750 ¹

186 1829 294 1884 strare
318 1837 453 1884 servum
475 1837 577 1885 suum
603 1815 705 1884 etiarn
733 1814 982 1885 miraculorum
1005 1815 1115 1905 signis
1142 1811 1183 1882 ad
1213 1811 1443 1883 confutandam

185 1902 323 1972 illorum
355 1903 620 1992 impudentiam,
651 1903 710 1990 qui
737 1903 840 1993 paulo
869 1916 947 1975 ante
972 1903 1226 1973 sanctissimam
1258 1902 1335 1991 ejus
1359 1900 1444 1968 vitan
1484 1949 1485 1986 ,

184 1991 285 2060 dente
315 1991 479 2062 rodebant
504 1993 641 2069 canino,
661 2005 693 2061 et
715 1993 898 2082 pretiosam
929 1992 1166 2078 margaritam,
1193 1989 1353 2060 coelestis
1373 1989 1446 2076 regis
1484 1989 1485 2084 l

182 2080 367 2150 diademati
389 2081 607 2162 destinatam,
627 2080 722 2150 falsis
739 2081 939 2150 rumoribus
956 2079 1139 2151 obfuscare
1160 2080 1372 2150 nitebantur.

390 2411 697 2514 tttttttttttttt
734 2415 771 2512 S.
811 2411 1054 2513 llllllllll
1095 2411 1255 2512 ttttst.

209 2665 277 2712 Ptttt
305 2665 556 2713 lllllllONl'llUld
585 2665 699 2714 ttuAtt
727 2665 1021 2727 CllEllONENSElf,
1052 2667 1173 2714 atone
1201 2665 1426 2720 camoena,
1484 2619 1485 2714 l

286 2770 423 2820 ttttttotco
447 2772 585 2820 cauatn'tt
609 2771 836 2822 consculptum.
864 2776 1006 2824 anesten
1034 2775 1063 2822 ΙΝ
1090 2773 1244 2822 Ol'lllllllUS
1271 2774 1359 2821 atus.

613 2962 738 3018 Passus
760 2967 813 3018 eat
838 2977 928 3018 enno
949 2965 1025 3019 303.

270 3147 335 3212 llec
352 3154 382 3210 te
401 3162 462 3210 nos
480 3142 633 3222 tacitum,
656 3141 868 3212 indictumre
889 3141 1084 3229 relinquere
1105 3143 1156 3210 fas
1173 3156 1236 3223 est,

316 3235 381 3300 llec
399 3230 511 3300 sinere
528 3231 577 3300 ire
596 3243 684 3311 tuos,
703 3232 778 3300 sine
794 3231 960 3312 carmine,
981 3230 1125 3300 ltalmati
1144 3229 1171 3312 *,
1193 3230 1356 3312 honores,

316 3324 407 3402 Quos
424 3321 485 3390 tibi
503 3320 565 3389 rite
582 3319 638 3388 die
656 3340 824 3390 memores
842 3319 1006 3390 redeunte
1023 3341 1202 3390 novamus.

315 3414 389 3478 Huc
406 3409 500 3490 adse,
522 3408 734 3496 oquondam
757 3407 890 3478 clarum
906 3408 1023 3497 jubar,
1043 3407 1158 3477 addite
1176 3407 1270 3478 coelo

315 3503 391 3568 Post
410 3510 520 3567 tantas
541 3498 628 3566 ittae
645 3518 843 3576 aerumnas,
862 3509 937 3587 post
955 3496 1049 3566 mille
1068 3497 1212 3576 labores,

313 3679 377 3744 Pro
394 3674 517 3744 Christi
535 3674 667 3756 decore,
687 3688 720 3743 et
735 3696 833 3744 verae
855 3675 989 3765 pietatis
1009 3695 1138 3744 amore.

317 3769 391 3834 lluc
411 3762 505 3843 ades,
530 3775 562 3832 ct
581 3763 684 3833 festas
698 3785 786 3850 quas
807 3762 885 3832 laeti
902 3764 1075 3832 ereximus
1097 3785 1173 3833 aras

316 3857 408 3921 Inter
426 3867 458 3922 et
476 3851 616 3922 Eridani
641 3853 746 3942 ripas,
764 3866 796 3921 et
813 3852 970 3924 fluminis
990 3851 1080 3932 Ollii,

317 3945 435 4010 Denter
450 3941 519 4023 adi,
541 3941 729 4032 populique
748 3955 805 4011 tua
823 3963 923 4032 prece
943 3953 1017 4010 vota
1036 3940 1201 4022 secunda,

313 3592 352 3656 Et
376 3608 462 3673 quos
480 3585 663 3677 insignies
682 3607 865 3676 perpessus
884 3600 991 3655 morte
1011 3585 1147 3656 dolores

208 4105 221 4131 *
236 4101 374 4148 Dalmatius.
388 4103 519 4154 Episcopus
536 4107 559 4145 ot
574 4105 669 4152 Martyn
685 4105 729 4148 vlr.
744 4105 764 4143 sl
775 4101 828 4153 quia
839 4105 906 4150 allua.
918 4103 1063 4153 ternporttnrs
1074 4103 1131 4148 auia,
1142 4101 1165 4142 in
1177 4103 1263 4144 Christt
1279 4104 1407 4152 evangetio
1416 4101 1456 4138 dta-

181 4157 326 4202 scmlncndm
339 4157 454 4208 plurimos
470 4157 563 4198 labores
573 4158 679 4200 ouatuttt.
688 4165 859 4206 aerumnasque
872 4167 998 4206 perpessus
1009 4162 1053 4197 eat.
1063 4157 1135 4196 Albae
1145 4157 1268 4206 Pompcjac
1278 4159 1303 4196 ot
1313 4155 1457 4196 circumstan-

179 4208 213 4251 tia
226 4208 330 4260 reglonis
344 4208 433 4251 tncolas
448 4212 476 4252 ad
491 4212 560 4251 fldem
580 4211 733 4252 christianam
751 4209 853 4250 traxisse
871 4209 966 4252 dicitur.
986 4212 1083 4251 Praouul
1100 4211 1234 4250 Tictnensls
1248 4209 1369 4250 Ecclesiae
1379 4209 1455 4264 factus

179 4261 297 4305 idolorum
311 4265 444 4308 simulacro.
458 4273 520 4314 quac
537 4263 613 4304 adhuc
630 4265 663 4302 llll
680 4263 827 4308 colebantur.
847 4261 941 4304 evertit.
961 4265 988 4304 Iu
1006 4265 1107 4304 (salitam
1125 4264 1210 4304 delude
1227 4262 1349 4314 protectus
1368 4267 1408 4304 est.
1422 4258 1455 4296 ubt

178 4319 277 4358 verbum
292 4319 334 4358 Dei
349 4318 442 4367 innonat
456 4319 536 4358 fructu
547 4314 704 4356 annunttavit.
715 4319 813 4358 Domum
823 4319 847 4357 tn
858 4318 951 4358 Itcllam
962 4327 1081 4362 reversus.
1089 4317 1120 4356 ab
1130 4317 1235 4356 Ettrntcla
1243 4319 1323 4357 aecurt
1335 4313 1456 4356 taceretur

180 4371 303 4412 confossus
317 4369 434 4412 occubuit.
453 4371 527 4411 Uulco
545 4375 640 4412 tantum
656 4381 717 4412 anuo
734 4372 810 4411 fertur
827 4371 850 4412 S.
868 4371 1011 4412 Dalmattum
1024 4372 1172 4412 ‘Ptctneuaeru
1183 4371 1284 4420 gonatasa
1295 4371 1456 4419 aepiscopatum

181 4423 223 4478 (Ex
234 4425 315 4465 Florio
327 4421 396 4475 rupta
407 4427 491 4472 Sarra).
