2946 4798
16 353 81 418 llllt'.
106 353 143 416 at
289 369 328 416 nrt
353 369 400 416 ss.
428 367 592 417 rasonono
617 371 654 416 ur
678 369 867 417 resorbens
889 371 946 416 uu.
1151 355 1215 417 tto

12 475 185 524 aranearum
201 453 362 522 similem.
382 477 400 520 »
419 453 546 524 Deinde
563 455 645 524 baec
658 475 796 542 quoque
812 452 896 523 dicit
913 454 1017 543 paulo
1032 467 1156 544 posu«
1173 458 1257 524 Cum

12 565 74 634 ergo
92 557 166 614 tune
181 542 339 622 venisset,
359 543 420 629 qui
433 543 543 631 jussis
559 544 726 613 serviebat
744 544 986 632 imperatoriis,
1001 557 1033 613 et
1048 544 1260 613 ascendisset

12 636 36 700 in
51 632 184 701 insulam
208 633 410 722 dpbusiam,
430 653 491 702 nos
516 654 641 722 magna
666 632 838 702 celeritate
861 631 1022 720 abreptos
1038 631 1136 702 duxit
1159 633 1194 700 in
1212 633 1259 702 ci·

12 723 132 802 vitatem,
151 741 303 800 causam,
322 741 386 790 cur
403 721 628 800 traheremur,
646 720 823 791 allirmans
841 743 876 793 se
894 723 1064 811 ignorare,
1085 721 1152 790 nisi
1165 721 1257 809 quod

10 831 70 878 curn
94 831 211 900 magna
233 809 453 879 festinatione
469 823 501 879 et
520 809 691 880 celeritate
707 811 841 880 dicebat
865 831 901 880 se
920 833 995 880 esse
1021 811 1179 880 missum.
1197 815 1257 878 Ve-

11 899 104 968 nimus
128 899 237 986 itaque
268 897 523 980 inanitatem,
554 921 634 970 cum
665 909 754 970 esset
781 912 921 969 octavus
952 898 1026 968 dies
1048 899 1143 970 lulii.
1171 903 1256 968 Cum

9 1001 100 1055 nutem
127 989 327 1076 Imperatori
355 1011 374 1057 a
403 986 573 1078 paruisset
597 987 692 1058 solus
720 988 751 1060 is
785 989 845 1076 qui
870 1010 933 1058 nos
957 989 1112 1068 duxerat,
1136 987 1259 1075 jussus

9 1089 48 1142 est
65 1097 118 1145 nos
136 1078 246 1146 statim
268 1011 447 1148 includere
467 1078 500 1146 in
519 1077 702 1146 Praetorio.
721 1082 800 1146 Post
823 1099 881 1147 ser
905 1099 983 1146 vero
1006 1078 1103 1156 dies,
1131 1097 1256 1163 nempe

8 1163 234 1249 quartodecimo
252 1165 407 1255 ejusdem
424 1165 563 1248 mensis,
579 1165 792 1236 accersimur
807 1164 849 1234 ad
865 1171 1123 1256 Imperatorem,
1140 1177 1257 1235 nostro

11 1251 135 1324 adventu
150 1255 221 1343 jam
250 1255 287 1324 in
313 1255 469 1324 omnium
490 1255 617 1323 animis
642 1253 861 1356 praecognito
884 1268 917 1324 et
940 1268 1145 1345 exspectato,
1165 1252 1258 1341 quod

11 1341 117 1411 scilicet
136 1343 175 1412 ad
191 1348 439 1434 Imperatorem
457 1343 650 1413 deducendi
666 1365 834 1422 essemus
858 1357 895 1412 ut
913 1365 1039 1432 poenas
1060 1344 1255 1427 lueremus;

10 1451 100 1514 neriae
114 1430 339 1501 licebataliud
359 1430 472 1502 videre
496 1445 555 1502 aut
571 1432 703 1512 audire,
725 1432 790 1500 nisi
808 1443 952 1502 terrores
977 1448 1009 1502 et
1034 1434 1158 1514 minae,
1178 1431 1257 1502 aliis

9 1519 124 1604 quidem
146 1521 331 1590 crudeliter
354 1521 571 1592 dicentibus:
598 1521 748 1590 «dedite
766 1542 825 1591 vos
848 1522 1108 1610 quamprimum
1128 1534 1160 1591 et
1177 1522 1257 1591 abs-

9 1627 61 1704 que
80 1611 164 1678 omni
178 1609 449 1680 contradictione
468 1609 578 1699 jussis
596 1610 847 1700 Imperatoriis;
867 1609 945 1680 aliis
971 1632 1049 1679 vero
1075 1632 1136 1679 nos
1161 1631 1256 1678 acer-

12 1693 127 1766 bissima
154 1720 330 1789 passuros
359 1699 389 1768 si
414 1721 481 1769 non
514 1721 726 1789 pareremus,
760 1699 1050 1788 protestantibus;
1076 1698 1154 1767 aliis
1179 1719 1257 1767 vero

11 1783 187 1880 dicentibus,
210 1793 360 1858 Tenetur
378 1787 588 1858 daemonum
606 1788 635 1869 *,
660 1801 693 1857 et
710 1787 779 1857 alia
804 1786 1007 1876 hujusmodi
1031 1799 1063 1856 et
1090 1787 1143 1856 liis
1167 1785 1258 1856 dete·

14 1891 92 1954 nora,
114 1898 196 1962 quae
216 1877 345 1947 nostris
365 1876 509 1951 auribus
532 1876 802 1966 accipiebamus.
822 1882 861 1946 Et
882 1875 964 1946 haec
980 1876 1120 1963 quidem
1137 1874 1258 1945 audie-

13 1959 126 2046 banus,
156 1966 361 2054 priusquam
391 1966 616 2048 ail'aureum,
636 1964 892 2055 quod·dicitur,
922 1965 1176 2035 adduceremur
1200 1965 1258 2032 tri-

13 2047 138 2120 clinium.
158 2054 323 2126 adductis
340 2067 454 2124 autem
469 2069 501 2124 et
515 2054 642 2124 ostium
657 2055 836 2144 ingressis,
855 2076 918 2123 nos
933 2054 1105 2123 Praefecto
1121 2073 1258 2143 praece-

15 2137 100 2218 dente,
120 2142 207 2214 visus
220 2157 272 2214 est
286 2165 306 2213 a
321 2143 421 2213 nobis
443 2148 633 2233 Imperator
647 2143 746 2213 valde
763 2143 926 2213 terribilis
946 2155 979 2212 et
1003 2144 1089 2212 iram
1105 2143 1254 2230 spirans,

16 2227 108 2326 multis
126 2231 205 2303 hinc
237 2247 270 2303 et
304 2232 401 2302 illinc
433 2253 494 2300 nos
523 2233 872 2302 circumsistentibus.
904 2238 982 2302 Erat
1010 2232 1095 2302 liora
1119 2230 1257 2300 circiter

19 2313 131 2398 decima,
151 2335 182 2392 et
205 2319 414 2403 Praefectus,
440 2322 501 2409 qui
524 2343 675 2408 eousque
700 2333 848 2401 venerat,
875 2319 1053 2402 discessit,
1081 2319 1171 2388 solos
1196 2339 1259 2389 nos

19 2403 181 2494 relinquens
204 2411 240 2480 in
265 2423 455 2502 conspeetu
479 2410 712 2500 Imperatoris.
740 2414 773 2479 Is
790 2425 904 2480 autem
925 2432 986 2479 nos
1009 2431 1088 2480 eum
1115 2407 1256 2477 adoras·

19 2513 117 2576 scmus,
137 2501 310 2590 asperiore
325 2512 358 2570 et
374 2499 549 2570 acerbiore
570 2519 649 2568 voce
668 2498 773 2585 jussit
796 2497 958 2567 accedere
991 2498 1144 2587 propius.
1174 2503 1257 2565 Cum

15 2579 46 2646 td
62 2604 126 2680 eum
143 2609 220 2678 ergo
237 2609 352 2675 usque
365 2588 834 2677 venissemusinterrogavit,
851 2587 990 2656 dicens:
1011 2609 1028 2653 a
1048 2593 1086 2655 In
1104 2607 1257 2684 quanam

16 2687 126 2764 regione
148 2678 215 2747 nati
239 2679 346 2747 estis‘l
364 2683 478 2746 »Cum
501 2697 562 2746 nos
579 2690 694 2746 autem
712 2676 1105 2765 respondissemuscln
1128 2675 1257 2744 lloabi-

16 2757 83 2838 tide3
101 2783 116 2827 l
135 2762 188 2832 ille
208 2787 332 2836 rursus
356 2765 478 2835 iisdem
495 2766 627 2836 verbis:
646 2787 664 2832 a
690 2771 729 2835 Et
747 2788 810 2835 cur
827 2765 895 2836 huc
914 2765 1080 2834 venistis?
1096 2787 1114 2830 >›
1129 2763 1253 2851 inquit,

15 2857 37 2911 tt
51 2849 232 2938 priusquam
251 2854 551 2942 responderemus,
561 2854 667 2942 jussa
681 2855 780 2924 nobis
797 2855 969 2924 verberari
983 2853 1113 2925 oculos.
1134 2851 1258 2922 lIultas

15 2938 198 3031 reroplagas
221 2955 395 3034 etgraves
418 2943 619 3013 inflixerunt
645 2943 705 3099 gui
734 2943 981 3032 percutiebant,
1013 2943 1097 3012 adeo
1127 2955 1165 3012 ut
1194 2962 1257 3010 nos

16 3025 208 3112 impleremur
222 3031 401 3122 vertigine,
421 3045 453 3102 et
478 3032 575 3101 humi
602 3053 641 3100 ca
668 3053 826 3112 eremus;
852 3032 979 3102 etenim
1006 3032 1072 3101 nisi
1097 3031 1258 3121 ejusqui

18 3117 206 3201 percutiebat,
235 3121 388 3192 tunicam
418 3121 452 3188 in
483 3133 618 3210 pectore
641 3119 961 3210 apprehendissem,
991 3119 1035 3188 ad
1064 3117 1255 3190 scabeilum

16 3200 203 3288 Imperatoris
222 3209 337 3280 statim
359 3230 468 3280 essem
486 3209 653 3297 dejectus.
672 3213 803 3277 Tenens
829 3221 943 3278 autem
969 3221 1109 3288 vestem,
1137 3208 1257 3297 plagas

17 3293 108 3388 accepi
130 3295 299 3379 immotus,
326 3297 434 3368 donec
457 3302 647 3387 Imperator
666 3298 772 3386 jussit
795 3319 875 3367 eum
901 3319 1036 3366 cessare
1065 3308 1255 3385 percutere.

17 3384 79 3474 tum
94 3401 273 3458 cessassent
287 3399 402 3456 autem
419 3387 480 3473 qui
495 3386 743 3475 percutiebant,
764 3407 886 3456 rursus
903 3386 1034 3476 rogavit
1046 3391 1253 3486 Imperator:

20 3476 179 3559 i,lliranam
194 3474 235 3545 de
251 3497 358 3560 causa
383 3476 450 3545 buc
466 3476 629 3546 venistis?
649 3480 749 3545 »Hoc
766 3496 845 3544 vero
861 3475 928 3545 sibi
951 3475 1084 3544 volebat
1101 3473 1147 3554 id,
1164 3472 1256 3559 qaod

19 3547 142 3656 dicebat,
163 3567 316 3645 Quanam
343 3563 386 3634 de
410 3586 538 3644 causa,
566 3563 720 3634 nolentes
749 3563 919 3644 eamdem,
943 3585 1048 3651 quam
1076 3583 1155 3644 nos,
1184 3583 1258 3630 am-

21 3637 239 3742 riccundem,
267 3665 379 3723 vestra
403 3666 524 3743 sponte
552 3653 699 3742 ingressi
727 3654 809 3724 estis
844 3653 1014 3734 eamdem,
1047 3674 1152 3739 quam
1179 3672 1254 3732 nos,

22 3722 250 3822 habitationem?
274 3749 358 3812 Cum
379 3763 442 3812 nos
458 3757 572 3811 autem
591 3742 833 3822 tacuissemus,
855 3755 888 3812 et
904 3741 1022 3811 oculos
1043 3739 1143 3810 humi
1167 3739 1257 3829 deje-

22 3831 166 3907 cissemus,
186 3829 226 3900 ad
247 3831 457 3902 Praefectum
483 3832 543 3918 qui
563 3853 667 3922 prope
687 3831 808 3910 stabat,
828 3831 1022 3920 impudenti
1048 3828 1201 3898 oratione
1225 3839 1257 3896 et

25 3913 92 3978 torro
116 3914 271 4006 adspectu
303 3941 501 4002 conversus
527 3941 608 3990 cum
641 3943 694 3988 ma
723 3942 767 3989 na
796 3920 846 3988 ira
870 3932 902 3990 et
927 3941 1006 3989 voce
1026 3939 1149 4007 aspera
1174 3917 1258 3986 haec

26 3985 128 4084 locatus
141 4018 204 4077 est:
231 4031 249 4076 a
267 4008 359 4080 Tolle
375 4031 443 4090 eos,
462 4022 495 4079 et
511 4009 546 4078 in
563 4030 681 4079 eorum
698 3943 785 4078 baie
801 4007 952 4079 inscribe
968 4021 1001 4079 et
1019 4006 1177 4096 insculpe
1193 4005 1256 4074 hos

23 4085 135 4172 riolos,
155 4108 184 4165 et
200 4099 293 4168 trade
308 4121 365 4170 eos
381 4098 518 4168 duobus
542 4098 733 4178 Saracenis,
751 4111 785 4167 et
799 4096 974 4166 abducant
994 4119 1051 4166 eos
1072 4097 1107 4165 in
1127 4110 1253 4164 terram

28 4185 108 4264 {uam
129 4189 259 4277 »Prope
275 4210 354 4257 vero
369 4185 490 4268 adluit,
513 4187 573 4274 qui
590 4208 649 4256 eos
666 4187 814 4257 habebat
835 4187 984 4272 jambos,
1003 4186 1062 4273 qui
1080 4207 1137 4254 eos
1151 4183 1255 4253 etiam

30 4258 108 4332 luerat
119 4271 301 4358 meditatus
324 4277 465 4346 nomine
481 4274 731 4356 Christodulus,
751 4276 808 4345 cui
825 4275 926 4344 etiam
939 4275 1044 4362 jussit
1059 4293 1116 4343 eos
1130 4273 1253 4362 legere,

30 4335 74 4410 loc
92 4358 174 4431 etiam
197 4364 382 4454 adjiciens:
410 4365 515 4436 «Etsi
536 4385 603 4433 non
628 4363 696 4432 sint
722 4364 846 4453 pulcri,
876 4386 916 4433 ne
941 4365 985 4434 sit
1010 4363 1072 4432 tibi
1097 4383 1254 4434 curae.»

49 4467 57 4486 ⁵
67 4469 320 4534 ”nidummalum
330 4489 399 4544 logii:
409 4494 517 4534 Tarmitur
526 4493 653 4532 accaronem
665 4491 753 4540 spiritu.
