2934 4810
16 277 75 340 illd.
97 277 108 338 1
116 277 135 339 D
376 293 638 343 nsnsrnococsun
668 291 881 341 recusansrusr
1133 271 1233 338 loli*

646 375 698 437 diu
720 376 751 437 in
776 390 896 440 carcere
927 375 1081 448 macerati,
1112 374 1276 436 novissime

28 437 207 486 comcomns
502 439 591 480 ΜΗ·
647 455 746 532 gladio
761 456 894 534 percussi
906 462 987 518 sunt.

105 534 135 597 S.
152 533 393 598 liELClllilDDS
415 536 499 598 Pers
686 535 728 596 De
750 534 797 596 bis
818 534 909 608 Beda,
923 534 1087 606 Usuardus,
1109 532 1185 606 Ado,
1209 547 1279 594 con·

166 640 243 705 iii
368 641 437 704 ³¹³·
646 609 1281 772 iiiiiilidiululiilli..iti

38 775 205 838 llsnrrnon.
239 809 270 820 -
292 777 403 840 Romae
426 778 520 838 sancti
543 776 618 838 iles·
647 773 791 852 quosdam
815 775 931 836 codices
953 771 1077 849 Hispali,
1100 779 1131 832 et
1151 771 1228 850 apud
1251 787 1281 832 a·

16 871 114 917 :rrrsnrs
143 855 232 934 Papa,
264 858 315 934 qni
348 859 379 918 in
412 858 619 934 persecutione
648 852 702 914 lios
724 851 835 931 Spoleti
859 853 933 930 passi
964 853 1120 914 dicuntur.
1142 851 1175 912 ln
1198 847 1281 914 Cata·

16 933 162 998 larimianl
184 937 280 1000 multa
303 953 414 1014 passus,
431 935 546 998 reddita
562 935 619 996 Do·
648 931 716 1010 logo
738 949 827 1011 porro
850 933 946 1012 Eplso.
964 930 1188 1009 Hispalenslnm
1211 929 1281 991 Car-

15 1013 98 1075 :lesiae
118 1031 201 1094 pace,
217 1017 338 1094 unierit
353 1016 385 1076 in
401 1015 541 1078 Domino.
649 1013 799 1092 popborus
819 1013 980 1090 Episcopus
1001 1009 1190 1089 perhibetur.
1213 1005 1281 1071 Dm·

45 1093 620 1174 slliitiadesicelMelclricdes),natione
650 1107 702 1154 nes
717 1101 817 1155 tamen
833 1094 864 1155 in
889 1092 944 1154 boc
965 1093 1169 1163 consentiunt,
1184 1103 1282 1169 passos

15 1173 76 1244 lien,
89 1175 161 1237 sedit
180 1191 278 1238 annos
300 1175 330 1250 3,
352 1191 472 1238 menses
493 1175 548 1236 7...
566 1173 621 1238 llic
648 1188 714 1234 esse
735 1174 765 1234 in
788 1172 999 1251 persecutione
1019 1169 1211 1244 Diocletiani,
1225 1167 1282 1230 sub

15 1254 145 1316 :anstiluit
161 1255 242 1316 nulla
255 1257 373 1316 ratione
386 1255 435 1318 die
449 1254 619 1326 Dominioo,
650 1250 796 1314 llarliuno
811 1251 926 1314 Judlco.
949 1249 1084 1333 Quorum
1107 1256 1207 1312 autem
1221 1249 1282 1310 sint

15 1337 48 1390 ut
66 1337 164 1412 quinta
187 1334 262 1396 ieria
283 1335 436 1412 ieiunium
458 1336 528 1413 quis
548 1351 620 1411 age·
650 1333 761 1409 potiora
781 1333 860 1410 jnra,
876 1338 907 1394 et
928 1330 1040 1408 quibus
1061 1345 1147 1390 causa
1169 1329 1209 1389 sit
1230 1327 1280 1390 ad·

15 1417 52 1481 et,
72 1415 135 1491 qnia
158 1414 212 1475 bos
234 1415 300 1476 dies
323 1414 446 1492 lugani,
468 1414 551 1492 quasi
574 1431 620 1476 sa·
645 1411 819 1484 judicanda,
840 1427 900 1474 non
922 1417 967 1471 est
989 1409 1281 1498 nostrumdelrnire.

15 1507 79 1551 rum
97 1493 248 1568 jejunium
272 1493 474 1556 celebrabant.
499 1493 535 1554 Et
556 1493 620 1554 lia·
651 1489 809 1552 Caeterum
831 1507 917 1554 error
939 1488 1091 1566 irrepsisse
1106 1489 1228 1550 videtur
1245 1502 1284 1550 ex

15 1572 105 1632 nciraei
119 1573 237 1635 inventi
250 1574 448 1636 suntinurbe
458 1573 496 1635 ab
506 1573 620 1635 eodem.
649 1570 826 1632 contusione
857 1569 1018 1632 nominum
1046 1569 1188 1640 civitatis,
1210 1567 1283 1629 dum

15 1648 49 1708 lic
76 1651 152 1726 iecit,
175 1659 208 1714 ut
233 1652 401 1714 oblationes
431 1661 622 1714 consecratae
650 1649 1284 1726 compluresanticuorumscriptorumec·

15 1743 48 1788 ter
66 1728 215 1806 Ecclesiae,
230 1748 268 1792 ex
288 1741 463 1795 consecratu
486 1732 619 1810 Episcopi
650 1729 777 1792 clesiast.
811 1748 865 1809 pro
893 1727 1066 1806 Hispulcost'
1095 1727 1199 1788 dixere
1231 1725 1284 1786 Hi·

15 1807 215 1884 tingerentur.
248 1811 326 1890 quod
358 1812 530 1874 declaratur
564 1811 621 1873 ier·
649 1807 814 1885 cpolitano,
835 1826 870 1872 ac
900 1823 1023 1869 rursum
1046 1822 1099 1886 pro
1121 1805 1282 1884 spoletino,

15 1895 127 1951 uentum
157 1894 181 1952 ⁴.
203 1891 259 1952 Hic
293 1891 363 1953 lecit
397 1891 620 1953 ordinationem
650 1889 815 1964 spolitano.
835 1922 872 1932 —
895 1887 974 1950 llaec
996 1890 1027 1948 ln
1049 1886 1171 1948 Daronii
1199 1883 1284 1946 Notis

15 1981 84 2028 trram
105 1987 156 2047 per
177 1986 317 2033 mensem
339 1971 537 2034 Decembrem
552 1968 622 2031 Pre-
650 1969 684 2028 ad
708 1967 860 2048 liartyrol.
882 1967 967 2031 llom.
984 1966 1039 2027 bac
1054 1966 1113 2026 die.

15 2045 123 2122 byteros
152 2059 280 2127 septem,
303 2050 451 2114 Diaconos
474 2053 621 2130 quincue,
1211 2123 1216 2132 ,

15 2121 147 2206 ipiscopos
178 2145 232 2207 per
264 2129 377 2192 diversa
409 2129 471 2194 loca
497 2129 545 2192 lt.
569 2128 623 2191 llic
690 2127 871 2190 lllnnrrnon.
896 2159 933 2170 -
955 2125 1106 2188 emeritae
1129 2125 1159 2184 in
1182 2123 1284 2200 Hispa·

15 2206 123 2292 repulsus
152 2219 199 2271 est
232 2211 265 2270 in
297 2213 478 2272 coemeterio
500 2207 621 2283 Calixti,
652 2206 700 2270 nia
714 2208 810 2286 passio
826 2215 947 2270 sanctae
959 2206 1118 2268 Eunusrsn
1134 2203 1282 2278 Virginis,

14 2299 44 2344 ua
54 2285 191 2364 lippia‚in
203 2298 318 2368 crypta,
328 2291 345 2351 3
357 2289 425 2352 ldus
436 2289 622 2364 Decembris,
651 2302 726 2363 quae
736 2287 793 2350 sub
808 2287 994 2350 Maximiano
1008 2283 1204 2362 Imperatore,
1215 2297 1284 2344 oum

14 2368 161 2430 tteessarit
174 2369 370 2448 Episcopatus
391 2367 546 2432 diebuslll
560 2370 617 2432 **.l
651 2375 729 2428 esset
750 2381 902 2429 annorum
931 2365 1101 2434 duodecim,
1121 2362 1206 2439 jussu
1229 2361 1284 2422 Da·

14 2475 38 2486 -
58 2445 127 2508 llaec
148 2451 179 2510 in
201 2449 360 2511 Anastasio
382 2447 622 2512 Bibliothecarlo.
652 2447 729 2537 ciani
754 2445 901 2537 Praesidis
917 2461 968 2524 pro
982 2442 1173 2506 consessione
1195 2437 1285 2503 Cirri-

78 2603 133 2668 ss,
171 2606 231 2668 cn
246 2605 542 2670 nrornonus
651 2525 1286 2695 ῗιῑὲνιῖἐὲιῗιῗῗηιεοᾶἑῗιῗὲοῑὸειξῖξῗιῖῗῖιθὲξιί

135 2713 171 2757 pu
193 2693 387 2758 ABUNDIUS
409 2695 476 2758 ΜΜ,
654 2684 811 2760 ungulato,
827 2683 933 2747 iaculis
949 2682 1124 2746 ardentibus
1146 2697 1182 2742 es
1206 2687 1286 2742 utro·

38 2797 513 2879 licrtprr'odonclr'circuuuuum
524 2801 593 2864 290.
651 2761 1285 2920 213¹&[¹53rsseggffispifissvffiaeusgmjffiJ

40 2919 208 2989 llanrmor..
231 2926 402 2988 -Eodem
425 2926 475 2988 die
506 2931 622 2988 sancto·
653 2937 719 3000 pag.
742 2921 824 2998 250).

14 3013 65 3088 'um
85 3003 247 3084 llartyrum
278 3003 470 3068 Canronnom
502 3005 623 3086 Presby·

18 3093 55 3138 eu
74 3088 249 3148 ettennon
271 3085 407 3160 Diaconi,
430 3087 481 3163 qui
504 3087 535 3147 ln
558 3101 623 3162 per·
730 3089 760 3152 S.
776 3089 881 3151 lucin
898 3091 994 3152 lirnco
1009 3107 1045 3152 cr
1065 3089 1205 3152 Dsnrrn.

14 3163 146 3256 mulne.
166 3165 346 3256 Di⁰⁰¹⁰tif¹¹¹i
377 3165 479 3256 prim.
496 3163 625 3227 iustlbns
674 3197 826 3276 Mercurio
846 3197 990 3258 decorata
1010 3210 1092 3258 uoco
1113 3195 1184 3256 circ.
1201 3193 1266 3256 303.

14 3239 198 3306 :rtltlcllsslme
225 3261 314 3318 caess,
337 3243 447 3306 derntie
472 3259 503 3304 rn
526 3261 622 3306 carce·

14 3331 72 3390 em,
87 3329 195 3398 negato
216 3325 282 3386 cibo
303 3330 334 3386 et
355 3333 439 3402 potu,
455 3326 579 3398 retrusi,
594 3333 624 3386 et
691 3319 1010 3385 Manassen-item
1033 3321 1145 3384 ibidem
1167 3328 1287 3384 sanotae

14 3409 113 3462 'ursum
129 3405 160 3463 in
176 3404 304 3482 equuleo
326 3405 410 3475 torti,
426 3410 535 3481 etpost
553 3403 624 3466 baec
652 3399 762 3463 lucrne
792 3401 927 3480 Virginis
958 3407 989 3464 et
1024 3401 1177 3479 llartyris,
1210 3417 1287 3480 quae

28 3517 38 3538 i
51 3515 110 3562 Quod
123 3517 211 3560 dicitrn
225 3521 420 3566 delementum
430 3521 500 3569 plens
509 3521 625 3561 obscuris·
652 3516 786 3570 psiusbestt
792 3514 1288 3568 Melchlsdisnltlmsestprolstssententls.

14 3583 56 3614 tuns
68 3581 110 3619 est:
125 3582 245 3628 nimirum.
257 3584 319 3632 qnod
336 3591 396 3632 quse
411 3584 527 3632 eiusmodi
537 3584 587 3623 ersi
596 3584 625 3624 do
652 3591 722 3632 qnsm
735 3583 854 3628 innocens,
868 3591 938 3632 quarn
952 3582 1054 3632 integra,
1067 3591 1138 3632 quern
1148 3579 1245 3631 provida
1255 3586 1289 3622 st·

15 3644 106 3682 trmcnto
120 3655 161 3693 per
175 3645 291 3686 Ecclesiae
305 3643 367 3686 mitti
384 3645 455 3686 solito
474 3647 626 3691 consuetudo,
652 3655 698 3694 qne
712 3644 816 3694 parites.
833 3655 880 3694 qus
889 3653 965 3694 neque
976 3644 1088 3694 collegas,
1097 3645 1122 3683 ln
1132 3644 1218 3693 qulbus
1229 3643 1289 3684 nihil

14 3702 88 3742 tenitas
100 3709 234 3748 exoleverit.
248 3709 284 3748 its
300 3705 416 3748 Duronius
432 3709 456 3747 in
466 3708 588 3748 Annalibus
597 3709 626 3749 sd
653 3707 799 3752 constiterst.
812 3707 841 3746 de
854 3704 955 3756 collegio
969 3716 1012 3748 suo
1027 3715 1099 3747 susus
1113 3709 1149 3746 est
1158 3703 1289 3750 removeret

14 3769 82 3804 illitum
91 3769 135 3808 318.
653 3771 677 3808 et
690 3769 779 3809 Donsto
793 3769 851 3814 solo,
866 3776 936 3817 quern
952 3767 1026 3808 totius
1043 3769 1100 3809 msli
1113 3765 1241 3819 prinoipem
1256 3769 1290 3808 in·

32 3825 50 3844 ¹·
64 3828 83 3868 S.
103 3829 224 3872 Molcbisdi
246 3834 320 3881 Pspse
340 3831 509 3873 constantinus
527 3833 626 3882 Msprrns
653 3835 757 3878 venerut.
771 3827 872 3872 muime
888 3828 1291 3880 oulpsto.ssnitstisrecupersndse

14 3889 68 3928 tedes
80 3893 256 3942 Laternnenses,
270 3893 295 3934 ln
309 3895 395 3946 qulbus
410 3893 459 3944 lpse
474 3895 626 3944 eiusdemque
654 3893 772 3942 optionem
787 3891 886 3934 liberent
900 3891 1001 3934 csetsrls
1011 3893 1073 3940 iecit,
1082 3893 1179 3942 persius
1189 3901 1291 3932 commn-

14 3955 143 3995 tncressores
152 3954 292 4002 habiterent,
300 3957 425 3998 concessit.
432 3959 498 3997 Anno
504 3967 575 4006 porro
582 3958 627 4002 ³1³,
654 3952 779 3996 niostorlss
794 3953 885 3996 litteras
895 3952 989 3996 mittere
998 3957 1072 3996 etism
1081 3953 1118 4001 ils.
1128 3965 1187 4004 quos
1197 3965 1210 3995 s
1219 3955 1292 4003 listo-

14 4011 46 4076 snb
55 4015 101 4062 ipso
110 4016 227 4065 Pontinos,
237 4021 321 4060 Romus
331 4019 457 4061 concilium
467 4017 574 4060 lasbitnm
584 4020 627 4065 est,
654 4018 706 4058 rlno
720 4015 840 4058 ordinatos
854 4025 906 4058 esse
920 4019 1050 4063 constsret;
1061 4019 1095 4058 its
1104 4019 1131 4057 nt
1141 4015 1291 4068 quibuscum·

14 4081 30 4110 11
42 4083 82 4123 quo
94 4079 225 4122 hoereticns
239 4083 342 4122 nonstns
358 4083 533 4128 condemnatus,
551 4079 628 4122 essel-
654 4089 700 4129 qus
714 4079 771 4120 loeis
792 4081 839 4120 dno
858 4080 938 4120 essent
958 4078 1079 4129 Episcopi.
1096 4089 1156 4129 qnos
1174 4079 1291 4120 dissensio

14 4135 86 4184 imum
99 4151 164 4188 sero,
182 4143 328 4196 Osrtlrspinis
343 4145 485 4195 Episcopus,
504 4146 628 4186 sbsolntus
655 4144 803 4192 pemmnser,
817 4151 871 4182 enm
885 4139 1018 4182 conflrmsrl
1028 4141 1103 4182 vellet
1112 4143 1153 4190 qui
1162 4138 1246 4182 ruisset
1255 4151 1291 4182 or·

14 4195 53 4237 iili·
66 4201 199 4254 Mognopere
213 4207 291 4246 tomen
300 4204 475 4247 sdlsborsverst
486 4207 507 4248 S.
518 4207 627 4247 Melchis-
655 4207 749 4246 dinetus
763 4205 834 4255 prior,
848 4202 916 4245 elteri
932 4205 1010 4244 sutem
1024 4213 1106 4244 eorum
1120 4204 1186 4260 plebs
1201 4202 1247 4243 slls
1256 4213 1291 4243 re·

14 4259 50 4303 les.
57 4265 80 4302 nt
87 4266 218 4308 Donatistae
226 4265 358 4309 catholicoe
368 4269 486 4310 Ecolcslse
496 4269 628 4312 unirentur:
656 4268 729 4318 gends
744 4268 916 4318 provideretur.
931 4266 948 4304 0
964 4267 1040 4306 ulrum
1051 4267 1175 4312 opttmnmt
1187 4266 1205 4304 0
1215 4263 1291 4306 ullum

14 4319 31 4360 Μ
43 4327 111 4371 qnod,
130 4329 157 4369 sd
171 4331 345 4372 Donstislsrum
363 4330 489 4380 episcopos
509 4329 628 4372 scribens:
656 4328 801 4370 christianae
811 4327 882 4378 pacis,
893 4330 916 4368 et
926 4330 1016 4376 petrem
1027 4327 1171 4367 cbristlsnse
1181 4327 1289 4377 plebist,

14 4379 31 4419 3·
44 4385 180 4435 camerinus
195 4390 257 4434 lusce
272 4390 351 4434 serbis
365 4391 476 4432 ieststur:
494 4395 504 4414 “
514 4392 594 4443 Quslls
612 4395 628 4433 l·
655 4393 736 4442 inplet.
751 4391 805 4442 111).
