2960 4824
270 319 334 382 286
663 335 702 381 nx
725 335 753 381 s.
781 335 915 380 ulutatu
939 331 1066 380 s‘rtxrrs
1344 313 1421 378 bat.
1441 317 1466 378 lt

228 419 331 490 veluti
355 419 558 509 obsignabo,
584 416 676 505 quod
703 439 783 488 cum
812 419 931 488 multis
949 432 982 488 et
1004 418 1163 488 maximis
1188 415 1371 498 miraculis,
1397 429 1470 486 tanta

228 522 300 580 erat
315 509 346 578 ei
365 509 487 578 lenitas
503 519 535 576 et
560 507 766 577 moderatio:
787 519 820 578 et
840 529 907 576 non
925 506 1037 577 solum
1055 505 1254 587 moderatio,
1274 505 1344 587 sed,
1362 517 1396 576 ut
1408 527 1469 574 cum

227 599 344 669 divino
369 595 472 667 David
490 595 618 677 dicam,
644 596 804 666 contritio
818 609 850 666 et
867 617 1004 666 summa
1021 595 1210 677 humilitas,
1231 605 1268 664 ut
1293 615 1359 664 non
1383 597 1469 684 magis

226 709 305 758 cum
337 686 417 773 quis
451 684 642 754 admiretur
662 698 800 775 propter
829 685 1061 775 operationem
1089 683 1359 764 miraculorum,
1388 705 1469 770 quan

226 774 316 864 quod
334 795 414 844 cnm
433 773 514 843 talia
530 785 740 863 operaretur,
762 773 847 842 nilril
871 774 1080 844 existimaret
1100 795 1136 842 se
1153 771 1232 862 plus
1255 771 1378 842 habere
1399 771 1467 841 aliis.

227 863 420 947 Quinetiam
437 885 517 931 cum
544 864 667 932 virtute
693 875 824 932 tantum
851 873 1047 953 praestaret,
1071 862 1106 930 in
1126 861 1261 954 judicio
1284 861 1326 929 de
1348 860 1419 930 aliis
1438 860 1470 928 le·

225 952 334 1023 raudo
357 963 429 1020 erat
452 950 640 1021 admodum
665 965 789 1021 cautus
811 963 844 1022 et
865 973 1000 1042 parcus.
1018 955 1127 1034 Quam
1148 972 1226 1020 varo
1244 951 1381 1020 essetin
1398 947 1468 1019 omni

227 1063 264 1112 re
279 1063 300 1110 a
318 1040 410 1111 lustu
432 1051 465 1109 et
485 1040 646 1131 superbia
671 1041 818 1122 alienus,
845 1042 925 1128 quis
948 1040 1094 1110 dixerit?
1121 1044 1245 1109 Eorum
1272 1053 1384 1109 autem
1407 1057 1468 1124 quaa

227 1151 332 1230 supra
353 1149 416 1198 rios
440 1141 532 1210 sunt,
553 1128 638 1198 adeo
662 1130 804 1199 timebat
826 1143 858 1198 et
881 1129 1020 1198 cavebat
1042 1127 1164 1198 dooere
1188 1127 1333 1214 aliquid,
1357 1141 1392 1197 ut
1412 1147 1466 1195 cun

226 1218 381 1308 quidam,
397 1218 457 1304 qui
472 1217 515 1285 de
534 1217 717 1308 theologia
738 1218 895 1288 lubenter
914 1218 1190 1299 sciscitabantur,
1208 1216 1378 1304 quaedem
1392 1217 1465 1284 etian

228 1305 380 1378 absurda
405 1318 643 1395 proponerent,
669 1328 757 1394 quae
774 1306 947 1378 audebant
970 1305 1081 1376 lacera
1105 1305 1310 1386 sacerdotes,
1336 1320 1367 1374 et
1384 1305 1411 1372 ai
1430 1325 1466 1370 ax·

216 1396 385 1466 'biberant
403 1394 615 1465 molestiam:
643 1397 712 1464 «Si
736 1417 755 1464 a
780 1397 877 1465 vobis
900 1395 1053 1482 quidam,
1072 1395 1195 1482 inquit,
1222 1394 1266 1464 de
1295 1399 1360 1464 Dao
1387 1394 1467 1462 disce

227 1497 335 1578 ptant,
355 1483 451 1553 vobis
468 1483 594 1554 sufficit
617 1483 744 1554 cborus
760 1482 1010 1574 Apostolorum,
1028 1498 1059 1552 at
1075 1483 1221 1570 quaeda
1238 1488 1307 1553 Deo
1325 1483 1469 1578 disserunt

227 1586 364 1666 patrum
389 1593 509 1642 voces:
533 1593 642 1659 neque
659 1595 748 1662 opus
763 1585 814 1642 est
832 1573 969 1643 curiose
986 1573 1132 1643 ulterius
1152 1573 1338 1660 inquirere.
1356 1570 1437 1655 Quod
1449 1589 1467 1636 st

226 1663 269 1732 de
285 1661 388 1732 rebus
406 1660 570 1731 humanis
582 1673 614 1730 et
627 1661 863 1732 sacerdotibus
879 1661 1037 1733 vobisest
1053 1663 1297 1744 contmrersia,
1318 1674 1395 1732 sunt
1409 1661 1467 1726 baec

227 1752 344 1822 omnia
358 1751 416 1818 Dei
428 1749 563 1840 judicio
575 1749 813 1838 relinquenda,
832 1763 865 1820 et
880 1751 934 1831 iis,
954 1750 1014 1837 qui
1035 1750 1154 1820 abillo
1172 1751 1275 1820 talem
1294 1757 1467 1840 acceperunt

228 1839 579 1912 administrationem:
608 1839 709 1908 nobis
734 1861 811 1909 vero
832 1840 916 1909 satis
931 1859 1006 1908 essa
1022 1839 1133 1920 debat,
1160 1840 1188 1908 si
1214 1839 1259 1908 ab
1284 1841 1362 1909 aliis
1379 1855 1466 1940 pasca·

228 1949 317 2012 mur,
344 1939 376 1998 et
395 1949 435 1996 ea
458 1927 716 1998 consideremus
739 1940 772 1997 et
796 1928 1016 2015 inquiramus
1039 1949 1127 2016 quae
1151 1928 1192 1997 ad
1216 1949 1281 1997 nos
1307 1935 1464 2020 pertinent

228 2037 295 2088 non
322 2027 434 2087 autem
465 2015 527 2086 has
551 2037 824 2106 supervacaneas
848 2029 880 2086 et
905 2017 1023 2086 noxias
1054 2039 1308 2107 persequamur
1331 2013 1468 2106 quaestio·

227 2127 298 2176 nas.
327 2128 345 2172 a
371 2109 409 2174 Et
432 2104 516 2174 haec
539 2104 681 2192 quidam
707 2105 756 2176 sic
780 2105 919 2176 habent.
1451 2189 1454 2198 Ι

270 2197 288 2282 ξ
311 2197 384 2267 Μ.
410 2194 524 2264 Oratio
547 2207 674 2275 autam,
701 2215 781 2263 cum
795 2195 867 2286 jam
886 2194 999 2264 veniat
1023 2199 1170 2264 Sanctus
1192 2193 1236 2263 ad
1266 2195 1382 2272 linem,
1405 2191 1470 2274 desi·w

226 2293 304 2353 tura
320 2296 371 2353 est
394 2281 469 2370 ipsa
484 2303 621 2372 quoque
645 2285 680 2351 in
705 2283 894 2352 silentium.
922 2284 1222 2353 verumenimvero
1239 2305 1321 2353 cum
1339 2283 1391 2352 bic
1411 2297 1466 2366 quo·

226 2392 293 2459 que
316 2391 426 2462 pauca
449 2371 618 2458 quaedam
643 2381 721 2441 ante
745 2371 848 2440 finem
873 2371 1087 2453 dixerimus,
1114 2373 1163 2442 sic
1188 2373 1355 2442 sistemus
1376 2369 1465 2440 oratio

160 2463 169 2488 ⁸
227 2481 318 2530 nem.
337 2459 499 2550 Cognovit
521 2459 660 2546 quidem
678 2460 730 2529 vir
745 2459 804 2530 ille
824 2459 1046 2550 propheticus
1062 2483 1141 2530 cum
1160 2460 1306 2548 reliquis
1322 2459 1462 2530 omnibu,

227 2569 324 2618 suam
350 2567 487 2634 quoque
507 2548 548 2617 ad
570 2549 751 2618 Dominum
772 2550 1032 2639 migrationem:
1057 2549 1161 2637 idque
1176 2563 1295 2639 aparte
1310 2552 1381 2620 suis
1398 2565 1469 2638 pm„

227 2637 311 2706 dixit
328 2636 520 2727 discipulis.
540 2639 624 2706 Cum
642 2651 755 2708 autam
774 2639 996 2726 praestitutus
1010 2639 1085 2708 dies
1097 2639 1170 2726 jam
1189 2661 1206 2707 a
1239 2639 1462 2729 propinquaret,

226 2725 501 2796 benedictionem
525 2725 576 2796 eis
600 2724 764 2814 relinquit
784 2727 817 2794 in
840 2727 1000 2816 scriptis:
1026 2729 1114 2796 sicut
1138 2661 1281 2814 quidam
1308 2727 1367 2797 alii
1389 2719 1466 2794 lacui·

227 2825 330 2894 tates;
356 2815 457 2902 eique
471 2813 632 2883 deserviit
649 2815 773 2896 scriba,
789 2827 821 2885 et
842 2815 909 2885 tale
924 2814 989 2884 l'uit
1005 2817 1080 2906 ejus
1098 2827 1341 2886 testamentum
1356 2841 1363 2880 :
1380 2817 1463 2902 «Ego

226 2903 349 2990 inquit,
375 2923 396 2971 o
420 2902 482 2971 lilii
500 2913 532 2971 at
546 2902 667 2973 iratres
682 2903 801 2993 (ambo
821 2905 912 2976 anim
930 2925 989 2974 vos
1005 2905 1096 2987 estis,
1117 2916 1189 2974 tum
1207 2904 1301 2994 quod
1320 2926 1376 2973 vus
1390 2915 1464 3003 genu

225 2990 443 3080 spiritaliter:
472 3004 543 3060 tum
564 3013 654 3073 vero,
672 2991 763 3079 quod
786 2997 874 3064 Deus
897 3005 949 3062 est
975 2993 1170 3062 communis
1197 3005 1294 3083 pater
1312 3007 1446 3063 omniun

224 3077 377 3149 adhunc
401 3100 619 3149 communem
647 3094 775 3169 patrem
791 3081 864 3168 jam
883 3081 990 3162 vado:
1011 3081 1068 3151 sad
1092 3103 1157 3152 non
1179 3083 1282 3153 orbos
1303 3083 1467 3172 relinquen

225 3168 310 3237 mibi
335 3167 489 3251 dilectos,
506 3168 672 3239 deflentes
700 3170 806 3259 patris
831 3169 1072 3240 solitudinem:
1105 3170 1162 3241 sad
1190 3171 1239 3240 illi
1267 3173 1366 3262 patri,
1391 3175 1444 3234 vest

224 3256 382 3347 relinquo
399 3279 531 3340 curam,
558 3259 721 3345 quicum
748 3259 843 3328 vobis
860 3260 1024 3329 omnibus
1050 3279 1104 3328 me
1133 3262 1271 3330 crearit.
1300 3265 1315 3329 1
1341 3281 1375 3328 se
1395 3277 1425 3322 ar

223 3346 284 3433 qui
308 3347 425 3447 omnia
455 3346 643 3447 lubricatus
662 3359 713 3417 est
729 3348 860 3417 ratione
883 3360 916 3416 et
944 3349 1132 3438 sapientia,
1168 3361 1200 3418 et
1226 3283 1352 3418 deinde
1378 3273 1466 3438 coel,

222 3456 361 3522 quoque
385 3433 574 3517 inclinavit,
597 3448 629 3505 at
649 3436 825 3506 descendit
842 3437 876 3504 in
895 3449 1034 3518 terram,
1060 3449 1093 3507 et
1118 3450 1276 3507 mortuus
1298 3449 1359 3516 est,
1384 3445 1411 3501 et
1431 3439 1466 3495 rt?

223 3523 371 3594 surrexit
399 3545 461 3614 pro
489 3524 600 3607 nobis,
630 3525 704 3614 ipse
727 3526 791 3595 erit
816 3526 1005 3595 vobiscum.
1030 3531 1071 3596 Ut
1098 3528 1237 3616 sapiens
1260 3525 1407 3614 quidem,
1424 3497 1466 3624 roal

222 3633 362 3684 servans
384 3635 405 3682 a
430 3612 602 3705 maligno:
622 3626 660 3684 ut
676 3615 842 3683 Dominus
866 3627 993 3696 autem,
1015 3614 1057 3684 ad
1084 3635 1183 3684 suam
1205 3631 1403 3684 conservans
1424 3627 1437 3668 t

222 3701 407 3784 luntatem;
434 3714 473 3772 ut
504 3714 600 3792 pater
621 3723 709 3784 vero,
729 3704 759 3773 si
785 3703 869 3772 forte
893 3704 1069 3783 aberretis,
1091 3705 1238 3796 benigne
1259 3721 1420 3774 revocans.

221 3791 421 3879 spiritaliter
435 3791 536 3861 ulnas
565 3791 661 3862 vobis
686 3792 882 3862 extendens.
906 3796 947 3862 Ut
962 3805 1075 3862 autem
1096 3793 1156 3880 qui
1181 3816 1216 3862 se
1243 3788 1445 3883 pronubis:

224 3894 367 3950 mortem
392 3879 582 3958 tradiderit,
614 3881 798 3951 roseriam
827 3881 914 3950 inter
939 3902 997 3950 vos
1025 3882 1170 3952 invicem
1199 3883 1378 3981 conjunget
1402 3893 1454 3967 co·

220 3968 354 4050 cordia,
380 3981 414 4038 et
440 3969 574 4050 alliciet,
608 3982 647 4040 ut
670 3971 745 4039 sitis
769 3991 877 4039 unum
905 3970 1006 4060 patri.
1037 3969 1219 4040 sectemini
1247 3967 1424 4040 bumilitate

221 4058 344 4128 servite
378 4057 615 4138 obedientiae,
649 4071 760 4128 amate
790 4058 1074 4148 hospitalitatem,
1100 4061 1297 4152 jejunium,
1321 4052 1422 4146 vigilia

222 4159 469 4236 paupertatem,
487 4158 519 4215 et
535 4147 625 4234 quod
646 4160 697 4216 ast
722 4147 873 4238 primum
898 4160 931 4217 et
949 4149 1137 4218 maximum
1158 4158 1380 4239 praeceptum,
1397 4137 1455 4225 cll.

223 4234 369 4304 ritatem.
388 4241 481 4318 Quae
506 4235 549 4304 ad
570 4237 725 4320 pietatem
753 4236 935 4326 pertinent,
969 4251 1058 4306 recte
1086 4251 1208 4308 tenete.
1235 4233 1430 4325 Haereticam

221 4324 351 4392 zizania
378 4335 512 4392 cavete:
539 4347 559 4393 a
584 4337 691 4394 matrs
719 4338 828 4395 vestra
858 4324 1008 4396 Ecclesia
1038 4327 1180 4396 minime
1209 4321 1410 4418 separemini.

222 4411 307 4481 haec
330 4413 446 4481 omnia
469 4411 629 4495 faceritis,
648 4414 743 4484 eritis
758 4415 881 4486 virtute
900 4415 1051 4506 perlecti.
1076 4439 1093 4484 a
