2960 4824
222 316 286 380 352
568 331 606 376 ns
631 331 658 376 s.
687 329 819 378 sosnsro
843 329 892 376 er.
920 327 1066 374 renecti.
1287 308 1363 374 ntt.
1388 307 1423 372 lb

179 417 416 488 confusionem
442 414 556 505 potius
580 415 685 484 vitare
710 413 883 494 noluisse,
909 433 1012 500 quarn
1039 412 1181 481 Domino
1231 432 1339 490 arere,
1360 409 1425 478 ideo

181 507 244 578 boc
258 506 406 577 voluisse
423 525 665 594 praesumere:
692 503 814 573 iterum
832 502 921 582 dien,
938 499 1029 592 quod
1054 499 1121 568 nisi
1139 433 1279 590 proidssi
1295 510 1325 568 et
1338 498 1425 568 verbo

180 607 213 666 et
236 593 488 685 conscriptione
512 591 656 676 fueritis,
683 593 777 662 eritis
796 589 991 661 homicidae
1015 589 1240 679 prohibendo.
1266 588 1355 658 Novit
1375 587 1428 656 boc

180 686 398 774 omnipotens
417 687 524 752 Deus:
544 681 636 751 norit
650 693 683 751 et
699 682 775 770 ejus
788 679 1004 770 Unigenitus,
1025 676 1299 748 inenarrabiliter
1314 675 1352 745 de
1367 675 1429 764 ipso

184 786 283 860 natus
303 772 408 850 tilius,
454 770 502 850 ui,
529 769 651 840 salutis
675 783 812 839 nostrae
831 771 948 850 cansa,
968 772 1055 836 Deus
1071 767 1299 858 sempiternae
1314 763 1430 834 virtutis

182 862 357 930 hominem
375 793 561 950 perlectum
580 857 705 941 induit,
729 858 799 948 pati
820 857 937 938 voluit,
965 867 1072 925 morte
1092 855 1325 946 triumphata,
1349 853 1432 922 tertia

181 949 236 1019 die
262 949 457 1028 resurrexit,
480 945 522 1016 ad
541 945 713 1016 dexteram
738 945 847 1016 Patris
870 946 975 1027 sedet,
1003 957 1167 1014 venturus
1186 944 1341 1033 judicare
1355 943 1433 1010 rivos

182 1050 392 1119 etmortuos;
413 1037 505 1105 norit
520 1047 552 1106 et
568 1035 717 1126 Spiritus
734 1039 898 1106 Sanctus:
918 1033 1012 1104 testis
1032 1045 1084 1102 est
1103 1033 1255 1103 Ecclesia
1270 1031 1430 1104 catholica.

183 1149 270 1216 quae
295 1126 345 1196 sio
363 1125 563 1196 confitetur:
590 1125 671 1211 quia
697 1145 764 1194 non
792 1145 855 1214 ego
879 1124 913 1192 in
940 1144 994 1192 me
1014 1143 1094 1192 reus
1121 1144 1191 1204 ero,
1214 1121 1271 1194 scd
1297 1142 1363 1202 ros,
1386 1115 1433 1206 qui

183 1237 364 1287 conservos
389 1235 483 1284 meos
507 1214 699 1284 necessaria
730 1214 983 1283 ministraturos
1006 1210 1190 1300 probibere
1223 1210 1383 1282 voluistis.
1406 1209 1434 1274 tt

185 1305 214 1375 si
237 1305 302 1375 boc
327 1301 526 1395 putaveritis
545 1323 605 1372 ros
628 1303 751 1372 debere
769 1314 1011 1380 contemnere,
1034 1319 1101 1369 non
1127 1300 1227 1387 quasi
1254 1311 1387 1370 mortem
1405 1295 1434 1364 ti·

188 1407 346 1475 mentem,
363 1393 418 1464 sed
439 1413 480 1460 ne
501 1403 577 1480 post
588 1411 765 1460 excessum
782 1411 895 1460 meum
913 1389 1048 1470 dicatis,
1069 1410 1124 1458 me
1142 1387 1331 1459 voluntaria
1346 1397 1435 1456 morte

184 1482 273 1551 crire
298 1481 471 1560 voluisse,
503 1493 534 1548 et
562 1478 749 1567 quamdam
777 1479 872 1549 robis
907 1475 1068 1548 nebulam
1105 1477 1338 1548 excusationis
1362 1477 1434 1542 inre·
1479 1522 1480 1559 3

188 1570 306 1654 matis,
333 1581 581 1640 conventurum
609 1589 662 1636 me
686 1567 804 1638 scitote
827 1567 1014 1646 ecclesias,
1041 1587 1129 1652 quas
1153 1566 1297 1637 clausus
1320 1561 1434 1659 interint
1478 1609 1479 1628 2

186 1659 306 1729 litteris
327 1659 454 1748 possim
478 1657 680 1748 pertingere,
703 1663 953 1727 conventurum
979 1667 1011 1724 et
1028 1655 1083 1724 Dei
1103 1676 1231 1735 servos,
1251 1667 1290 1726 nt
1312 1655 1345 1723 in
1370 1654 1436 1740 ipss

186 1747 484 1826 concurrentibus,
511 1745 604 1815 orbis
629 1759 810 1828 terrarum,
837 1743 920 1832 quid
941 1744 1027 1814 fides
1044 1744 1188 1833 integra,
1209 1765 1301 1831 quae
1320 1743 1360 1812 ab
1375 1739 1436 1810 uni-

188 1837 292 1908 versis
307 1819 486 1906 catholicis
506 1834 684 1924 Episcopis
696 1835 917 1924 comprobata
934 1847 985 1902 est
997 1833 1041 1902 ab
1058 1833 1280 1903 hriomanitis
1297 1831 1434 1922 patiatur.

186 1947 271 2014 quos
298 1939 376 1994 ante
399 1924 586 2004 damnavit,
606 1923 713 2012 possit
739 1944 934 2014 agnoscere.
954 1927 1037 1990 ltem
1065 1920 1259 2011 subscripsi
1279 1942 1340 2010 ego
1356 1923 1436 1988 Ense·

189 2014 266 2084 bius
283 2015 484 2104 Episcopus.
1476 2074 1477 2078 ,

230 2105 248 2190 ἓ
273 2105 336 2176 ΙΙ.
364 2101 489 2192 Adjuro
514 2111 545 2170 te
568 2100 627 2186 qui
654 2099 715 2170 has
740 2098 869 2168 litteras
889 2099 1024 2190 legeris,
1069 2120 1106 2168 er
1121 2105 1269 2180 Patrem,
1290 2096 1401 2167 Filium
1416 2103 1437 2160 et
1472 2150 1476 2163 .

189 2192 352 2281 Spiritum
373 2195 547 2270 Sanctum,
566 2203 686 2258 utnon
710 2187 998 2276 supprimas,sed
1020 2119 1098 2258 aliis
1116 2188 1282 2279 legendas
1298 2184 1411 2257 trudas.
1474 2192 1475 2198 ’

231 2282 337 2367 §st
366 2279 406 2347 Hi
424 2295 505 2367 ergo
526 2277 577 2346 vix
594 2289 715 2364 quarta
732 2276 787 2346 die
803 2275 844 2346 ad
864 2275 956 2346 hune
974 2275 1128 2346 libellum
1149 2277 1310 2368 mitigati,
1323 2273 1437 2364 jejunos
1474 2307 1475 2330 t

187 2367 229 2436 ad
249 2367 463 2458 hospitium,
486 2366 519 2432 in
546 2387 615 2452 quo
641 2386 904 2446 manseramus,
933 2378 1098 2435 revertere
1115 2386 1177 2435 nos
1200 2364 1435 2457 compulerunt.
1472 2393 1476 2445 t

189 2455 354 2526 Viderunt
376 2456 411 2524 in
445 2466 556 2533 terra,
589 2453 881 2541 quomadmodum
909 2475 971 2522 nos
1002 2466 1205 2524 revertentes
1234 2452 1437 2544 populicum
1470 2458 1475 2469 “

190 2544 316 2634 gaudio
330 2554 567 2633 susceperunt.
585 2543 748 2612 Lucernis
763 2555 917 2612 nostrum
936 2541 1124 2632 hospitium
1144 2542 1436 2612 circumdederunt

191 2634 384 2723 tjocpimus,
416 2643 588 2701 annuente
617 2631 771 2712 Domino,
801 2631 924 2700 iterum
950 2630 1131 2721 egentibus
1157 2632 1363 2702 ministrare.
1385 2631 1438 2696 Non
1472 2648 1473 2654 ¹

193 2723 257 2792 boc
274 2721 439 2792 sustinuit
464 2720 617 2809 ipsorum
640 2719 887 2804 inhumanitas,
914 2731 947 2789 et
964 2732 1118 2790 nostrum
1139 2741 1292 2790 amorem
1309 2721 1342 2790 in
1358 2733 1438 2786 suun

189 2810 307 2880 odium
327 2809 560 2898 perviderunt.
584 2807 642 2877 Vix
657 2807 726 2878 lere
750 2809 869 2899 viginti
890 2821 923 2878 et
946 2809 1100 2898 quinque
1117 2808 1262 2880 tolerare
1280 2811 1440 2899 potuerunt

192 2899 277 2968 dies.
301 2903 496 2988 Erumpunt
518 2897 644 2978 denuo,
670 2908 702 2965 et
726 2918 804 2966 cum
833 2898 962 2986 perdita
990 2897 1177 2968 multorum
1203 2919 1311 2968 manu
1335 2895 1372 2966 ed
1394 2911 1440 2960 no·

191 3001 299 3056 strum
332 2985 518 3074 hospitium
545 2987 712 3066 veniunt,
743 2986 864 3055 armati
891 2986 1066 3068 fustibus,
1092 3007 1153 3076 per
1177 2985 1293 3058 aliena
1314 2985 1441 3055 claustra

193 3075 355 3164 parietem
374 3085 552 3164 rumpunt,
571 3072 661 3142 etad
680 3095 741 3142 nos
757 3073 918 3146 violentes
938 3075 1150 3176 perveniunt.
1168 3080 1297 3147 lterum
1311 3072 1438 3164 rapiunt.

191 3179 224 3233 et
241 3165 274 3232 in
294 3164 430 3233 arctiori
447 3162 602 3232 custodia
628 3185 707 3232 cum
730 3161 802 3232 solo
826 3165 1007 3234 carissimo
1030 3165 1174 3254 Tegrinn
1193 3164 1295 3254 presb
1321 3175 1383 3233 tero
1403 3175 1440 3226 re·

192 3252 350 3324 cludunt.
377 3257 514 3322 Nostros
530 3273 666 3408 quopue
690 3249 823 3332 fratres,
851 3252 883 3323 id
909 3265 971 3333 est,
994 3254 1210 3343 presbyteros
1233 3267 1267 3324 et
1290 3186 1438 3322 diacones,

193 3363 314 3411 omnes
334 3342 474 3431 rapiunt
497 3352 529 3408 et
553 3341 608 3408 inc
626 3339 748 3410 udunt.
772 3345 850 3410 Post
865 3341 1018 3411 triduum
1038 3355 1202 3432 potestate
1221 3364 1285 3412 sua
1310 3362 1364 3431 per
1384 3336 1440 3428 loct
1470 3373 1471 3394 2

192 3432 326 3500 diversa
346 3431 378 3499 in
398 3427 557 3498 exsilium
578 3429 727 3498 mittunt.
747 3427 837 3499 Alios
854 3427 985 3510 iratres,
997 3431 1057 3517 qui
1074 3431 1115 3500 ad
1136 3451 1198 3502 nos
1215 3440 1370 3500 venerant
1385 3422 1441 3490 visi·

195 3519 328 3598 tandos,
363 3519 396 3586 in
428 3537 564 3586 carcere
591 3518 729 3606 publico
755 3517 914 3600 mittunt,
942 3541 1001 3608 per
1030 3519 1199 3609 plurimos
1217 3520 1293 3590 dies
1315 3515 1440 3588 reclusos

193 3620 321 3677 tonent.
340 3605 542 3676 Advolantes
567 3606 689 3676 iterum
710 3606 751 3675 ad
770 3607 970 3696 hospitium,
992 3609 1121 3690 omnia,
1140 3621 1303 3694 quaeant
1320 3608 1351 3676 in
1367 3617 1440 3673 sum·

194 3707 267 3854 pto,
288 3707 347 3764 ant
365 3695 577 3784 pauperibus
590 3693 726 3764 fuerant
740 3708 951 3854 comparata,
971 3695 1127 3767 diruunt.
1146 3697 1209 3767 Sed
1227 3698 1308 3785 quia
1324 3695 1380 3765 boc
1393 3707 1440 3778 pu·

220 3784 323 3854 licum
342 3785 497 3872 ipsorum
515 3781 650 3854 facinus
664 3784 707 3852 ab
722 3784 815 3854 omni
843 3809 886 3856 us
901 3785 1036 3856 civibus
1051 3787 1245 3867 notabatur,
1266 3785 1439 3876 argumento

194 3874 259 3943 boc
281 3873 334 3942 usi
352 3887 445 3954 sunt,
468 3885 506 3942 ut
525 3872 639 3959 aliqua
661 3872 842 3942 redderent
864 3874 1001 3956 leviora,
1021 3887 1108 3946 etse
1134 3875 1235 3945 nobis
1255 3887 1360 3944 nostra
1382 3861 1439 3935 red·

195 3961 325 4032 didisse
337 3961 517 4051 jactarent.
538 3963 619 4030 Sum
649 3973 704 4031 tus
720 3983 797 4032 vero
814 3962 905 4053 apud
923 3985 959 4034 se
975 3973 1176 4034 tenuerunt:
1194 3976 1227 4033 et
1244 3974 1316 4055 post
1331 3967 1437 4047 tanturn

196 4050 544 4150 scelusquaerebant,
561 4049 601 4150 'si
619 3983 692 4119 lieri
721 4051 839 4140 possit,
867 4051 916 4122 sic
942 4075 1078 4144 negare,
1098 4064 1136 4121 ut
1156 4052 1289 4122 nullum
1313 4049 1351 4118 de
1372 4056 1437 4112 me¹⁵

197 4139 240 4208 ad
258 4162 312 4208 me
327 4159 443 4208 ventre
460 4150 705 4226 permitterent,
723 4141 782 4225 qui
800 4161 897 4210 escas
917 4144 1052 4230 corpori
1070 4141 1279 4211 necessarias
1294 4136 1435 4208 alienent·

196 4228 256 4296 Vix
273 4241 364 4297 sexta
379 4226 435 4296 dia
453 4225 685 4296 clamantibus
698 4228 763 4297 sibi
780 4228 936 4310 dirersis,
953 4251 1061 4298 unum
1082 4229 1197 4299 venire
1216 4225 1434 4320 permiserunt:

197 4328 363 4401 quantum
380 4315 421 4384 ad
440 4335 475 4384 se
492 4313 568 4396 luit,
583 4315 1012 4388 ostenderunthomicidae
1025 4317 1178 4390 animos:
1198 4340 1294 4406 quern
1311 4312 1432 4404 primunt

197 4405 267 4490 (ne
293 4425 312 4470 a
334 4403 548 4494 malignitate
570 4406 765 4496 cessarent)
789 4419 911 4494 quarta
935 4406 991 4476 die
1007 4406 1225 4478 dimiserunt.
1247 4393 1432 4476 Postmodum
