2994 4832
51 295 103 360 tttt
132 298 151 360 5
205 293 208 298 “
411 313 449 358 nc
472 313 500 360 s.
526 313 603 359 sxax
627 313 700 359 aaa.
727 314 765 360 ur
788 313 880 361 conr.
1176 299 1239 363 tt‘s

49 399 140 468 lanam
156 394 417 472 confluxissent:
431 419 449 462 e
463 395 574 466 Abbas
592 409 718 478 noster,
737 396 902 479 dicentes,
922 397 1043 467 obiens
1063 399 1280 482 solitudines,

46 503 137 574 raptus
154 486 252 554 luita
272 484 365 566 lera3
384 508 402 552 s
425 499 458 554 et
480 487 529 554 sic
546 486 764 556 induxissent
780 507 849 568 eos,
869 487 1017 574 quierat
1042 489 1158 559 minus
1185 511 1282 578 prae·

43 577 85 644 diti
99 575 229 654 ratione,
255 587 289 642 et
311 575 534 644 accessissent
557 575 600 644 ad
617 575 863 656 Patriarcbam,
883 576 985 644 etiam
1007 575 1149 646 ubinam
1169 577 1285 667 gravis

41 665 80 733 bic
93 687 183 734 casus
197 663 382 733 accidisset
405 661 490 734 lalso
505 662 686 754 adjiciunt.
714 667 782 732 «ln
802 663 989 734 solitudine
1004 665 1111 746 enim,
1132 666 1282 756 ajebant,

38 754 132 822 ttortui
149 753 253 822 maris
277 752 344 821 fuit
367 752 550 822 devoratus
573 752 719 822 alcone.
737 775 755 818 n
776 757 846 822 Hoc
871 774 950 822 vero
975 753 1023 823 sic
1048 753 1220 832 dicebant,
1244 768 1283 825 ut

36 841 155 928 quodab
168 841 218 910 eis
231 841 352 912 fiotum
368 854 451 922 erat,
471 840 644 912 videretur
661 841 887 932 probabilius.
911 842 1040 912 Deinde
1056 844 1157 912 etiam
1179 864 1284 931 quae-

33 932 129 1000 rebant
147 929 313 1018 aliquem,
335 931 394 1016 qui
420 943 507 1001 esset
526 931 576 1000 eis
608 930 840 1020 praefuturus.
869 929 930 1000 llle
954 944 1081 1012 autem,
1108 932 1167 1020 qui
1195 932 1282 1003 nihil

32 1033 133 1088 temere
151 1033 182 1089 et
204 1018 460 1089 inconsiderate
488 1041 599 1106 neque
622 1019 735 1088 dicere
759 1018 947 1100 didicerat,
980 1041 1092 1107 neque
1110 1021 1197 1091 alios
1221 1043 1281 1090 au·

29 1109 109 1189 dire;
131 1121 162 1178 et
182 1108 316 1195 alioqui
341 1110 448 1177 Sabae
472 1109 537 1178 vito
564 1107 678 1196 qualis
704 1120 828 1177 esseta
855 1131 973 1198 puero,
997 1131 1064 1178 non
1086 1109 1278 1201 ignorabat,

27 1211 53 1266 et
69 1197 147 1284 quod
163 1196 294 1266 dictum
314 1195 425 1266 fuerat
441 1198 564 1267 mentis
574 1197 709 1288 judicio
727 1197 967 1286 permittebat:
995 1220 1013 1264 tt
1033 1199 1095 1268 Sed
1116 1222 1181 1270 non
1205 1220 1282 1289 pos-

27 1309 105 1366 sum,
122 1287 240 1372 inquit,
258 1307 324 1374 ego
338 1285 438 1356 focile
457 1286 606 1368 credere,
626 1286 716 1374 quod
736 1286 868 1356 dictum
886 1301 947 1356 ost.
975 1287 1051 1356 Soio
1065 1289 1171 1368 enim,
1188 1287 1281 1375 quod

27 1397 93 1444 oum
112 1377 150 1445 sit
168 1379 258 1446 [teus
275 1375 408 1466 justus,
436 1387 468 1445 et
482 1376 652 1464 justitiam
674 1374 808 1464 diligat,
832 1388 869 1444 ut
891 1375 976 1445 dicit
995 1389 1135 1447 sauctus
1160 1377 1278 1457 David,

27 1485 82 1532 non
109 1465 154 1534 sic
180 1464 318 1533 dimisit
347 1485 482 1532 servum
514 1485 617 1534 suum
639 1463 794 1533 devorari
812 1485 831 1533 a
852 1465 981 1534 bestiis.
1002 1465 1096 1534 lbite
1119 1487 1201 1557 ergo
1221 1487 1280 1535 ves

27 1553 122 1641 potius
136 1553 175 1622 ad
194 1553 294 1622 illum
314 1553 549 1640 quaerendum
569 1575 576 1618 ε
604 1567 663 1622 aut
678 1554 707 1622 si
724 1553 820 1623 vobis
838 1553 983 1635 videtur,
1006 1567 1201 1644 exspectare
1216 1553 1281 1623 eli-

25 1642 211 1727 quantulum
237 1643 416 1731 temporis,
443 1640 551 1712 donec
572 1646 660 1712 oeus
678 1642 777 1712 uobis
793 1641 835 1711 de
853 1663 894 1712 eo
914 1643 1094 1732 aperiat.»
1120 1647 1203 1713 Cum
1230 1643 1280 1713 illi

26 1751 95 1820 ergo
109 1731 190 1800 sica
211 1749 316 1820 scopo
338 1731 554 1812 excidissent,
574 1743 607 1800 et
624 1732 741 1801 vacuis
759 1732 921 1802 manibus
937 1731 1165 1814 revertissent,
1183 1733 1281 1820 quie-

26 1832 130 1888 verunt
144 1820 176 1888 in
198 1820 405 1910 praesentia.

63 1910 171 1994 ξπ.
197 1913 281 1978 Cum
307 1920 422 1978 autem
448 1908 641 1978 advenisset
670 1907 744 1980 dies
766 1908 880 1981 festus
902 1907 1149 1990 dedicationis,
1188 1911 1280 1979 venit

31 1996 166 2079 quidem,
200 2011 239 2067 ut
266 1996 419 2078 solebat,
455 1997 574 2067 beatus
605 1998 711 2068 Sabas
747 1999 781 2066 in
808 2011 961 2067 sanctam
995 1999 1164 2070 civitatem
1198 2019 1278 2066 cum

35 2084 211 2168 quibusdam
247 2085 328 2156 aliis
352 2085 516 2156 fratribus
545 2086 766 2168 monosterii,
792 2087 884 2173 quod
913 2087 957 2156 ab
990 2108 1029 2157 eo
1053 2085 1277 2157 constitutum

35 2171 296 2266 lueratllicopoli.
324 2178 406 2244 Cum
425 2197 503 2261 tero
519 2197 599 2244 eum
625 2176 765 2245 vidisset
793 2177 995 2266 Episcopus
1021 2188 1054 2245 et
1082 2175 1277 2265 quodcum

35 2274 151 2357 praeter
166 2283 250 2353 spem
278 2263 432 2346 vidisset,
459 2263 578 2334 luisset
616 2264 720 2334 audio
740 2264 902 2354 repletus,
928 2279 960 2334 et
984 2265 1026 2335 de
1046 2265 1106 2335 illo
1123 2264 1224 2354 longo
1247 2275 1280 2332 et

35 2362 182 2438 insperato
196 2353 309 2422 reditu
332 2364 420 2423 esset
436 2375 515 2422 cum
534 2374 574 2422 eo
593 2287 745 2436 bemus,
772 2375 851 2423 eum
881 2353 1006 2424 deinde
1030 2353 1161 2444 accepit
1185 2373 1278 2422 scor·

31 2459 110 2518 sum,
132 2453 158 2508 et
179 2442 313 2542 rogavit
334 2453 373 2510 ut
398 2441 441 2512 ad
469 2463 568 2511 suam
594 2462 717 2513 rursus
741 2441 867 2512 rediret
888 2447 1047 2524 Lamiam,
1079 2457 1112 2514 et
1136 2463 1203 2510 non
1230 2439 1279 2510 sic

25 2539 137 2598 rectore
150 2530 349 2602 destitutam
374 2551 448 2599 eam
472 2529 733 2617 derelinqueret.
755 2535 800 2600 Eo
824 2543 937 2600 autem
957 2543 1098 2621 rogante
1121 2545 1161 2601 ut
1181 2532 1278 2620 igno·

20 2631 112 2687 sceret
132 2618 372 2777 §nequeenim
397 2640 433 2688 se
464 2639 564 2710 posse
584 2631 650 2688 tam
678 2618 867 2692 multorum
894 2620 1044 2702 virorum
1076 2641 1194 2690 curam
1222 2640 1279 2709 ge·

17 2711 102 2790 rere),
127 2709 184 2778 ile
219 2729 290 2778 non
316 2707 472 2778 cessabat
494 2709 622 2778 instare
645 2719 677 2776 et
714 2707 1014 2778 obsecrantum
1050 2731 1127 2778 veru
1151 2707 1279 2777 videret

16 2799 123 2866 Sabain
150 2798 266 2887 magis
282 2797 451 2878 resistere,
472 2809 505 2866 et
529 2817 745 2887 nequaquam
771 2795 903 2876 cedere,
925 2795 981 2866 ille
1006 2797 1090 2868 baec
1110 2819 1211 2900 aegre
1227 2795 1276 2866 fe·

12 2905 91 2968 rens,
116 2899 148 2957 et
176 2883 341 2957 nonnihil
366 2885 468 2954 etiam
497 2907 537 2954 ex
565 2907 627 2962 suo
657 2897 850 2954 commotus
874 2884 998 2955 officio:
1018 2886 1114 2956 «Sed
1141 2911 1169 2956 sx
1196 2907 1276 2969 non,

11 2973 119 3064 inquit,
150 2975 332 3045 audireris
358 2973 449 3044 hanc
474 2995 585 3043 meam
612 2975 833 3062 petitionem,
863 2995 931 3044 non
958 2975 1073 3046 venies
1098 2975 1182 3045 mihi
1203 2997 1279 3045 om-

9 3063 89 3220 aius
105 3067 139 3134 in
166 3075 410 3153 conspectum.
436 3067 507 3134 Non
524 3083 674 3220 Xossum
693 3059 786 3132 enini
811 3062 910 3144 serre,
935 3062 1021 3134 alios
1046 3063 1113 3131 lrui
1140 3065 1206 3132 tuis
1231 3063 1279 3132 la-

44 3155 186 3224 ribus.»
213 3158 301 3222 Cum
319 3152 368 3222 sio
384 3164 498 3222 autem
550 3151 666 3222 ixisset
693 3151 907 3230 Patriaroba,
937 3151 1110 3241 pollicitus
1137 3151 1278 3242 quidem

8 3255 46 3308 est
69 3265 103 3311 se
119 3241 245 3331 jussui
266 3239 361 3310 illius
378 3261 454 3310 esse
479 3261 681 3311 cessurum:
710 3261 752 3310 nc
780 3261 856 3308 vero
882 3240 915 3308 in
942 3241 1078 3330 negotia
1102 3253 1134 3308 et
1161 3239 1280 3308 turbas

8 3350 34 3396 se
50 3353 172 3403 rursus
187 3330 387 3418 conjiceret,
406 3328 533 3398 malam
555 3328 795 3398 seditiosorum
815 3342 962 3398 mentem
981 3329 1117 3416 cogitur
1132 3328 1276 3428 aperire.

7 3419 193 3489 Patriarclra
222 3432 338 3488 autem
365 3419 523 3508 protinus
547 3419 712 3488 excitatus
743 3417 784 3487 ad
816 3418 848 3486 ei
873 3415 1051 3486 ferendum
1084 3415 1276 3494 auxilium,

7 3507 76 3577 haec
101 3509 233 3580 scribit
252 3507 429 3578 monachis
454 3511 602 3577 Laurae:
625 3511 738 3589 «Vos,
764 3506 919 3593 quiestis
938 3505 1059 3576 iratres
1080 3506 1114 3574 in
1133 3503 1276 3584 Cltristo,

8 3599 80 3666 scire
95 3599 188 3680 volo,
220 3609 352 3686 patrem
373 3607 541 3678 nostrum,
569 3617 636 3665 non
654 3607 692 3664 ut
711 3617 729 3663 a
748 3595 844 3665 vobis
860 3594 1017 3664 auditum
1037 3593 1158 3674 luerat,
1175 3591 1281 3692 luisse

9 3687 156 3758 abestiis
181 3697 450 3774 consumptum:
477 3684 534 3753 sed
561 3705 638 3752 eum
662 3684 775 3753 adbuc
804 3686 935 3764 vivere,
962 3697 994 3753 et
1013 3705 1088 3752 esse
1112 3693 1280 3770 superstr-

9 3787 72 3854 tem,
93 3789 126 3846 et
153 3775 199 3846 ad
238 3795 303 3842 nos
328 3774 459 3843 venisse
487 3772 529 3842 ad
556 3773 692 3842 festum.
726 3777 796 3864 Ego
823 3795 901 3843 vero
924 3795 1001 3842 eum
1028 3770 1182 3852 detinui,
1210 3791 1278 3840 nun

10 3881 140 3951 aequum
169 3885 254 3934 esse
269 3883 424 3944 censens,
451 3873 489 3930 ut
513 3862 585 3951 ipse
602 3867 746 3931 Lauram
774 3861 957 3949 relinquat,
977 3881 1081 3947 quam
1104 3860 1177 3930 suis
1196 3880 1278 3929 con-

12 3955 113 4023 struxit
137 3950 342 4024 laboribus.
368 3955 527 4040 Prompto
541 3972 622 4052 ergo
646 3964 678 4020 et
701 3950 806 4020 alacri
824 3952 940 4020 animo
965 3971 1023 4020 vos
1038 3971 1117 4019 eum
1136 3971 1187 4031 eo,
1207 3971 1276 4035 quo

14 4059 56 4125 tar
76 4055 139 4122 est,
160 4042 302 4112 bonore
318 4038 492 4127 suscipite,
515 4051 547 4109 et
563 4061 593 4108 er
617 4039 781 4110 omnibus
806 4039 918 4109 modis
937 4039 1057 4108 cedite,
1078 4039 1136 4107 Sin
1162 4052 1276 4108 autem

16 4147 72 4200 unt
95 4132 209 4218 aliqui
240 4126 339 4216 apud
370 4147 425 4194 tos
448 4141 657 4218 arrogantes
684 4143 973 4220 contumacesque
997 4142 1028 4198 et
1053 4127 1206 4217 superbi,
1245 4138 1278 4195 et

18 4223 75 4289 eei
96 4220 269 4290 nolentes
284 4215 492 4299 submittere,
508 4239 570 4286 nos
585 4239 642 4286 eos
662 4217 828 4305 jubemus
852 4219 1112 4306 quamprimum
1132 4239 1151 4286 a
1168 4222 1278 4285 Laura

20 4311 312 4394 assumensque
338 4302 428 4372 enim
450 4319 499 4376 est
522 4306 803 4397 permittendum,
831 4329 922 4388 eum,
947 4306 1059 4378 locum
1087 4327 1189 4376 suum
1209 4325 1277 4374 uon

20 4399 153 4488 ccipere.
177 4421 197 4462 o
