<?xml version="1.0" encoding="UTF-8"?>
<!DOCTYPE html PUBLIC "-//W3C//DTD XHTML 1.0 Transitional//EN"
    "http://www.w3.org/TR/xhtml1/DTD/xhtml1-transitional.dtd">
<html xmlns="http://www.w3.org/1999/xhtml" xml:lang="en" lang="en">
 <head>
  <title>
</title>
<meta http-equiv="Content-Type" content="text/html;charset=utf-8" />
  <meta name='ocr-system' content='tesseract 3.04.00' />
  <meta name='ocr-capabilities' content='ocr_page ocr_carea ocr_par ocr_line ocrx_word'/>
</head>
<body>
  <div class='ocr_page' id='page_1' title='image "./historiaeseuvit00lippgoog_0652.png"; bbox 0 0 2932 4812; ppageno 0'>
   <div class='ocr_carea' id='block_1_1' title="bbox 247 181 278 212">
    <p class='ocr_par' dir='ltr' id='par_1_1' title="bbox 247 181 278 212">
     <span class='ocr_line' id='line_1_1' title="bbox 247 181 278 212; baseline 0 0"><span class='ocrx_word' id='word_1_1' title='bbox 247 181 278 212; x_wconf 67' lang='grc'>’4</span> 
     </span>
    </p>
   </div>
   <div class='ocr_carea' id='block_1_2' title="bbox 3 295 1224 366">
    <p class='ocr_par' dir='ltr' id='par_1_2' title="bbox 3 295 1224 366">
     <span class='ocr_line' id='line_1_2' title="bbox 3 295 1224 366; baseline 0.008 -10"><span class='ocrx_word' id='word_1_2' title='bbox 3 298 74 359; x_wconf 73' lang='lat' dir='ltr'>tEti.</span> <span class='ocrx_word' id='word_1_3' title='bbox 109 295 147 359; x_wconf 89' lang='grc'>31</span> <span class='ocrx_word' id='word_1_4' title='bbox 190 337 195 346; x_wconf 86' lang='lat'>·</span> <span class='ocrx_word' id='word_1_5' title='bbox 314 315 354 361; x_wconf 84' lang='lat' dir='ltr'>ur</span> <span class='ocrx_word' id='word_1_6' title='bbox 378 317 405 361; x_wconf 90' lang='lat' dir='ltr'>s.</span> <span class='ocrx_word' id='word_1_7' title='bbox 434 315 608 362; x_wconf 81' lang='lat' dir='ltr'>srurcsrno</span> <span class='ocrx_word' id='word_1_8' title='bbox 632 313 712 362; x_wconf 79' lang='lat' dir='ltr'>aare</span> <span class='ocrx_word' id='word_1_9' title='bbox 736 317 773 362; x_wconf 85' lang='lat' dir='ltr'>rr</span> <span class='ocrx_word' id='word_1_10' title='bbox 797 313 947 364; x_wconf 81' lang='lat' dir='ltr'>conrrss.</span> <span class='ocrx_word' id='word_1_11' title='bbox 1161 303 1224 366; x_wconf 82' lang='lat'>595</span> 
     </span>
    </p>
   </div>
   <div class='ocr_carea' id='block_1_3' title="bbox 2 397 1267 4392">
    <p class='ocr_par' dir='ltr' id='par_1_3' title="bbox 2 397 1267 1622">
     <span class='ocr_line' id='line_1_3' title="bbox 3 397 1267 492; baseline 0.006 -27"><span class='ocrx_word' id='word_1_12' title='bbox 3 399 181 484; x_wconf 88' lang='lat' dir='ltr'>nicuique</span> <span class='ocrx_word' id='word_1_13' title='bbox 205 397 349 468; x_wconf 88' lang='lat' dir='ltr'>salutem</span> <span class='ocrx_word' id='word_1_14' title='bbox 377 413 536 489; x_wconf 77' lang='lat' dir='ltr'><strong>procurat</strong></span> <span class='ocrx_word' id='word_1_15' title='bbox 560 401 740 480; x_wconf 85' lang='lat' dir='ltr'>Dominus,</span> <span class='ocrx_word' id='word_1_16' title='bbox 762 400 877 469; x_wconf 91' lang='lat' dir='ltr'>volens</span> <span class='ocrx_word' id='word_1_17' title='bbox 894 400 1013 469; x_wconf 90' lang='lat' dir='ltr'>sedare</span> <span class='ocrx_word' id='word_1_18' title='bbox 1031 411 1267 492; x_wconf 77' lang='lat' dir='ltr'>tempestatem</span> 
     </span>
     <span class='ocr_line' id='line_1_4' title="bbox 2 487 1264 579; baseline 0.007 -26"><span class='ocrx_word' id='word_1_19' title='bbox 2 503 8 553; x_wconf 90' lang='lat' dir='ltr'>t</span> <span class='ocrx_word' id='word_1_20' title='bbox 36 487 274 558; x_wconf 82' lang='lat' dir='ltr'>calamitatem</span> <span class='ocrx_word' id='word_1_21' title='bbox 293 488 349 567; x_wconf 91' lang='lat' dir='ltr'>iis,</span> <span class='ocrx_word' id='word_1_22' title='bbox 376 489 491 575; x_wconf 90' lang='lat' dir='ltr'>quiin</span> <span class='ocrx_word' id='word_1_23' title='bbox 514 490 628 579; x_wconf 90' lang='lat' dir='ltr'>ipsum</span> <span class='ocrx_word' id='word_1_24' title='bbox 654 488 812 571; x_wconf 89' lang='lat' dir='ltr'>credunt,</span> <span class='ocrx_word' id='word_1_25' title='bbox 838 502 870 558; x_wconf 88' lang='lat' dir='ltr'>et</span> <span class='ocrx_word' id='word_1_26' title='bbox 893 489 1027 558; x_wconf 87' lang='lat' dir='ltr'>efficere</span> <span class='ocrx_word' id='word_1_27' title='bbox 1049 504 1087 560; x_wconf 92' lang='lat' dir='ltr'>ut</span> <span class='ocrx_word' id='word_1_28' title='bbox 1112 491 1218 561; x_wconf 85' lang='lat' dir='ltr'>libere</span> <span class='ocrx_word' id='word_1_29' title='bbox 1231 505 1264 562; x_wconf 93' lang='lat' dir='ltr'>et</span> 
     </span>
     <span class='ocr_line' id='line_1_5' title="bbox 3 575 1266 672; baseline 0.006 -29"><span class='ocrx_word' id='word_1_30' title='bbox 3 577 192 644; x_wconf 86' lang='lat' dir='ltr'>cnliteuter</span> <span class='ocrx_word' id='word_1_31' title='bbox 208 597 244 645; x_wconf 91' lang='lat' dir='ltr'>se</span> <span class='ocrx_word' id='word_1_32' title='bbox 264 588 397 666; x_wconf 82' lang='lat' dir='ltr'>gereret</span> <span class='ocrx_word' id='word_1_33' title='bbox 421 577 539 667; x_wconf 88' lang='lat' dir='ltr'>pietas,</span> <span class='ocrx_word' id='word_1_34' title='bbox 561 575 650 646; x_wconf 90' lang='lat' dir='ltr'>malo</span> <span class='ocrx_word' id='word_1_35' title='bbox 670 577 786 648; x_wconf 86' lang='lat' dir='ltr'>ulcere</span> <span class='ocrx_word' id='word_1_36' title='bbox 805 579 882 648; x_wconf 88' lang='lat' dir='ltr'>lerit</span> <span class='ocrx_word' id='word_1_37' title='bbox 900 582 1144 668; x_wconf 89' lang='lat' dir='ltr'>Imperatorem</span> <span class='ocrx_word' id='word_1_38' title='bbox 1162 604 1181 649; x_wconf 94' lang='lat' dir='ltr'>a</span> <span class='ocrx_word' id='word_1_39' title='bbox 1208 603 1266 672; x_wconf 89' lang='lat' dir='ltr'>pe-</span> 
     </span>
     <span class='ocr_line' id='line_1_6' title="bbox 4 664 1264 760; baseline 0.003 -28"><span class='ocrx_word' id='word_1_40' title='bbox 4 667 89 733; x_wconf 89' lang='lat' dir='ltr'>ibus</span> <span class='ocrx_word' id='word_1_41' title='bbox 114 664 157 733; x_wconf 90' lang='lat' dir='ltr'>ad</span> <span class='ocrx_word' id='word_1_42' title='bbox 173 678 278 754; x_wconf 89' lang='lat' dir='ltr'>caput</span> <span class='ocrx_word' id='word_1_43' title='bbox 293 686 415 752; x_wconf 87' lang='lat' dir='ltr'>usque,</span> <span class='ocrx_word' id='word_1_44' title='bbox 440 679 472 736; x_wconf 92' lang='lat' dir='ltr'>et</span> <span class='ocrx_word' id='word_1_45' title='bbox 489 665 578 735; x_wconf 91' lang='lat' dir='ltr'>male</span> <span class='ocrx_word' id='word_1_46' title='bbox 594 667 625 735; x_wconf 91' lang='lat' dir='ltr'>ei</span> <span class='ocrx_word' id='word_1_47' title='bbox 642 667 801 736; x_wconf 81' lang='lat' dir='ltr'>allectum</span> <span class='ocrx_word' id='word_1_48' title='bbox 818 680 890 736; x_wconf 92' lang='lat' dir='ltr'>erat</span> <span class='ocrx_word' id='word_1_49' title='bbox 905 669 1105 737; x_wconf 85' lang='lat' dir='ltr'>universum</span> <span class='ocrx_word' id='word_1_50' title='bbox 1124 690 1264 760; x_wconf 90' lang='lat' dir='ltr'>corpus.</span> 
     </span>
     <span class='ocr_line' id='line_1_7' title="bbox 6 755 1265 846; baseline 0.006 -25"><span class='ocrx_word' id='word_1_51' title='bbox 6 755 16 821; x_wconf 90' lang='lat' dir='ltr'>i</span> <span class='ocrx_word' id='word_1_52' title='bbox 43 755 146 822; x_wconf 87' lang='lat' dir='ltr'>enim</span> <span class='ocrx_word' id='word_1_53' title='bbox 170 775 264 823; x_wconf 88' lang='lat' dir='ltr'>sacer</span> <span class='ocrx_word' id='word_1_54' title='bbox 289 757 432 824; x_wconf 78' lang='lat' dir='ltr'>morbus</span> <span class='ocrx_word' id='word_1_55' title='bbox 457 756 637 836; x_wconf 81' lang='lat' dir='ltr'>incubuit,</span> <span class='ocrx_word' id='word_1_56' title='bbox 664 770 696 824; x_wconf 89' lang='lat' dir='ltr'>et</span> <span class='ocrx_word' id='word_1_57' title='bbox 724 757 841 825; x_wconf 88' lang='lat' dir='ltr'>lloruit</span> <span class='ocrx_word' id='word_1_58' title='bbox 865 757 957 845; x_wconf 90' lang='lat' dir='ltr'>lepra</span> <span class='ocrx_word' id='word_1_59' title='bbox 985 779 1043 846; x_wconf 91' lang='lat' dir='ltr'>per</span> <span class='ocrx_word' id='word_1_60' title='bbox 1067 757 1265 829; x_wconf 89' lang='lat' dir='ltr'>universam</span> 
     </span>
     <span class='ocr_line' id='line_1_8' title="bbox 2 842 1265 937; baseline 0.006 -27"><span class='ocrx_word' id='word_1_61' title='bbox 2 865 143 911; x_wconf 84' lang='lat' dir='ltr'>arnam.</span> <span class='ocrx_word' id='word_1_62' title='bbox 169 842 339 912; x_wconf 77' lang='lat' dir='ltr'>Adversus</span> <span class='ocrx_word' id='word_1_63' title='bbox 362 864 466 930; x_wconf 87' lang='lat' dir='ltr'>quam</span> <span class='ocrx_word' id='word_1_64' title='bbox 494 866 603 930; x_wconf 87' lang='lat' dir='ltr'>neque</span> <span class='ocrx_word' id='word_1_65' title='bbox 628 844 736 913; x_wconf 90' lang='lat' dir='ltr'>valuit</span> <span class='ocrx_word' id='word_1_66' title='bbox 759 867 815 914; x_wconf 89' lang='lat' dir='ltr'>ars</span> <span class='ocrx_word' id='word_1_67' title='bbox 841 845 1065 927; x_wconf 90' lang='lat' dir='ltr'>medicorum,</span> <span class='ocrx_word' id='word_1_68' title='bbox 1086 868 1148 916; x_wconf 92' lang='lat' dir='ltr'>nec</span> <span class='ocrx_word' id='word_1_69' title='bbox 1167 869 1265 937; x_wconf 91' lang='lat' dir='ltr'>prae·</span> 
     </span>
     <span class='ocr_line' id='line_1_9' title="bbox 2 931 1266 1022; baseline 0.004 -22"><span class='ocrx_word' id='word_1_70' title='bbox 2 932 111 1020; x_wconf 78' lang='lat' dir='ltr'>ugiae</span> <span class='ocrx_word' id='word_1_71' title='bbox 138 943 170 1000; x_wconf 90' lang='lat' dir='ltr'>et</span> <span class='ocrx_word' id='word_1_72' title='bbox 199 931 354 1022; x_wconf 81' lang='lat' dir='ltr'>magicae</span> <span class='ocrx_word' id='word_1_73' title='bbox 378 941 469 1002; x_wconf 87' lang='lat' dir='ltr'>artes</span> <span class='ocrx_word' id='word_1_74' title='bbox 500 933 765 1003; x_wconf 87' lang='lat' dir='ltr'>incantatorum.</span> <span class='ocrx_word' id='word_1_75' title='bbox 794 933 877 1021; x_wconf 83' lang='lat' dir='ltr'>Ejus</span> <span class='ocrx_word' id='word_1_76' title='bbox 905 936 995 1003; x_wconf 91' lang='lat' dir='ltr'>enim</span> <span class='ocrx_word' id='word_1_77' title='bbox 1021 937 1210 1006; x_wconf 87' lang='lat' dir='ltr'>curationis</span> <span class='ocrx_word' id='word_1_78' title='bbox 1234 949 1266 1005; x_wconf 89' lang='lat' dir='ltr'>et</span> 
     </span>
     <span class='ocr_line' id='line_1_10' title="bbox 3 1019 1266 1112; baseline 0.005 -24"><span class='ocrx_word' id='word_1_79' title='bbox 3 1019 150 1088; x_wconf 86' lang='lat' dir='ltr'>unitatis</span> <span class='ocrx_word' id='word_1_80' title='bbox 174 1041 269 1108; x_wconf 89' lang='lat' dir='ltr'>spem</span> <span class='ocrx_word' id='word_1_81' title='bbox 294 1041 433 1090; x_wconf 90' lang='lat' dir='ltr'>omnem</span> <span class='ocrx_word' id='word_1_82' title='bbox 458 1021 677 1108; x_wconf 86' lang='lat' dir='ltr'>abjecerant,</span> <span class='ocrx_word' id='word_1_83' title='bbox 703 1034 736 1091; x_wconf 87' lang='lat' dir='ltr'>et</span> <span class='ocrx_word' id='word_1_84' title='bbox 761 1023 885 1092; x_wconf 91' lang='lat' dir='ltr'>medici</span> <span class='ocrx_word' id='word_1_85' title='bbox 915 1023 1123 1112; x_wconf 85' lang='lat' dir='ltr'>indigenae,</span> <span class='ocrx_word' id='word_1_86' title='bbox 1149 1037 1181 1094; x_wconf 89' lang='lat' dir='ltr'>et</span> <span class='ocrx_word' id='word_1_87' title='bbox 1204 1026 1266 1111; x_wconf 88' lang='lat' dir='ltr'>qui</span> 
     </span>
     <span class='ocr_line' id='line_1_11' title="bbox 2 1107 1266 1201; baseline 0.005 -25"><span class='ocrx_word' id='word_1_88' title='bbox 2 1109 86 1176; x_wconf 53' lang='lat' dir='ltr'>ructi</span> <span class='ocrx_word' id='word_1_89' title='bbox 111 1107 245 1177; x_wconf 81' lang='lat' dir='ltr'>fueraut</span> <span class='ocrx_word' id='word_1_90' title='bbox 268 1131 289 1178; x_wconf 87' lang='lat' dir='ltr'>a</span> <span class='ocrx_word' id='word_1_91' title='bbox 313 1108 473 1179; x_wconf 84' lang='lat' dir='ltr'>Perside·</span> <span class='ocrx_word' id='word_1_92' title='bbox 488 1115 572 1179; x_wconf 80' lang='lat' dir='ltr'>Cum</span> <span class='ocrx_word' id='word_1_93' title='bbox 597 1117 709 1179; x_wconf 83' lang='lat' dir='ltr'>auteur</span> <span class='ocrx_word' id='word_1_94' title='bbox 735 1112 779 1180; x_wconf 92' lang='lat' dir='ltr'>ab</span> <span class='ocrx_word' id='word_1_95' title='bbox 803 1112 852 1180; x_wconf 87' lang='lat' dir='ltr'>eis</span> <span class='ocrx_word' id='word_1_96' title='bbox 876 1111 1051 1200; x_wconf 90' lang='lat' dir='ltr'>deplorata</span> <span class='ocrx_word' id='word_1_97' title='bbox 1077 1126 1165 1182; x_wconf 89' lang='lat' dir='ltr'>esset</span> <span class='ocrx_word' id='word_1_98' title='bbox 1189 1115 1266 1201; x_wconf 85' lang='lat' dir='ltr'>ejus</span> 
     </span>
     <span class='ocr_line' id='line_1_12' title="bbox 2 1196 1267 1289; baseline 0.006 -26"><span class='ocrx_word' id='word_1_99' title='bbox 2 1197 138 1278; x_wconf 78' lang='lat' dir='ltr'>mentio,</span> <span class='ocrx_word' id='word_1_100' title='bbox 158 1196 350 1266; x_wconf 89' lang='lat' dir='ltr'>sacerdotes</span> <span class='ocrx_word' id='word_1_101' title='bbox 373 1198 467 1267; x_wconf 82' lang='lat' dir='ltr'>Iovis</span> <span class='ocrx_word' id='word_1_102' title='bbox 491 1197 534 1268; x_wconf 88' lang='lat' dir='ltr'>ad</span> <span class='ocrx_word' id='word_1_103' title='bbox 558 1220 638 1268; x_wconf 90' lang='lat' dir='ltr'>eum</span> <span class='ocrx_word' id='word_1_104' title='bbox 663 1201 832 1269; x_wconf 90' lang='lat' dir='ltr'>accedunt</span> <span class='ocrx_word' id='word_1_105' title='bbox 855 1222 894 1268; x_wconf 87' lang='lat' dir='ltr'>ex</span> <span class='ocrx_word' id='word_1_106' title='bbox 919 1201 1093 1289; x_wconf 74' lang='lat' dir='ltr'>Capitolio,</span> <span class='ocrx_word' id='word_1_107' title='bbox 1113 1202 1267 1272; x_wconf 89' lang='lat' dir='ltr'>dicentes</span> 
     </span>
     <span class='ocr_line' id='line_1_13' title="bbox 3 1285 1265 1380; baseline 0.006 -29"><span class='ocrx_word' id='word_1_108' title='bbox 3 1287 75 1363; x_wconf 85' lang='lat' dir='ltr'>bre,</span> <span class='ocrx_word' id='word_1_109' title='bbox 89 1298 128 1354; x_wconf 91' lang='lat' dir='ltr'>ut</span> <span class='ocrx_word' id='word_1_110' title='bbox 144 1307 210 1354; x_wconf 91' lang='lat' dir='ltr'>nou</span> <span class='ocrx_word' id='word_1_111' title='bbox 228 1285 327 1355; x_wconf 92' lang='lat' dir='ltr'>aliter</span> <span class='ocrx_word' id='word_1_112' title='bbox 342 1298 532 1365; x_wconf 88' lang='lat' dir='ltr'>curaretur,</span> <span class='ocrx_word' id='word_1_113' title='bbox 553 1287 619 1356; x_wconf 90' lang='lat' dir='ltr'>uisi</span> <span class='ocrx_word' id='word_1_114' title='bbox 635 1287 820 1358; x_wconf 85' lang='lat' dir='ltr'>lactacsset</span> <span class='ocrx_word' id='word_1_115' title='bbox 833 1289 965 1376; x_wconf 89' lang='lat' dir='ltr'>piscina</span> <span class='ocrx_word' id='word_1_116' title='bbox 980 1289 1081 1378; x_wconf 85' lang='lat' dir='ltr'>plena</span> <span class='ocrx_word' id='word_1_117' title='bbox 1096 1292 1265 1380; x_wconf 86' lang='lat' dir='ltr'>sanguine</span> 
     </span>
     <span class='ocr_line' id='line_1_14' title="bbox 8 1373 1263 1466; baseline 0.006 -27"><span class='ocrx_word' id='word_1_118' title='bbox 8 1373 189 1454; x_wconf 83' lang='lat' dir='ltr'>nfantium.</span> <span class='ocrx_word' id='word_1_119' title='bbox 215 1395 323 1460; x_wconf 88' lang='lat' dir='ltr'>eoque</span> <span class='ocrx_word' id='word_1_120' title='bbox 338 1373 452 1444; x_wconf 88' lang='lat' dir='ltr'>adhuc</span> <span class='ocrx_word' id='word_1_121' title='bbox 475 1373 641 1445; x_wconf 87' lang='lat' dir='ltr'>bulliente</span> <span class='ocrx_word' id='word_1_122' title='bbox 661 1388 692 1444; x_wconf 89' lang='lat' dir='ltr'>et</span> <span class='ocrx_word' id='word_1_123' title='bbox 717 1376 897 1445; x_wconf 82' lang='lat' dir='ltr'>exhalante</span> <span class='ocrx_word' id='word_1_124' title='bbox 915 1378 950 1446; x_wconf 95' lang='lat' dir='ltr'>in</span> <span class='ocrx_word' id='word_1_125' title='bbox 970 1379 1044 1466; x_wconf 91' lang='lat' dir='ltr'>ipso</span> <span class='ocrx_word' id='word_1_126' title='bbox 1069 1379 1263 1449; x_wconf 88' lang='lat' dir='ltr'>lavaretur:</span> 
     </span>
     <span class='ocr_line' id='line_1_15' title="bbox 3 1462 1265 1556; baseline 0.006 -28"><span class='ocrx_word' id='word_1_127' title='bbox 3 1485 53 1530; x_wconf 85' lang='lat' dir='ltr'>roc</span> <span class='ocrx_word' id='word_1_128' title='bbox 74 1475 188 1533; x_wconf 89' lang='lat' dir='ltr'>autem</span> <span class='ocrx_word' id='word_1_129' title='bbox 217 1464 245 1533; x_wconf 92' lang='lat' dir='ltr'>si</span> <span class='ocrx_word' id='word_1_130' title='bbox 273 1462 403 1533; x_wconf 90' lang='lat' dir='ltr'>lactum</span> <span class='ocrx_word' id='word_1_131' title='bbox 429 1476 528 1545; x_wconf 90' lang='lat' dir='ltr'>esset,</span> <span class='ocrx_word' id='word_1_132' title='bbox 551 1463 621 1533; x_wconf 88' lang='lat' dir='ltr'>lore</span> <span class='ocrx_word' id='word_1_133' title='bbox 653 1478 690 1534; x_wconf 95' lang='lat' dir='ltr'>ut</span> <span class='ocrx_word' id='word_1_134' title='bbox 717 1466 784 1534; x_wconf 85' lang='lat' dir='ltr'>cito</span> <span class='ocrx_word' id='word_1_135' title='bbox 808 1478 998 1546; x_wconf 92' lang='lat' dir='ltr'>curaretur,</span> <span class='ocrx_word' id='word_1_136' title='bbox 1031 1479 1103 1536; x_wconf 90' lang='lat' dir='ltr'>ete</span> <span class='ocrx_word' id='word_1_137' title='bbox 1133 1468 1265 1556; x_wconf 89' lang='lat' dir='ltr'>piscina</span> 
     </span>
     <span class='ocr_line' id='line_1_16' title="bbox 3 1551 451 1622; baseline 0.004 -3"><span class='ocrx_word' id='word_1_138' title='bbox 3 1551 147 1620; x_wconf 91' lang='lat' dir='ltr'>nundus</span> <span class='ocrx_word' id='word_1_139' title='bbox 162 1563 195 1620; x_wconf 90' lang='lat' dir='ltr'>et</span> <span class='ocrx_word' id='word_1_140' title='bbox 209 1573 316 1621; x_wconf 90' lang='lat' dir='ltr'>sunus</span> <span class='ocrx_word' id='word_1_141' title='bbox 336 1552 451 1622; x_wconf 85' lang='lat' dir='ltr'>exiret.</span> 
     </span>
    </p>

    <p class='ocr_par' dir='ltr' id='par_1_4' title="bbox 2 1640 1267 4214">
     <span class='ocr_line' id='line_1_17' title="bbox 33 1640 1265 1734; baseline 0.001 -22"><span class='ocrx_word' id='word_1_142' title='bbox 33 1643 51 1726; x_wconf 71' lang='grc' dir='ltr'>ξ</span> <span class='ocrx_word' id='word_1_143' title='bbox 75 1645 155 1712; x_wconf 80' lang='lat'>1⁰.</span> <span class='ocrx_word' id='word_1_144' title='bbox 183 1645 273 1709; x_wconf 88' lang='lat' dir='ltr'>llaec</span> <span class='ocrx_word' id='word_1_145' title='bbox 297 1662 377 1711; x_wconf 93' lang='lat' dir='ltr'>cum</span> <span class='ocrx_word' id='word_1_146' title='bbox 402 1641 583 1710; x_wconf 82' lang='lat' dir='ltr'>execrandi</span> <span class='ocrx_word' id='word_1_147' title='bbox 609 1640 658 1709; x_wconf 91' lang='lat' dir='ltr'>illi</span> <span class='ocrx_word' id='word_1_148' title='bbox 683 1655 715 1710; x_wconf 91' lang='lat' dir='ltr'>et</span> <span class='ocrx_word' id='word_1_149' title='bbox 739 1642 894 1711; x_wconf 85' lang='lat' dir='ltr'>scelerati</span> <span class='ocrx_word' id='word_1_150' title='bbox 912 1641 1104 1712; x_wconf 89' lang='lat' dir='ltr'>sacerdotes</span> <span class='ocrx_word' id='word_1_151' title='bbox 1121 1665 1265 1734; x_wconf 85' lang='lat' dir='ltr'>sugges·</span> 
     </span>
     <span class='ocr_line' id='line_1_18' title="bbox 2 1728 1265 1819; baseline 0.004 -24"><span class='ocrx_word' id='word_1_152' title='bbox 2 1728 115 1797; x_wconf 67' lang='lat' dir='ltr'>iissent</span> <span class='ocrx_word' id='word_1_153' title='bbox 135 1731 350 1818; x_wconf 86' lang='lat' dir='ltr'>Imperatori,</span> <span class='ocrx_word' id='word_1_154' title='bbox 377 1751 439 1819; x_wconf 94' lang='lat' dir='ltr'>per</span> <span class='ocrx_word' id='word_1_155' title='bbox 456 1731 652 1802; x_wconf 88' lang='lat' dir='ltr'>universam</span> <span class='ocrx_word' id='word_1_156' title='bbox 684 1730 780 1800; x_wconf 88' lang='lat' dir='ltr'>missi</span> <span class='ocrx_word' id='word_1_157' title='bbox 809 1743 890 1800; x_wconf 91' lang='lat' dir='ltr'>sunt</span> <span class='ocrx_word' id='word_1_158' title='bbox 920 1731 1105 1810; x_wconf 70' lang='lat' dir='ltr'>racionem,</span> <span class='ocrx_word' id='word_1_159' title='bbox 1128 1733 1188 1818; x_wconf 88' lang='lat' dir='ltr'>qui</span> <span class='ocrx_word' id='word_1_160' title='bbox 1212 1733 1265 1800; x_wconf 92' lang='lat' dir='ltr'>iu-</span> 
     </span>
     <span class='ocr_line' id='line_1_19' title="bbox 3 1785 1264 1908; baseline 0.006 -27"><span class='ocrx_word' id='word_1_161' title='bbox 3 1815 99 1885; x_wconf 57' lang='lat' dir='ltr'>?antes</span> <span class='ocrx_word' id='word_1_162' title='bbox 123 1815 336 1908; x_wconf 86' lang='lat' dir='ltr'>colligerent,</span> <span class='ocrx_word' id='word_1_163' title='bbox 363 1829 395 1888; x_wconf 92' lang='lat' dir='ltr'>et</span> <span class='ocrx_word' id='word_1_164' title='bbox 418 1817 545 1888; x_wconf 90' lang='lat' dir='ltr'>lerrent</span> <span class='ocrx_word' id='word_1_165' title='bbox 568 1819 604 1887; x_wconf 93' lang='lat' dir='ltr'>in</span> <span class='ocrx_word' id='word_1_166' title='bbox 630 1818 846 1908; x_wconf 84' lang='lat' dir='ltr'>Capitolium.</span> <span class='ocrx_word' id='word_1_167' title='bbox 865 1819 924 1888; x_wconf 91' lang='lat' dir='ltr'>His</span> <span class='ocrx_word' id='word_1_168' title='bbox 942 1785 1076 1900; x_wconf 63' lang='lat' dir='ltr'>ablatis,</span> <span class='ocrx_word' id='word_1_169' title='bbox 1101 1819 1174 1908; x_wconf 85' lang='lat' dir='ltr'>jam</span> <span class='ocrx_word' id='word_1_170' title='bbox 1191 1819 1264 1889; x_wconf 86' lang='lat' dir='ltr'>dies</span> 
     </span>
     <span class='ocr_line' id='line_1_20' title="bbox 3 1907 1266 1996; baseline 0.004 -24"><span class='ocrx_word' id='word_1_171' title='bbox 3 1926 127 1992; x_wconf 71' lang='lat' dir='ltr'>tuoque</span> <span class='ocrx_word' id='word_1_172' title='bbox 146 1907 263 1977; x_wconf 86' lang='lat' dir='ltr'>caedis</span> <span class='ocrx_word' id='word_1_173' title='bbox 282 1921 353 1978; x_wconf 89' lang='lat' dir='ltr'>erat</span> <span class='ocrx_word' id='word_1_174' title='bbox 377 1908 612 1996; x_wconf 88' lang='lat' dir='ltr'>praestitutus,</span> <span class='ocrx_word' id='word_1_175' title='bbox 635 1921 667 1975; x_wconf 91' lang='lat' dir='ltr'>et</span> <span class='ocrx_word' id='word_1_176' title='bbox 691 1908 724 1975; x_wconf 90' lang='lat' dir='ltr'>iu</span> <span class='ocrx_word' id='word_1_177' title='bbox 744 1907 946 1996; x_wconf 81' lang='lat' dir='ltr'>Capitolium</span> <span class='ocrx_word' id='word_1_178' title='bbox 969 1929 1134 1976; x_wconf 88' lang='lat' dir='ltr'>ascensus</span> <span class='ocrx_word' id='word_1_179' title='bbox 1154 1911 1266 1996; x_wconf 89' lang='lat' dir='ltr'>Impe-</span> 
     </span>
     <span class='ocr_line' id='line_1_21' title="bbox 2 1995 1262 2084; baseline 0.002 -25"><span class='ocrx_word' id='word_1_180' title='bbox 2 1996 105 2062; x_wconf 89' lang='lat' dir='ltr'>ratori.</span> <span class='ocrx_word' id='word_1_181' title='bbox 138 2001 178 2064; x_wconf 85' lang='lat' dir='ltr'>Et</span> <span class='ocrx_word' id='word_1_182' title='bbox 209 1995 268 2065; x_wconf 95' lang='lat' dir='ltr'>illo</span> <span class='ocrx_word' id='word_1_183' title='bbox 298 1995 439 2084; x_wconf 90' lang='lat' dir='ltr'>quidem</span> <span class='ocrx_word' id='word_1_184' title='bbox 464 1996 519 2064; x_wconf 93' lang='lat' dir='ltr'>die</span> <span class='ocrx_word' id='word_1_185' title='bbox 542 1996 627 2064; x_wconf 93' lang='lat' dir='ltr'>abiit</span> <span class='ocrx_word' id='word_1_186' title='bbox 649 1999 839 2082; x_wconf 87' lang='lat' dir='ltr'>Imperator</span> <span class='ocrx_word' id='word_1_187' title='bbox 861 1996 902 2064; x_wconf 87' lang='lat' dir='ltr'>ad</span> <span class='ocrx_word' id='word_1_188' title='bbox 922 1995 1032 2065; x_wconf 94' lang='lat' dir='ltr'>locum</span> <span class='ocrx_word' id='word_1_189' title='bbox 1059 1996 1262 2064; x_wconf 85' lang='lat' dir='ltr'>definitum:</span> 
     </span>
     <span class='ocr_line' id='line_1_22' title="bbox 3 2084 1265 2174; baseline 0.003 -27"><span class='ocrx_word' id='word_1_190' title='bbox 3 2095 26 2148; x_wconf 75' lang='lat' dir='ltr'>at</span> <span class='ocrx_word' id='word_1_191' title='bbox 39 2085 96 2169; x_wconf 86' lang='lat' dir='ltr'>qui</span> <span class='ocrx_word' id='word_1_192' title='bbox 112 2097 212 2154; x_wconf 88' lang='lat' dir='ltr'>eraut</span> <span class='ocrx_word' id='word_1_193' title='bbox 227 2086 409 2156; x_wconf 88' lang='lat' dir='ltr'>mactaturi</span> <span class='ocrx_word' id='word_1_194' title='bbox 426 2084 584 2166; x_wconf 76' lang='lat' dir='ltr'>infantes,</span> <span class='ocrx_word' id='word_1_195' title='bbox 605 2085 713 2174; x_wconf 88' lang='lat' dir='ltr'>parati</span> <span class='ocrx_word' id='word_1_196' title='bbox 730 2097 827 2154; x_wconf 90' lang='lat' dir='ltr'>erant</span> <span class='ocrx_word' id='word_1_197' title='bbox 841 2086 882 2154; x_wconf 88' lang='lat' dir='ltr'>ad</span> <span class='ocrx_word' id='word_1_198' title='bbox 901 2086 1120 2154; x_wconf 90' lang='lat' dir='ltr'>occisionem.</span> <span class='ocrx_word' id='word_1_199' title='bbox 1139 2089 1265 2153; x_wconf 88' lang='lat' dir='ltr'>Eorum</span> 
     </span>
     <span class='ocr_line' id='line_1_23' title="bbox 2 2173 1263 2264; baseline 0.004 -29"><span class='ocrx_word' id='word_1_200' title='bbox 2 2185 104 2239; x_wconf 88' lang='lat' dir='ltr'>autem</span> <span class='ocrx_word' id='word_1_201' title='bbox 122 2185 250 2242; x_wconf 87' lang='lat' dir='ltr'>matres</span> <span class='ocrx_word' id='word_1_202' title='bbox 267 2195 346 2243; x_wconf 92' lang='lat' dir='ltr'>cum</span> <span class='ocrx_word' id='word_1_203' title='bbox 365 2174 566 2262; x_wconf 88' lang='lat' dir='ltr'>Imperatori</span> <span class='ocrx_word' id='word_1_204' title='bbox 586 2175 829 2255; x_wconf 91' lang='lat' dir='ltr'>occurrissent,</span> <span class='ocrx_word' id='word_1_205' title='bbox 858 2175 1013 2264; x_wconf 88' lang='lat' dir='ltr'>lugentes</span> <span class='ocrx_word' id='word_1_206' title='bbox 1032 2186 1063 2243; x_wconf 90' lang='lat' dir='ltr'>et</span> <span class='ocrx_word' id='word_1_207' title='bbox 1083 2173 1263 2262; x_wconf 86' lang='lat' dir='ltr'>ejulantes,</span> 
     </span>
     <span class='ocr_line' id='line_1_24' title="bbox 2 2260 1265 2351; baseline 0.003 -27"><span class='ocrx_word' id='word_1_208' title='bbox 2 2279 109 2329; x_wconf 90' lang='lat' dir='ltr'>comas</span> <span class='ocrx_word' id='word_1_209' title='bbox 124 2261 306 2344; x_wconf 83' lang='lat' dir='ltr'>vellebant,</span> <span class='ocrx_word' id='word_1_210' title='bbox 333 2273 365 2331; x_wconf 89' lang='lat' dir='ltr'>et</span> <span class='ocrx_word' id='word_1_211' title='bbox 381 2261 486 2332; x_wconf 87' lang='lat' dir='ltr'>facies</span> <span class='ocrx_word' id='word_1_212' title='bbox 511 2260 706 2350; x_wconf 88' lang='lat' dir='ltr'>pulsabant,</span> <span class='ocrx_word' id='word_1_213' title='bbox 734 2276 766 2332; x_wconf 90' lang='lat' dir='ltr'>et</span> <span class='ocrx_word' id='word_1_214' title='bbox 789 2285 894 2348; x_wconf 84' lang='lat' dir='ltr'>genas</span> <span class='ocrx_word' id='word_1_215' title='bbox 920 2263 1116 2332; x_wconf 87' lang='lat' dir='ltr'>lacerabant</span> <span class='ocrx_word' id='word_1_216' title='bbox 1140 2262 1265 2351; x_wconf 88' lang='lat' dir='ltr'>ungui-</span> 
     </span>
     <span class='ocr_line' id='line_1_25' title="bbox 4 2345 1265 2439; baseline 0.006 -28"><span class='ocrx_word' id='word_1_217' title='bbox 4 2345 75 2428; x_wconf 70' lang='lat' dir='ltr'>bus</span> <span class='ocrx_word' id='word_1_218' title='bbox 99 2363 274 2437; x_wconf 86' lang='lat' dir='ltr'>vestesque</span> <span class='ocrx_word' id='word_1_219' title='bbox 301 2350 552 2439; x_wconf 89' lang='lat' dir='ltr'>discerpebant,</span> <span class='ocrx_word' id='word_1_220' title='bbox 579 2362 612 2420; x_wconf 90' lang='lat' dir='ltr'>et</span> <span class='ocrx_word' id='word_1_221' title='bbox 630 2353 738 2421; x_wconf 89' lang='lat' dir='ltr'>ubera</span> <span class='ocrx_word' id='word_1_222' title='bbox 760 2352 985 2421; x_wconf 90' lang='lat' dir='ltr'>ostendebant</span> <span class='ocrx_word' id='word_1_223' title='bbox 1008 2351 1135 2438; x_wconf 86' lang='lat' dir='ltr'>quibus</span> <span class='ocrx_word' id='word_1_224' title='bbox 1161 2351 1265 2419; x_wconf 88' lang='lat' dir='ltr'>lacta-</span> 
     </span>
     <span class='ocr_line' id='line_1_26' title="bbox 3 2433 1265 2528; baseline 0.007 -29"><span class='ocrx_word' id='word_1_225' title='bbox 3 2433 76 2504; x_wconf 90' lang='lat' dir='ltr'>bant</span> <span class='ocrx_word' id='word_1_226' title='bbox 102 2439 270 2520; x_wconf 84' lang='lat' dir='ltr'>infantes,</span> <span class='ocrx_word' id='word_1_227' title='bbox 301 2439 522 2526; x_wconf 87' lang='lat' dir='ltr'>molestisque</span> <span class='ocrx_word' id='word_1_228' title='bbox 551 2454 583 2508; x_wconf 90' lang='lat' dir='ltr'>et</span> <span class='ocrx_word' id='word_1_229' title='bbox 613 2439 869 2510; x_wconf 86' lang='lat' dir='ltr'>miserabilibus</span> <span class='ocrx_word' id='word_1_230' title='bbox 902 2441 1042 2509; x_wconf 89' lang='lat' dir='ltr'>vocibus</span> <span class='ocrx_word' id='word_1_231' title='bbox 1075 2439 1265 2528; x_wconf 90' lang='lat' dir='ltr'>implebant</span> 
     </span>
     <span class='ocr_line' id='line_1_27' title="bbox 4 2526 1267 2618; baseline 0.006 -31"><span class='ocrx_word' id='word_1_232' title='bbox 4 2526 126 2596; x_wconf 77' lang='lat' dir='ltr'>aerem:</span> <span class='ocrx_word' id='word_1_233' title='bbox 153 2541 320 2616; x_wconf 86' lang='lat' dir='ltr'>erantque</span> <span class='ocrx_word' id='word_1_234' title='bbox 343 2528 397 2610; x_wconf 75' lang='lat' dir='ltr'>iic,</span> <span class='ocrx_word' id='word_1_235' title='bbox 425 2528 485 2615; x_wconf 89' lang='lat' dir='ltr'>qui</span> <span class='ocrx_word' id='word_1_236' title='bbox 509 2527 682 2608; x_wconf 87' lang='lat' dir='ltr'>ridebant,</span> <span class='ocrx_word' id='word_1_237' title='bbox 709 2541 952 2618; x_wconf 90' lang='lat' dir='ltr'>argumentum</span> <span class='ocrx_word' id='word_1_238' title='bbox 979 2529 1143 2597; x_wconf 90' lang='lat' dir='ltr'>moeroris</span> <span class='ocrx_word' id='word_1_239' title='bbox 1160 2540 1192 2596; x_wconf 89' lang='lat' dir='ltr'>ct</span> <span class='ocrx_word' id='word_1_240' title='bbox 1207 2529 1267 2595; x_wconf 91' lang='lat' dir='ltr'>tri·</span> 
     </span>
     <span class='ocr_line' id='line_1_28' title="bbox 3 2613 1265 2702; baseline 0.007 -26"><span class='ocrx_word' id='word_1_241' title='bbox 3 2613 112 2684; x_wconf 88' lang='lat' dir='ltr'>stitiae.</span> <span class='ocrx_word' id='word_1_242' title='bbox 140 2616 269 2699; x_wconf 85' lang='lat' dir='ltr'>Quidni</span> <span class='ocrx_word' id='word_1_243' title='bbox 294 2616 385 2686; x_wconf 91' lang='lat' dir='ltr'>enim</span> <span class='ocrx_word' id='word_1_244' title='bbox 406 2629 531 2698; x_wconf 88' lang='lat' dir='ltr'>essent,</span> <span class='ocrx_word' id='word_1_245' title='bbox 558 2639 637 2687; x_wconf 92' lang='lat' dir='ltr'>cum</span> <span class='ocrx_word' id='word_1_246' title='bbox 662 2629 776 2686; x_wconf 90' lang='lat' dir='ltr'>essent</span> <span class='ocrx_word' id='word_1_247' title='bbox 801 2628 937 2698; x_wconf 88' lang='lat' dir='ltr'>matres,</span> <span class='ocrx_word' id='word_1_248' title='bbox 964 2617 1091 2702; x_wconf 86' lang='lat' dir='ltr'>quibus</span> <span class='ocrx_word' id='word_1_249' title='bbox 1109 2616 1196 2686; x_wconf 90' lang='lat' dir='ltr'>nibil</span> <span class='ocrx_word' id='word_1_250' title='bbox 1214 2628 1265 2685; x_wconf 89' lang='lat' dir='ltr'>est</span> 
     </span>
     <span class='ocr_line' id='line_1_29' title="bbox 3 2704 1266 2795; baseline 0.001 -24"><span class='ocrx_word' id='word_1_251' title='bbox 3 2704 102 2791; x_wconf 83' lang='lat' dir='ltr'>tnagis</span> <span class='ocrx_word' id='word_1_252' title='bbox 122 2705 347 2776; x_wconf 77' lang='lat' dir='ltr'>misericors?</span> <span class='ocrx_word' id='word_1_253' title='bbox 371 2709 561 2795; x_wconf 88' lang='lat' dir='ltr'>Imperator</span> <span class='ocrx_word' id='word_1_254' title='bbox 584 2717 698 2774; x_wconf 89' lang='lat' dir='ltr'>autern</span> <span class='ocrx_word' id='word_1_255' title='bbox 724 2727 803 2775; x_wconf 92' lang='lat' dir='ltr'>eum</span> <span class='ocrx_word' id='word_1_256' title='bbox 829 2707 946 2775; x_wconf 90' lang='lat' dir='ltr'>lletum</span> <span class='ocrx_word' id='word_1_257' title='bbox 965 2705 1132 2775; x_wconf 88' lang='lat' dir='ltr'>audiisset</span> <span class='ocrx_word' id='word_1_258' title='bbox 1147 2704 1266 2794; x_wconf 89' lang='lat' dir='ltr'>eteju-</span> 
     </span>
     <span class='ocr_line' id='line_1_30' title="bbox 3 2785 1264 2884; baseline 0.007 -31"><span class='ocrx_word' id='word_1_259' title='bbox 3 2785 111 2874; x_wconf 88' lang='lat' dir='ltr'>latum,</span> <span class='ocrx_word' id='word_1_260' title='bbox 130 2793 262 2884; x_wconf 85' lang='lat' dir='ltr'>rogarit</span> <span class='ocrx_word' id='word_1_261' title='bbox 276 2815 333 2865; x_wconf 91' lang='lat' dir='ltr'>eos</span> <span class='ocrx_word' id='word_1_262' title='bbox 349 2795 410 2881; x_wconf 88' lang='lat' dir='ltr'>qui</span> <span class='ocrx_word' id='word_1_263' title='bbox 426 2793 578 2875; x_wconf 85' lang='lat' dir='ltr'>aderant,</span> <span class='ocrx_word' id='word_1_264' title='bbox 605 2815 776 2880; x_wconf 89' lang='lat' dir='ltr'>quaenam</span> <span class='ocrx_word' id='word_1_265' title='bbox 801 2807 889 2866; x_wconf 88' lang='lat' dir='ltr'>esset</span> <span class='ocrx_word' id='word_1_266' title='bbox 904 2815 1020 2864; x_wconf 92' lang='lat' dir='ltr'>eorum</span> <span class='ocrx_word' id='word_1_267' title='bbox 1038 2816 1154 2864; x_wconf 88' lang='lat' dir='ltr'>causa.</span> <span class='ocrx_word' id='word_1_268' title='bbox 1173 2798 1264 2862; x_wconf 90' lang='lat' dir='ltr'>Post-</span> 
     </span>
     <span class='ocr_line' id='line_1_31' title="bbox 2 2881 1265 2973; baseline 0.005 -29"><span class='ocrx_word' id='word_1_269' title='bbox 2 2895 93 2959; x_wconf 80' lang='lat' dir='ltr'>quam</span> <span class='ocrx_word' id='word_1_270' title='bbox 114 2893 229 2952; x_wconf 87' lang='lat' dir='ltr'>autem</span> <span class='ocrx_word' id='word_1_271' title='bbox 255 2881 386 2952; x_wconf 90' lang='lat' dir='ltr'>audivit</span> <span class='ocrx_word' id='word_1_272' title='bbox 410 2882 566 2973; x_wconf 90' lang='lat' dir='ltr'>lugentes</span> <span class='ocrx_word' id='word_1_273' title='bbox 596 2904 671 2953; x_wconf 90' lang='lat' dir='ltr'>esse</span> <span class='ocrx_word' id='word_1_274' title='bbox 700 2894 824 2952; x_wconf 91' lang='lat' dir='ltr'>matres</span> <span class='ocrx_word' id='word_1_275' title='bbox 860 2882 1042 2952; x_wconf 81' lang='lat' dir='ltr'>infantium</span> <span class='ocrx_word' id='word_1_276' title='bbox 1081 2883 1265 2969; x_wconf 89' lang='lat' dir='ltr'>quierant</span> 
     </span>
     <span class='ocr_line' id='line_1_32' title="bbox 4 2961 1265 3062; baseline 0.009 -34"><span class='ocrx_word' id='word_1_277' title='bbox 4 2961 228 3061; x_wconf 86' lang='lat' dir='ltr'>interimendi,</span> <span class='ocrx_word' id='word_1_278' title='bbox 256 2991 403 3059; x_wconf 87' lang='lat' dir='ltr'>quorum</span> <span class='ocrx_word' id='word_1_279' title='bbox 429 2972 599 3061; x_wconf 87' lang='lat' dir='ltr'>sauguine</span> <span class='ocrx_word' id='word_1_280' title='bbox 623 2983 695 3040; x_wconf 90' lang='lat' dir='ltr'>erat</span> <span class='ocrx_word' id='word_1_281' title='bbox 718 2970 898 3052; x_wconf 87' lang='lat' dir='ltr'>lavandus,</span> <span class='ocrx_word' id='word_1_282' title='bbox 926 2983 959 3040; x_wconf 93' lang='lat' dir='ltr'>et</span> <span class='ocrx_word' id='word_1_283' title='bbox 981 2993 1111 3043; x_wconf 90' lang='lat' dir='ltr'>usurus</span> <span class='ocrx_word' id='word_1_284' title='bbox 1137 2992 1265 3062; x_wconf 92' lang='lat' dir='ltr'>purga·</span> 
     </span>
     <span class='ocr_line' id='line_1_33' title="bbox 5 3059 1265 3148; baseline 0.009 -31"><span class='ocrx_word' id='word_1_285' title='bbox 5 3061 82 3124; x_wconf 76' lang='lat' dir='ltr'>tione</span> <span class='ocrx_word' id='word_1_286' title='bbox 107 3059 324 3141; x_wconf 91' lang='lat' dir='ltr'>morborum,</span> <span class='ocrx_word' id='word_1_287' title='bbox 350 3060 479 3146; x_wconf 87' lang='lat' dir='ltr'>quibus</span> <span class='ocrx_word' id='word_1_288' title='bbox 504 3059 743 3142; x_wconf 87' lang='lat' dir='ltr'>detinebatur,</span> <span class='ocrx_word' id='word_1_289' title='bbox 767 3071 942 3148; x_wconf 88' lang='lat' dir='ltr'>tamquam</span> <span class='ocrx_word' id='word_1_290' title='bbox 968 3060 1011 3129; x_wconf 87' lang='lat' dir='ltr'>ab</span> <span class='ocrx_word' id='word_1_291' title='bbox 1035 3061 1197 3130; x_wconf 89' lang='lat' dir='ltr'>ebrietate</span> <span class='ocrx_word' id='word_1_292' title='bbox 1221 3059 1265 3128; x_wconf 89' lang='lat' dir='ltr'>ad</span> 
     </span>
     <span class='ocr_line' id='line_1_34' title="bbox 7 3147 1265 3240; baseline 0.009 -34"><span class='ocrx_word' id='word_1_293' title='bbox 7 3161 234 3240; x_wconf 24' lang='lat' dir='ltr'>selreversuS,</span> <span class='ocrx_word' id='word_1_294' title='bbox 267 3161 300 3218; x_wconf 88' lang='lat' dir='ltr'>et</span> <span class='ocrx_word' id='word_1_295' title='bbox 324 3159 437 3217; x_wconf 90' lang='lat' dir='ltr'>mente</span> <span class='ocrx_word' id='word_1_296' title='bbox 468 3149 583 3236; x_wconf 87' lang='lat' dir='ltr'>quieta</span> <span class='ocrx_word' id='word_1_297' title='bbox 606 3160 640 3217; x_wconf 91' lang='lat' dir='ltr'>et</span> <span class='ocrx_word' id='word_1_298' title='bbox 663 3147 848 3236; x_wconf 88' lang='lat' dir='ltr'>tranquilla</span> <span class='ocrx_word' id='word_1_299' title='bbox 876 3147 1041 3218; x_wconf 84' lang='lat' dir='ltr'>effectus:</span> <span class='ocrx_word' id='word_1_300' title='bbox 1073 3171 1091 3214; x_wconf 86' lang='lat'>«</span> <span class='ocrx_word' id='word_1_301' title='bbox 1116 3149 1265 3219; x_wconf 78' lang='lat' dir='ltr'>Actionis</span> 
     </span>
     <span class='ocr_line' id='line_1_35' title="bbox 6 3233 1265 3326; baseline 0.004 -25"><span class='ocrx_word' id='word_1_302' title='bbox 6 3233 142 3318; x_wconf 77' lang='lat' dir='ltr'>quidem,</span> <span class='ocrx_word' id='word_1_303' title='bbox 163 3237 288 3323; x_wconf 88' lang='lat' dir='ltr'>iuquit,</span> <span class='ocrx_word' id='word_1_304' title='bbox 314 3237 474 3326; x_wconf 90' lang='lat' dir='ltr'>impietas</span> <span class='ocrx_word' id='word_1_305' title='bbox 498 3250 548 3307; x_wconf 89' lang='lat' dir='ltr'>est</span> <span class='ocrx_word' id='word_1_306' title='bbox 571 3236 710 3307; x_wconf 86' lang='lat' dir='ltr'>evidens</span> <span class='ocrx_word' id='word_1_307' title='bbox 734 3249 767 3306; x_wconf 89' lang='lat' dir='ltr'>et</span> <span class='ocrx_word' id='word_1_308' title='bbox 791 3237 994 3307; x_wconf 79' lang='lat' dir='ltr'>manifesta:</span> <span class='ocrx_word' id='word_1_309' title='bbox 1023 3238 1192 3307; x_wconf 92' lang='lat' dir='ltr'>incertum</span> <span class='ocrx_word' id='word_1_310' title='bbox 1214 3249 1265 3306; x_wconf 89' lang='lat' dir='ltr'>est</span> 
     </span>
     <span class='ocr_line' id='line_1_36' title="bbox 9 3325 1264 3415; baseline 0.007 -30"><span class='ocrx_word' id='word_1_311' title='bbox 9 3331 117 3406; x_wconf 83' lang='lat' dir='ltr'>autem,</span> <span class='ocrx_word' id='word_1_312' title='bbox 135 3347 179 3396; x_wconf 90' lang='lat' dir='ltr'>an</span> <span class='ocrx_word' id='word_1_313' title='bbox 197 3326 227 3395; x_wconf 90' lang='lat' dir='ltr'>si</span> <span class='ocrx_word' id='word_1_314' title='bbox 239 3335 454 3406; x_wconf 89' lang='lat' dir='ltr'>eventurum,</span> <span class='ocrx_word' id='word_1_315' title='bbox 470 3336 509 3395; x_wconf 90' lang='lat' dir='ltr'>ut</span> <span class='ocrx_word' id='word_1_316' title='bbox 525 3325 668 3415; x_wconf 85' lang='lat' dir='ltr'>polliciti</span> <span class='ocrx_word' id='word_1_317' title='bbox 685 3336 776 3406; x_wconf 87' lang='lat' dir='ltr'>sunt,</span> <span class='ocrx_word' id='word_1_318' title='bbox 802 3325 863 3412; x_wconf 90' lang='lat' dir='ltr'>qui</span> <span class='ocrx_word' id='word_1_319' title='bbox 883 3325 948 3395; x_wconf 89' lang='lat' dir='ltr'>hoe</span> <span class='ocrx_word' id='word_1_320' title='bbox 963 3325 1111 3414; x_wconf 92' lang='lat' dir='ltr'>impium</span> <span class='ocrx_word' id='word_1_321' title='bbox 1129 3325 1264 3395; x_wconf 90' lang='lat' dir='ltr'>lacinus</span> 
     </span>
     <span class='ocr_line' id='line_1_37' title="bbox 9 3413 1260 3500; baseline 0 -18"><span class='ocrx_word' id='word_1_322' title='bbox 9 3425 251 3500; x_wconf 73' lang='lat' dir='ltr'>suggesserunt.</span> <span class='ocrx_word' id='word_1_323' title='bbox 278 3415 373 3498; x_wconf 81' lang='lat' dir='ltr'>Quod</span> <span class='ocrx_word' id='word_1_324' title='bbox 396 3413 424 3483; x_wconf 91' lang='lat' dir='ltr'>si</span> <span class='ocrx_word' id='word_1_325' title='bbox 441 3415 544 3484; x_wconf 90' lang='lat' dir='ltr'>etiam</span> <span class='ocrx_word' id='word_1_326' title='bbox 561 3425 649 3484; x_wconf 90' lang='lat' dir='ltr'>esset</span> <span class='ocrx_word' id='word_1_327' title='bbox 669 3413 902 3496; x_wconf 80' lang='lat' dir='ltr'>manifestum,</span> <span class='ocrx_word' id='word_1_328' title='bbox 930 3415 1038 3486; x_wconf 89' lang='lat' dir='ltr'>satius</span> <span class='ocrx_word' id='word_1_329' title='bbox 1061 3435 1135 3484; x_wconf 92' lang='lat' dir='ltr'>esse</span> <span class='ocrx_word' id='word_1_330' title='bbox 1159 3414 1260 3495; x_wconf 92' lang='lat' dir='ltr'>duco,</span> 
     </span>
     <span class='ocr_line' id='line_1_38' title="bbox 10 3499 1264 3603; baseline 0.002 -33"><span class='ocrx_word' id='word_1_331' title='bbox 10 3507 39 3592; x_wconf 83' lang='lat' dir='ltr'>ut</span> <span class='ocrx_word' id='word_1_332' title='bbox 53 3499 118 3587; x_wconf 87' lang='lat' dir='ltr'>ipse</span> <span class='ocrx_word' id='word_1_333' title='bbox 132 3503 245 3594; x_wconf 90' lang='lat' dir='ltr'>patiar</span> <span class='ocrx_word' id='word_1_334' title='bbox 261 3503 391 3572; x_wconf 91' lang='lat' dir='ltr'>morbis</span> <span class='ocrx_word' id='word_1_335' title='bbox 409 3513 561 3583; x_wconf 87' lang='lat' dir='ltr'>rexatus,</span> <span class='ocrx_word' id='word_1_336' title='bbox 583 3523 688 3589; x_wconf 90' lang='lat' dir='ltr'>quarn</span> <span class='ocrx_word' id='word_1_337' title='bbox 706 3514 752 3572; x_wconf 90' lang='lat' dir='ltr'>tot</span> <span class='ocrx_word' id='word_1_338' title='bbox 769 3502 966 3583; x_wconf 84' lang='lat' dir='ltr'>infantium,</span> <span class='ocrx_word' id='word_1_339' title='bbox 986 3503 1045 3592; x_wconf 91' lang='lat' dir='ltr'>qui</span> <span class='ocrx_word' id='word_1_340' title='bbox 1069 3501 1155 3571; x_wconf 90' lang='lat' dir='ltr'>nibil</span> <span class='ocrx_word' id='word_1_341' title='bbox 1182 3501 1264 3603; x_wconf 85' lang='lat' dir='ltr'>mali</span> 
     </span>
     <span class='ocr_line' id='line_1_39' title="bbox 11 3582 1267 3675; baseline 0.008 -26"><span class='ocrx_word' id='word_1_342' title='bbox 11 3582 154 3675; x_wconf 83' lang='lat' dir='ltr'>lecerunt,</span> <span class='ocrx_word' id='word_1_343' title='bbox 175 3592 292 3662; x_wconf 82' lang='lat' dir='ltr'>rolens</span> <span class='ocrx_word' id='word_1_344' title='bbox 307 3592 444 3662; x_wconf 87' lang='lat' dir='ltr'>caedem</span> <span class='ocrx_word' id='word_1_345' title='bbox 467 3591 601 3671; x_wconf 80' lang='lat' dir='ltr'>faciem,</span> <span class='ocrx_word' id='word_1_346' title='bbox 628 3605 660 3660; x_wconf 92' lang='lat' dir='ltr'>et</span> <span class='ocrx_word' id='word_1_347' title='bbox 685 3605 831 3661; x_wconf 89' lang='lat' dir='ltr'>matrum</span> <span class='ocrx_word' id='word_1_348' title='bbox 851 3613 968 3660; x_wconf 91' lang='lat' dir='ltr'>eorum</span> <span class='ocrx_word' id='word_1_349' title='bbox 994 3591 1121 3660; x_wconf 88' lang='lat' dir='ltr'>animis</span> <span class='ocrx_word' id='word_1_350' title='bbox 1136 3591 1267 3661; x_wconf 81' lang='lat' dir='ltr'>doloris</span> 
     </span>
     <span class='ocr_line' id='line_1_40' title="bbox 13 3667 1262 3770; baseline 0.013 -38"><span class='ocrx_word' id='word_1_351' title='bbox 13 3667 166 3750; x_wconf 85' lang='lat' dir='ltr'>lammam</span> <span class='ocrx_word' id='word_1_352' title='bbox 189 3681 399 3760; x_wconf 91' lang='lat' dir='ltr'>accendam,</span> <span class='ocrx_word' id='word_1_353' title='bbox 426 3702 514 3767; x_wconf 87' lang='lat' dir='ltr'>quae</span> <span class='ocrx_word' id='word_1_354' title='bbox 532 3701 711 3768; x_wconf 89' lang='lat' dir='ltr'>nunquam</span> <span class='ocrx_word' id='word_1_355' title='bbox 739 3680 861 3770; x_wconf 91' lang='lat' dir='ltr'>poterit</span> <span class='ocrx_word' id='word_1_356' title='bbox 888 3701 1148 3749; x_wconf 85' lang='lat' dir='ltr'>marcescere.»</span> <span class='ocrx_word' id='word_1_357' title='bbox 1174 3685 1262 3749; x_wconf 89' lang='lat' dir='ltr'>Ilaec</span> 
     </span>
     <span class='ocr_line' id='line_1_41' title="bbox 14 3767 1265 3858; baseline 0.001 -23"><span class='ocrx_word' id='word_1_358' title='bbox 14 3775 76 3854; x_wconf 82' lang='lat' dir='ltr'>tum</span> <span class='ocrx_word' id='word_1_359' title='bbox 92 3767 240 3849; x_wconf 86' lang='lat' dir='ltr'>dixisset,</span> <span class='ocrx_word' id='word_1_360' title='bbox 260 3791 415 3839; x_wconf 88' lang='lat' dir='ltr'>reversus</span> <span class='ocrx_word' id='word_1_361' title='bbox 432 3779 482 3838; x_wconf 89' lang='lat' dir='ltr'>est</span> <span class='ocrx_word' id='word_1_362' title='bbox 508 3770 541 3838; x_wconf 94' lang='lat' dir='ltr'>in</span> <span class='ocrx_word' id='word_1_363' title='bbox 561 3770 703 3858; x_wconf 91' lang='lat' dir='ltr'>regiam,</span> <span class='ocrx_word' id='word_1_364' title='bbox 730 3781 762 3838; x_wconf 92' lang='lat' dir='ltr'>et</span> <span class='ocrx_word' id='word_1_365' title='bbox 777 3767 925 3838; x_wconf 89' lang='lat' dir='ltr'>infantes</span> <span class='ocrx_word' id='word_1_366' title='bbox 945 3768 1041 3838; x_wconf 92' lang='lat' dir='ltr'>reddi</span> <span class='ocrx_word' id='word_1_367' title='bbox 1061 3769 1167 3858; x_wconf 89' lang='lat' dir='ltr'>jussit</span> <span class='ocrx_word' id='word_1_368' title='bbox 1192 3790 1265 3836; x_wconf 88' lang='lat' dir='ltr'>ma-</span> 
     </span>
     <span class='ocr_line' id='line_1_42' title="bbox 16 3847 1260 3946; baseline 0.01 -36"><span class='ocrx_word' id='word_1_369' title='bbox 16 3847 122 3938; x_wconf 77' lang='lat' dir='ltr'>tribus,</span> <span class='ocrx_word' id='word_1_370' title='bbox 139 3859 258 3928; x_wconf 92' lang='lat' dir='ltr'>statuit</span> <span class='ocrx_word' id='word_1_371' title='bbox 272 3872 398 3939; x_wconf 92' lang='lat' dir='ltr'>autem,</span> <span class='ocrx_word' id='word_1_372' title='bbox 416 3872 454 3928; x_wconf 91' lang='lat' dir='ltr'>ut</span> <span class='ocrx_word' id='word_1_373' title='bbox 473 3858 663 3946; x_wconf 88' lang='lat' dir='ltr'>uuicuique</span> <span class='ocrx_word' id='word_1_374' title='bbox 679 3879 797 3926; x_wconf 91' lang='lat' dir='ltr'>eorum</span> <span class='ocrx_word' id='word_1_375' title='bbox 820 3858 1066 3942; x_wconf 89' lang='lat' dir='ltr'>praeberentur</span> <span class='ocrx_word' id='word_1_376' title='bbox 1082 3857 1260 3946; x_wconf 88' lang='lat' dir='ltr'>pecuniae,</span> 
     </span>
     <span class='ocr_line' id='line_1_43' title="bbox 18 3945 1264 4036; baseline -0.002 -23"><span class='ocrx_word' id='word_1_377' title='bbox 18 3945 45 4000; x_wconf 84' lang='lat' dir='ltr'>ut</span> <span class='ocrx_word' id='word_1_378' title='bbox 59 3961 165 4016; x_wconf 79' lang='lat' dir='ltr'>eorum</span> <span class='ocrx_word' id='word_1_379' title='bbox 183 3947 293 4017; x_wconf 91' lang='lat' dir='ltr'>dolori</span> <span class='ocrx_word' id='word_1_380' title='bbox 314 3968 353 4017; x_wconf 85' lang='lat' dir='ltr'>ex</span> <span class='ocrx_word' id='word_1_381' title='bbox 374 3967 482 4033; x_wconf 87' lang='lat' dir='ltr'>aequo</span> <span class='ocrx_word' id='word_1_382' title='bbox 509 3946 769 4036; x_wconf 89' lang='lat' dir='ltr'>respondentem</span> <span class='ocrx_word' id='word_1_383' title='bbox 796 3946 932 4014; x_wconf 86' lang='lat' dir='ltr'>afferret</span> <span class='ocrx_word' id='word_1_384' title='bbox 960 3945 1150 4024; x_wconf 89' lang='lat' dir='ltr'>laetitiam,</span> <span class='ocrx_word' id='word_1_385' title='bbox 1179 3965 1264 4033; x_wconf 88' lang='lat' dir='ltr'>gau-</span> 
     </span>
     <span class='ocr_line' id='line_1_44' title="bbox 19 4017 1263 4124; baseline 0.003 -28"><span class='ocrx_word' id='word_1_386' title='bbox 19 4017 153 4105; x_wconf 77' lang='lat' dir='ltr'>dentibus</span> <span class='ocrx_word' id='word_1_387' title='bbox 168 4039 258 4124; x_wconf 90' lang='lat' dir='ltr'>quod</span> <span class='ocrx_word' id='word_1_388' title='bbox 277 4057 345 4104; x_wconf 93' lang='lat' dir='ltr'>non</span> <span class='ocrx_word' id='word_1_389' title='bbox 362 4035 474 4104; x_wconf 91' lang='lat' dir='ltr'>solum</span> <span class='ocrx_word' id='word_1_390' title='bbox 495 4033 585 4106; x_wconf 85' lang='lat' dir='ltr'>filios</span> <span class='ocrx_word' id='word_1_391' title='bbox 612 4035 830 4123; x_wconf 88' lang='lat' dir='ltr'>recepissent,</span> <span class='ocrx_word' id='word_1_392' title='bbox 858 4032 916 4102; x_wconf 90' lang='lat' dir='ltr'>sed</span> <span class='ocrx_word' id='word_1_393' title='bbox 934 4049 1068 4121; x_wconf 90' lang='lat' dir='ltr'>praeter</span> <span class='ocrx_word' id='word_1_394' title='bbox 1088 4053 1146 4102; x_wconf 92' lang='lat' dir='ltr'>eos</span> <span class='ocrx_word' id='word_1_395' title='bbox 1160 4032 1263 4102; x_wconf 89' lang='lat' dir='ltr'>etiam</span> 
     </span>
     <span class='ocr_line' id='line_1_45' title="bbox 22 4122 572 4214; baseline 0.044 -39"><span class='ocrx_word' id='word_1_396' title='bbox 22 4122 204 4206; x_wconf 74' lang='lat' dir='ltr'>accepissent</span> <span class='ocrx_word' id='word_1_397' title='bbox 221 4125 403 4214; x_wconf 88' lang='lat' dir='ltr'>pecuniam</span> <span class='ocrx_word' id='word_1_398' title='bbox 422 4125 448 4190; x_wconf 76' lang='lat'>*.</span> <span class='ocrx_word' id='word_1_399' title='bbox 560 4181 572 4199; x_wconf 37' lang='lat' dir='ltr'>a</span> 
     </span>
    </p>

    <p class='ocr_par' dir='ltr' id='par_1_5' title="bbox 22 4203 1264 4392">
     <span class='ocr_line' id='line_1_46' title="bbox 55 4203 1264 4302; baseline -0.004 -19"><span class='ocrx_word' id='word_1_400' title='bbox 55 4203 143 4286; x_wconf 69' lang='lat' dir='ltr'>§ll-</span> <span class='ocrx_word' id='word_1_401' title='bbox 167 4221 274 4299; x_wconf 79' lang='lat' dir='ltr'>Itque</span> <span class='ocrx_word' id='word_1_402' title='bbox 304 4217 493 4302; x_wconf 88' lang='lat' dir='ltr'>Imperator</span> <span class='ocrx_word' id='word_1_403' title='bbox 523 4211 664 4298; x_wconf 87' lang='lat' dir='ltr'>quidem</span> <span class='ocrx_word' id='word_1_404' title='bbox 700 4213 749 4281; x_wconf 91' lang='lat' dir='ltr'>sic</span> <span class='ocrx_word' id='word_1_405' title='bbox 783 4212 890 4280; x_wconf 89' lang='lat' dir='ltr'>evasit</span> <span class='ocrx_word' id='word_1_406' title='bbox 921 4211 1058 4296; x_wconf 87' lang='lat' dir='ltr'>scelus;</span> <span class='ocrx_word' id='word_1_407' title='bbox 1093 4214 1180 4279; x_wconf 82' lang='lat' dir='ltr'>Deus</span> <span class='ocrx_word' id='word_1_408' title='bbox 1204 4231 1264 4278; x_wconf 87' lang='lat' dir='ltr'>au-</span> 
     </span>
     <span class='ocr_line' id='line_1_47' title="bbox 22 4289 1263 4392; baseline 0.003 -29"><span class='ocrx_word' id='word_1_409' title='bbox 22 4289 72 4356; x_wconf 63' lang='lat' dir='ltr'>lem</span> <span class='ocrx_word' id='word_1_410' title='bbox 94 4298 119 4366; x_wconf 89' lang='lat' dir='ltr'>ei</span> <span class='ocrx_word' id='word_1_411' title='bbox 141 4301 315 4392; x_wconf 87' lang='lat' dir='ltr'>duplicem</span> <span class='ocrx_word' id='word_1_412' title='bbox 339 4301 533 4390; x_wconf 87' lang='lat' dir='ltr'>procurarit</span> <span class='ocrx_word' id='word_1_413' title='bbox 556 4298 715 4380; x_wconf 89' lang='lat' dir='ltr'>salutem,</span> <span class='ocrx_word' id='word_1_414' title='bbox 747 4311 780 4369; x_wconf 91' lang='lat' dir='ltr'>et</span> <span class='ocrx_word' id='word_1_415' title='bbox 812 4319 967 4369; x_wconf 89' lang='lat' dir='ltr'>summos</span> <span class='ocrx_word' id='word_1_416' title='bbox 991 4299 1034 4368; x_wconf 93' lang='lat' dir='ltr'>ad</span> <span class='ocrx_word' id='word_1_417' title='bbox 1058 4319 1137 4367; x_wconf 90' lang='lat' dir='ltr'>eum</span> <span class='ocrx_word' id='word_1_418' title='bbox 1161 4298 1263 4369; x_wconf 91' lang='lat' dir='ltr'>mittit</span> 
     </span>
    </p>
   </div>
   <div class='ocr_carea' id='block_1_4' title="bbox 41 4413 1072 4478">
    <p class='ocr_par' dir='ltr' id='par_1_6' title="bbox 41 4413 1072 4478">
     <span class='ocr_line' id='line_1_48' title="bbox 41 4413 1072 4478; baseline 0.012 -22"><span class='ocrx_word' id='word_1_419' title='bbox 41 4413 49 4427; x_wconf 75' lang='grc'><strong>“</strong></span> <span class='ocrx_word' id='word_1_420' title='bbox 64 4415 122 4462; x_wconf 73' lang='lat' dir='ltr'>tomo</span> <span class='ocrx_word' id='word_1_421' title='bbox 131 4437 174 4470; x_wconf 80' lang='lat' dir='ltr'>uon</span> <span class='ocrx_word' id='word_1_422' title='bbox 183 4425 319 4470; x_wconf 75' lang='lat' dir='ltr'>vtaaruane</span> <span class='ocrx_word' id='word_1_423' title='bbox 328 4428 487 4470; x_wconf 73' lang='lat' dir='ltr'>narrationem</span> <span class='ocrx_word' id='word_1_424' title='bbox 500 4426 560 4470; x_wconf 78' lang='lat' dir='ltr'>inter</span> <span class='ocrx_word' id='word_1_425' title='bbox 568 4427 733 4471; x_wconf 70' lang='lat' dir='ltr'>commentus</span> <span class='ocrx_word' id='word_1_426' title='bbox 742 4434 841 4478; x_wconf 75' lang='lat' dir='ltr'>prorsus</span> <span class='ocrx_word' id='word_1_427' title='bbox 851 4424 1002 4477; x_wconf 74' lang='lat' dir='ltr'>rejiciendam</span> <span class='ocrx_word' id='word_1_428' title='bbox 1012 4433 1072 4468; x_wconf 81' lang='lat' dir='ltr'>esse.</span> 
     </span>
    </p>
   </div>
   <div class='ocr_carea' id='block_1_5' title="bbox 0 0 1474 4812">
    <p class='ocr_par' dir='ltr' id='par_1_7' title="bbox 0 0 1474 4812">
     <span class='ocr_line' id='line_1_49' title="bbox 0 0 1474 4812; baseline 0 0"><span class='ocrx_word' id='word_1_429' title='bbox 0 0 1474 4812; x_wconf 95' lang='lat' dir='ltr'> </span> 
     </span>
    </p>
   </div>
  </div>
 </body>
</html>
