2932 4812
256 265 318 330 59l
531 283 569 328 nu
593 283 620 328 s.
648 281 821 329 svnvasrao
846 283 925 328 rura
950 283 987 329 rr
1011 281 1156 330 concess.
1288 257 1406 328 natat

211 366 533 528 praesumamur
562 365 657 436 vobis
688 378 800 434 autern
837 365 979 465 plurimi
1008 387 1050 434 ne
1081 367 1129 436 sic
1159 363 1277 451 quidem
1301 359 1411 457 abstine-

236 469 298 526 unt
322 455 364 524 ab
393 465 590 544 rmpretate,
617 453 675 524 sed
710 475 831 524 rursus
861 455 1057 525 retruebuut
1080 468 1111 523 et
1142 452 1351 544 amplectentur
1371 469 1412 514 rm·

212 557 445 720 Plgladlmdulrr
467 631 581 720 itaque
597 641 816 701 convocasset
841 643 1008 732 quotquot
1031 645 1129 701 erant
1146 636 1258 702 Romae
1274 627 1373 700 fideles,
1389 636 1410 690 et

211 723 374 792 omnibus
391 719 589 789 triduanum
613 721 841 809 praecepisset
855 719 1042 808 jejunium,
1070 733 1103 790 et
1126 733 1162 789 ut
1184 729 1321 808 rogarent
1337 713 1410 783 loni-

211 833 308 892 rrum,
324 822 362 878 nt
377 808 616 878 admirabilem
631 807 756 877 laceret
769 829 867 878 suam
885 808 1156 878 misericordiam
1173 830 1243 878 cum
1259 803 1410 876 serviacum.

210 913 242 970 et
261 901 310 968 eis
326 898 422 968 daret
439 897 616 966 materiam
632 909 663 966 et
680 897 895 966 occasionem
916 897 1050 979 salutis,
1074 898 1147 987 ipse
1166 911 1267 967 autem
1282 905 1345 964 ante
1358 889 1413 958 alica

212 986 398 1078 precationi
426 986 566 1055 vacabat
584 997 616 1054 et
631 985 776 1075 jejunio.
803 991 880 1055 Jam
902 997 1015 1054 autem
1040 999 1196 1076 peracto,
1244 984 1302 1054 uod
1321 978 1415 1071 praesti

211 1089 321 1147 tutum
348 1074 468 1154 luerat,
484 1074 628 1163 jejunio,
654 1079 770 1143 Petrus
797 1095 957 1144 summus
973 1075 1208 1164 Apostolorum
1223 1008 1301 1142 lruic
1318 1067 1415 1142 sanctie

211 1166 299 1235 simo
318 1164 403 1253 patri
421 1175 562 1252 apparet
579 1163 612 1231 in
641 1163 783 1244 somnis,
804 1163 934 1253 jubens
962 1174 1000 1231 ut
1023 1185 1063 1232 ex
1092 1162 1315 1234 Sacerdotibus
1334 1157 1416 1251 ethic·

210 1255 307 1326 conis
323 1253 366 1322 ab
382 1274 421 1322 eo
438 1264 697 1321 assumerentur
713 1252 749 1332 ii,
767 1273 855 1338 quos
871 1251 1013 1322 vocabat
1029 1254 1242 1332 nominatim,
1261 1264 1364 1320 etcum
1377 1243 1418 1312 illa

211 1342 340 1412 veniret
363 1341 405 1410 ad
434 1341 626 1430 ingressum
652 1340 849 1428 speluncae,
871 1353 903 1409 et
923 1339 994 1408 illic
1019 1345 1084 1410 lten
1110 1336 1419 1412 incruentumcllerrc

211 1430 343 1500 cultum
364 1453 371 1510 ;
398 1428 521 1498 deinde
547 1429 595 1500 sic
613 1429 743 1498 subiret
761 1450 820 1517 per
839 1450 908 1508 eos,
925 1429 986 1515 qui
1006 1441 1087 1500 sunt
1103 1431 1137 1498 irr
1155 1432 1238 1519 ipsa,
1258 1425 1374 1519 gradus,
1391 1421 1419 1486 ir·

210 1539 360 1608 censque
373 1531 408 1587 ut
420 1517 650 1604 alloqueretur
662 1517 860 1597 draconem,
876 1519 936 1604 qui
949 1517 1139 1603 dicebatur,
1158 1532 1190 1590 et
1203 1533 1306 1607 portas
1320 1511 1419 1584 babebat

211 1609 246 1677 in
263 1630 332 1686 ore,
350 1609 523 1696 praecepit
540 1619 577 1675 ut
593 1606 723 1675 clavem
740 1605 839 1676 ferrer
858 1606 1031 1686 manibus,
1049 1621 1080 1676 et
1096 1609 1234 1678 nomine
1247 1603 1419 1676 nomirtteu

211 1697 332 1767 Christi
363 1697 535 1774 invocato,
562 1695 604 1764 ad
635 1717 670 1764 se
694 1709 810 1784 portas
834 1696 993 1773 traheret,
1018 1709 1051 1764 et
1075 1696 1108 1764 iu
1130 1696 1299 1787 adaptatos
1320 1687 1418 1762 arrunla¹

210 1784 338 1854 clavem
365 1785 540 1874 injiceret;
566 1796 700 1854 etcum
727 1783 926 1862 clausisset,
958 1782 1107 1854 diceret:
1134 1790 1256 1856 «Haec
1280 1783 1353 1852 dicit
1371 1787 1419 1862 tpc

211 1873 319 1946 stolus
352 1879 493 1943 Petrus:
532 1877 602 1942 llae
637 1885 754 1962 portae
795 1893 861 1940 non
896 1871 1095 1960 aperientur
1126 1873 1298 1961 usquead
1332 1885 1419 1954 voute

210 1975 381 2034 carentem
410 1975 442 2031 et
468 1960 665 2032 horribilem
697 1961 787 2029 diem
810 1961 946 2048 judicii.
971 1982 989 2026 v
1014 1965 1120 2051 mque
1148 1964 1232 2034 haec
1257 1961 1374 2050 quidem
1393 1955 1419 2020 cic

211 2065 313 2122 noctu
338 2051 499 2120 mandata
525 2050 659 2120 lucrant
682 2061 800 2119 sancto
824 2049 994 2138 sylvestro
1017 2052 1061 2120 ab
1087 2052 1256 2138 hpostnlo.
1280 2057 1309 2120 Is
1330 2059 1419 2117 auten.

210 2155 247 2211 nt
266 2142 388 2231 jussus
413 2139 533 2218 luerat,
552 2151 585 2208 et
601 2137 731 2208 cultum
760 2139 899 2228 peregit,
918 2153 950 2210 et
968 2137 1156 2222 descendit,
1174 2155 1207 2211 et
1228 2141 1325 2231 portis
1338 2135 1419 2206 claren

209 2229 336 2299 intulit.
360 2228 517 2296 Videntes
537 2238 651 2296 antem
670 2227 819 2296 Gentiles
833 2249 912 2296 eum
929 2228 1192 2298 descendentem
1210 2231 1243 2298 iu
1260 2227 1419 2318 speluncam.

208 2317 449 2408 exspectabant
467 2315 550 2397 sore,
570 2327 607 2384 ut
628 2316 700 2404 ipse
719 2327 751 2386 et
772 2317 927 2403 quicum
948 2341 988 2388 en
1012 2331 1120 2398 erant,
1143 2319 1257 2388 statim
1277 2323 1421 2387 vorarentur

208 2407 403 2486 adracone,
422 2419 480 2474 aut
500 2403 674 2474 mortifero
690 2405 867 2474 interirent
880 2407 1046 2478 anhelitu.
1067 2411 1250 2494 Postquam
1273 2395 1422 2482 autemid·

210 2509 317 2564 vester
340 2506 373 2563 et
388 2494 447 2582 qui
472 2515 550 2563 cum
569 2514 608 2562 eo
627 2505 724 2564 erant
741 2493 971 2566 ascenderunt
991 2495 1112 2576 illaesi,
1131 2496 1263 2583 eosqui
1278 2487 1421 2584 spectabant

208 2585 298 2674 cepit
320 2583 513 2661 admiratio,
540 2593 572 2650 et
597 2581 792 2652 fatebantur
818 2584 885 2652 vim
906 2583 1081 2671 quandam
1101 2584 1255 2654 divinam
1281 2581 1363 2669 sequi
1375 2579 1423 2660 ltt·

208 2693 363 2764 scopum.
391 2677 473 2740 Cum
494 2672 608 2759 itaque
624 2672 667 2741 ab
684 2692 723 2741 eo
740 2683 891 2761 tempore
915 2675 997 2744 satis
1015 2673 1209 2744 transiisset
1232 2669 1389 2764 temporis.
1405 2676 1421 2727 ct

207 2774 375 2832 cessasset
389 2761 449 2847 qni
467 2783 486 2830 a
503 2760 651 2829 dracone
677 2760 883 2830 afferebatur
908 2763 1077 2843 interitus,
1095 2773 1128 2831 et
1151 2760 1269 2832 illaesa
1295 2757 1424 2831 mansisset

206 2851 336 2930 civitas,
359 2849 458 2918 multi
476 2871 514 2918 ex
532 2847 744 2930 infidelibus,
771 2861 803 2918 et
819 2851 888 2939 ipsi
905 2853 966 2938 qui
984 2872 1094 2940 nuper
1113 2852 1306 2922 serviebant
1319 2841 1423 2918 uranu.

206 2951 430 3008 accurrerunt
445 2937 487 3006 ad
506 2949 676 3019 sanctum,
694 2949 727 3006 et
746 2937 941 3010 fatebantur
954 2961 1028 3010 esse
1052 2960 1220 3030 magnum
1237 2945 1346 3019 Deum,
1361 2947 1424 3020 qttffl

206 3029 279 3116 ipse
303 3026 534 3116 praedicabat,
561 3041 592 3096 et
609 3025 776 3116 rogabant
794 3037 832 3098 ut
851 3027 1006 3100 divinum
1024 3029 1237 3119 baptismum
1253 3037 1425 3115 assequeret-

206 3129 273 3188 tur.
300 3120 405 3215 Quem
424 3116 563 3216 quidem
581 3127 661 3186 sunt
684 3117 844 3196 assecuti,
863 3129 896 3186 et
910 3119 954 3188 ab
978 3118 1153 3207 impietate
1169 3117 1315 3188 traducti
1337 3113 1370 3184 ad
1385 3125 1424 3197 pte

206 3217 320 3276 tatem.
348 3211 401 3273 Src
425 3204 564 3291 qurdem
591 3205 655 3273 luit
678 3204 730 3273 vir
754 3204 811 3274 ille
827 3218 967 3276 sanctus
987 3205 1107 3276 multis
1122 3228 1229 3276 causa
1253 3205 1371 3276 salutis.

248 3297 266 3383 ᾗ
290 3299 337 3365 9.
365 3299 447 3394 Cum
465 3306 578 3363 autem
595 3292 710 3362 adhuc
727 3294 855 3384 vigeret
870 3316 965 3366 error
983 3294 1177 3386 gentilium,
1197 3309 1231 3364 et
1248 3297 1309 3383 qui
1325 3295 1425 3379 impera·

205 3385 298 3465 bant,
318 3404 425 3453 errorr
442 3382 644 3462 serviebant,
664 3395 696 3450 et
712 3381 912 3454 hominibus
931 3384 1071 3471 quidem
1086 3383 1359 3464 dominabantur,
1378 3371 1425 3444 sub

201 3473 282 3561 jacti
301 3495 378 3542 vero
406 3484 502 3541 erant
529 3470 768 3553 daemonibus,
795 3470 969 3543 decretum
999 3473 1127 3559 ubique
1155 3471 1425 3562 proponerenttt

204 3562 397 3632 colerentur
420 3559 631 3642 simulacra,
658 3571 690 3630 et
713 3561 762 3630 eis
785 3561 829 3629 ab
853 3562 1015 3631 erunibus
1047 3563 1253 3632 ollerrentur
1279 3555 1424 3632 sacrifica:

202 3664 235 3720 et
251 3672 398 3740 magnus
414 3650 502 3718 inter
522 3653 748 3738 Imperatores
767 3662 799 3718 et
826 3649 976 3740 inclytus
1003 3651 1259 3732 Constantiana,
1285 3648 1371 3720 modo
1388 3643 1424 3708 itt·

203 3741 298 3843 perio
315 3740 455 3840 potitus,
473 3749 505 3806 et
526 3739 630 3808 errori
656 3737 771 3808 adhuc
796 3739 958 3819 serviens,
984 3739 1057 3829 ipse
1080 3761 1219 3827 quoqne
1245 3762 1346 3828 aeque
1361 3743 1424 3814 ,1an

201 3832 237 3912 ri,
264 3851 324 3916 qur
349 3849 427 3897 enm
455 3839 722 3916 praecesserant,
750 3826 852 3916 plane
868 3827 902 3896 in
923 3849 1038 3898 errore
1063 3841 1255 3899 versaretur
1274 3823 1422 3919 gentilium-

200 3932 232 3990 et
255 3919 389 3988 decreta
411 3917 655 4005 proposuisset,
682 3928 721 3985 ut
742 3917 948 4005 punirentur
975 3917 1171 3998 Christiani,
1196 3919 1263 3988 nisi
1289 3904 1424 4008 persutt't·

174 4063 175 4068 η
200 4019 319 4078 rentur
343 4005 509 4074 libamina
525 4005 646 4076 ollerre
663 4004 871 4087 simulacris,
896 4017 978 4076 tunc
993 4027 1075 4096 orgo
1095 4006 1153 4076 bic
1168 4029 1304 4094 quoque
1324 4009 1424 4088 magati

200 4108 315 4194 pater,
343 4116 423 4164 cum
439 4092 631 4182 judicasset
656 4115 723 4163 non
747 4106 903 4184 oportere
931 4097 1085 4185 seipsum
1108 4095 1259 4183 objicere
1279 4097 1425 4186 persecute

199 4183 308 4264 arbua,
331 4205 399 4252 non
420 4181 511 4269 quod
541 4204 607 4251 norr
627 4195 741 4273 posset
761 4185 835 4274 ipse
854 4182 941 4254 serre
961 4184 1132 4276 supplicia
1154 4207 1215 4274 pro
1239 4185 1369 4275 pietate,
1388 4163 1425 4239 §tl

199 4289 344 4365 parcens
369 4272 657 4360 persecutoribus,
678 4278 785 4342 Roma
808 4273 949 4361 quidem
965 4273 1108 4356 excedit,
1128 4273 1162 4343 in
1182 4287 1327 4344 montem
1348 4277 1423 4338 auten

200 4353 330 4436 abrens,
350 4359 398 4427 ibi
420 4381 454 4430 se
474 4361 666 4442 abscondit,
696 4360 765 4432 illic
790 4363 884 4435 solus
907 4385 985 4435 cum
1009 4368 1075 4435 beu
1092 4385 1244 4434 versans.
1266 4363 1328 4447 Oui
1347 4365 1423 4426 aurern
