2934 4810
23 285 82 348 itit.
105 287 122 348 8
368 297 632 348 ueurrnonoerurc
656 295 874 346 runusrulruu
1124 277 1226 346 t073l

23 383 130 454 ctoritate,
144 387 252 459 patrem
270 379 479 459 llomulphum
496 379 612 452 habuit,
642 385 696 452 est,
719 379 770 441 ubi
793 380 929 460 primum
944 378 1017 441 illnd
1041 379 1214 442 homericus
1234 380 1272 441 si-

22 461 155 538 uiucipem
184 462 261 524 lama
290 460 504 532 clarissimum,
524 465 555 522 et
576 458 614 520 oh
642 474 704 536 gno
726 455 832 521 Crucis
852 460 1075 536 consignassou
1097 461 1177 537 quod
1198 459 1275 525 mul·
1298 533 1302 544 1

22 543 138 616 gregium
159 547 294 604 navahm
317 556 453 619 operam,
476 537 614 600 Theode-
644 539 681 599 tls
695 539 788 601 etiam
810 539 951 616 deinceps
972 539 1115 616 aegrotis,
1131 538 1184 617 qni
1203 539 1276 602 inde

22 629 78 681 terto
109 620 178 698 Regi
224 637 371 699 peronam
414 619 612 692 familiarem,
642 617 795 691 biberant,
816 618 976 680 sanitatem
1000 617 1168 697 prodigiose
1191 622 1279 682 resti·

22 707 115 760 nahem
143 701 201 776 pari
231 700 389 762 nobilitate
410 697 614 770 Romulidam,
643 701 713 759 tuit.
736 697 809 760 Fuit
839 699 931 760 etiam
961 699 1071 776 spiritu
1101 700 1278 776 prophetiae

26 779 169 841 uilletensl
184 782 214 842 ln
226 781 302 843 urbe
313 779 456 860 palatium
467 779 612 840 habuere.
643 775 752 849 clarus,
773 795 833 854 nno
862 776 1027 840 Grimoaldi
1059 779 1091 838 in
1114 777 1277 856 Dagoborti

21 857 84 933 lapto
102 867 129 920 et
149 861 244 922 occiso
267 857 516 929 Theodeber10*‚
534 872 615 919 eam·
643 856 732 934 liegis
747 855 847 919 lilium
862 858 965 930 scelus,
980 865 1011 919 et
1024 857 1147 934 diguam
1164 858 1278 920 scelere

24 953 62 996 ern
81 939 222 1001 fortunam
245 938 434 1017 Romulphus
455 938 561 1008 subiit,
583 943 615 997 et
644 949 770 1012 poenam
794 938 943 1013 praevidit
973 936 1194 1015 praedixitque.
1222 938 1281 1002 bla-

21 1021 159 1080 touorlcus
179 1019 322 1098 princeps
342 1017 528 1081 haereditate
549 1031 615 1078 am·
643 1017 725 1078 xima
756 1023 826 1080 ante
856 1016 975 1078 obitum
1007 1015 1121 1080 laetitia
1149 1017 1229 1079 lleus
1251 1020 1276 1080 i-

21 1093 115 1158 ·lrssimo
136 1107 254 1174 exutus,
278 1099 408 1178 supplex
430 1097 616 1174 primum,a
644 1108 730 1171 psum
754 1095 946 1170 cumulavit,
971 1097 1043 1157 dum
1066 1104 1151 1158 entra
1174 1113 1206 1158 se
1229 1114 1278 1162 ra·

21 1175 185 1240 hunechilde
214 1185 345 1257 spretus,
368 1177 448 1240 floro
477 1175 616 1253 precibus
645 1181 853 1251 proscenium
871 1176 917 1236 sui
934 1175 1276 1254 monesterliliirgines‚

20 1253 132 1328 iumine,
147 1259 234 1334 paulo
257 1265 321 1336 post
341 1257 379 1320 ab
399 1257 506 1319 cadem
530 1256 616 1316 resti·
644 1268 712 1315 cum
735 1253 920 1331 hlegdellede
941 1254 1096 1318 hbhatissa
1125 1255 1276 1333 ingloria

20 1341 87 1404 utus,
101 1333 202 1398 Comes
216 1338 341 1414 insuper
363 1336 467 1398 Palatii
483 1335 516 1396 ln
531 1333 616 1395 Chlo·
644 1333 764 1396 coelesti
796 1333 1018 1410 triumphantes
1049 1335 1178 1398 intuitus
1209 1343 1277 1409 est,

20 1413 62 1472 arii
78 1411 108 1486 ll,
122 1431 154 1476 ac
173 1417 285 1478 deinde
306 1416 362 1478 lilii
383 1413 546 1492 [ingoberti
561 1429 616 1475 au·
644 1426 676 1474 ea
699 1413 813 1476 visione
843 1413 921 1475 haud
949 1411 1049 1476 leuem
1077 1415 1276 1478 Fundationis

20 1506 54 1550 rm
68 1493 188 1556 adscitus
198 1505 256 1572 est,
271 1503 302 1558 et
314 1499 415 1572 magui
428 1495 556 1558 habitus.
570 1493 615 1554 nd
644 1507 715 1556 suae
736 1493 885 1567 lrnctum,
907 1499 939 1554 et
960 1495 1087 1568 praemii
1109 1510 1141 1556 se
1167 1511 1220 1558 ens
1241 1512 1277 1558 e·

19 1585 87 1644 psum
99 1591 165 1636 cum
186 1575 350 1656 aliquando
365 1577 490 1637 Amatus
505 1573 538 1610 *⁸¹
558 1572 616 1634 Lu·
644 1573 752 1634 cientis
772 1577 968 1652 praegustum
990 1573 1188 1653 praecipiens.
1212 1511 1278 1638 gla-

19 1653 138 1715 zertensis
153 1655 322 1718 monachus
339 1655 521 1728 divertisset,
533 1669 616 1715 sum·
646 1653 709 1712 ruit
729 1652 872 1732 Princeps
892 1653 1100 1714 sanctissimus
1120 1655 1176 1717 sub
1199 1671 1279 1718 anno

19 1737 45 1790 ta
72 1733 105 1794 ab
137 1736 238 1796 aureis
274 1742 366 1812 atque
395 1735 552 1812 argenteis
582 1733 614 1794 ln
645 1729 757 1794 Christi
769 1732 838 1807 625,
850 1731 1181 1810 cuiussacnumcorpns
1194 1742 1278 1798 tanto

19 1823 91 1872 nonu
121 1812 257 1876 lancibus
277 1815 447 1886 occasione,
468 1813 505 1875 de
526 1814 616 1876 rani·
646 1818 719 1888 post,
740 1811 796 1873 sub
816 1827 934 1874 cunum
964 1812 1113 1874 nirnlrdm
1135 1812 1204 1888 atu,
1227 1831 1278 1876 re·

19 1897 55 1948 ue
73 1893 175 1956 saeculi
207 1893 282 1955 adeo
311 1903 379 1971 apte
401 1893 559 1964 disseruit,
582 1900 617 1954 ut
645 1897 768 1969 pentum
803 1895 848 1952 est
876 1892 1201 1967 incorruptissimum,
1238 1893 1278 1956 ita

18 1969 160 2034 tornaricus
180 1975 269 2050 gravi
302 1974 382 2036 illico
413 1973 616 2050 periturorum
645 1971 781 2048 quidem,
814 1977 848 2032 ut
882 1969 981 2047 attona
1018 1979 1101 2047 parte
1135 1972 1278 2047 incisum,

18 2048 107 2110 ustidio
137 2050 299 2114 laboraret.
323 2052 503 2114 Monachum
528 2048 623 2129 proin'
646 2051 810 2112 maximam
832 2051 962 2111 recentis
986 2051 1143 2127 sanguinis
1163 2052 1279 2128 copiam

18 2131 114 2190 tuoni
129 2131 175 2168 *⁴³*
190 2132 356 2210 protessus,
373 2131 517 2210 propositi
539 2131 616 2208 eius·
645 2129 798 2204 tunderet,
818 2128 960 2207 plurimis
980 2130 1072 2190 etiam
1095 2139 1166 2192 tunc
1188 2133 1279 2194 mira·

18 2207 62 2264 lem
81 2225 96 2270 e
117 2211 267 2273 lamulitio
288 2227 354 2282 suo,
374 2211 469 2272 socios
490 2212 616 2288 triginta
646 2208 721 2270 culis
737 2209 923 2272 illustratum
939 2209 1059 2264 ‘'m-o

18 2283 110 2362 abuit;
131 2291 244 2367 quibus
264 2289 315 2352 ille
336 2306 396 2352 non
418 2291 507 2352 aliter
527 2290 617 2351 deiu-

20 2377 68 2438 eps,
88 2377 116 2430 at
137 2385 173 2432 ue
194 2370 336 2432 Dominis
354 2371 417 2432 suis
446 2367 617 2432 humillime
739 2375 770 2438 s,
785 2376 972 2440 ΡΑΤΑΡιυε
987 2378 1182 2441 sommus,

17 2385 206 2533 err-lltffioud
238 2450 309 2510 dein
334 2466 402 2512 cum
426 2449 615 2511 llbbatissui
835 2485 860 2545 Α
879 2490 924 2544 Η
967 2485 993 2546 -n
1046 2492 1056 2545 l

17 2528 97 2610 'eura
117 2527 152 2590 ad
174 2529 341 2591 liventium
370 2530 434 2558 Ν*
467 2533 616 2616 (castrum
863 2499 940 2545 ΒΜ
961 2501 970 2545 ¹
995 2500 1088 2545 wa·

17 2599 65 2662 rlim
88 2609 187 2686 suum)
208 2609 375 2687 protectus,
399 2608 513 2671 ibidem
536 2609 616 2669 viro·
684 2605 914 2672 Mnurunoc.--
930 2607 1190 2687 Constantinopoli
1207 2626 1278 2672 san-

19 2693 61 2740 un
80 2687 207 2750 condere
229 2690 460 2758 monasterium.
481 2687 519 2749 ad
540 2685 617 2748 radi·
645 2687 696 2756 cti¹
718 2686 850 2750 Paruum
881 2687 1022 2760 Solitarii,
1055 2689 1220 2752 virtutibus
1250 2695 1282 2752 et

18 2773 43 2817 cs
61 2771 151 2828 antem
172 2767 289 2829 montis
312 2777 430 2848 septem
452 2767 616 2844 virginum
646 2765 801 2828 miraculis
816 2766 899 2829 clari.

17 2843 154 2927 cenobiola
176 2846 280 2910 moliri
302 2863 474 2925 aggressus,
503 2845 618 2908 duode-
687 2845 798 2908 Thebis
820 2849 852 2908 in
875 2848 1011 2926 Aegypto
1036 2856 1199 2910 natusest.
1226 2847 1281 2911 Pa-

17 2925 197 3009 imprimam
222 2929 336 3068 cuique
357 2925 469 2989 Christi
491 2924 618 2989 famulas
648 2925 735 2998 triae,
763 2927 950 3004 parentibus,
978 2929 1141 3006 amicisque
1164 2927 1278 2992 valedi-

17 3008 150 3087 pugnavit
170 3016 202 3068 et
228 3007 278 3068 iuc
294 3008 365 3079 usit,
387 3022 466 3086 quae
491 3005 547 3068 sibi
572 3005 619 3065 in·
646 3019 729 3080 cens,
746 3007 778 3066 ln
793 3006 990 3068 solitudinem
1010 3006 1171 3084 quamdam
1187 3023 1217 3070 se
1231 3007 1283 3070 ab·

20 3093 86 3144 icem
107 3085 314 3162 pulcherrimo
335 3086 442 3148 ordine
460 3083 619 3148 etnicibus
646 3083 735 3146 didit.
765 3084 841 3147 Cum
872 3086 971 3161 multi,
1005 3093 1125 3165 propter
1156 3103 1282 3150 suarum

17 3154 109 3223 lteruis
128 3165 334 3239 succedentes,
362 3166 426 3227 dies
456 3171 619 3242 noctesque
648 3163 1280 3244 virtutumlamamedeumconlluerent,

17 3240 89 3302 tudes
108 3244 239 3319 divinas,
265 3261 424 3323 nunqnam
447 3245 619 3322 interrupto
647 3244 673 3304 is
688 3241 983 3322 Constantinopolim
1002 3245 1150 3324 perrexit,
1165 3247 1227 3319 ubi,
1242 3247 1281 3308 ad

17 3317 82 3381 tilicti
104 3341 194 3386 cursu
216 3326 438 3388 continuarent.
457 3323 619 3386 iliraculn·
649 3339 783 3397 murum,
799 3325 850 3401 qui
864 3333 910 3386 est
928 3325 960 3385 in
975 3325 1162 3398 Blachernis,
1176 3325 1279 3388 sedeur

17 3411 58 3487 tn
79 3401 183 3478 gloria,
204 3403 400 3468 admirandus
421 3403 490 3466 luit.
506 3403 551 3466 hd
572 3419 620 3464 re·
647 3417 732 3465 suam
754 3418 879 3481 ponens,
900 3403 955 3466 soli
985 3405 1041 3467 sihi
1062 3412 1093 3466 et
1113 3405 1175 3467 ileo
1196 3419 1281 3466 vaca-

19 3489 109 3548 grosae
140 3484 251 3546 uiduae
281 3500 353 3547 cum
385 3483 560 3554 diverteret,
589 3487 621 3542 et
649 3482 709 3554 bat,
726 3482 832 3560 hospes
846 3483 1008 3546 solitarius.
1022 3483 1161 3547 iliracula
1178 3491 1281 3546 umen

17 3569 50 3616 rsa
70 3561 234 3624 admodum
252 3562 381 3634 doleret,
397 3561 475 3625 nihil
496 3561 552 3625 sibl
575 3576 621 3624 ce·
649 3561 734 3638 pluro
757 3570 787 3624 et
809 3563 942 3640 insignia
966 3579 1018 3640 per
1039 3563 1182 3626 eumdem
1202 3562 1281 3625 Deus

17 3637 112 3702 elisiae
133 3657 301 3720 superesse,
321 3640 400 3720 quod
422 3649 479 3705 mm
502 3658 571 3704 caro
591 3647 622 3702 et
649 3643 799 3718 patrarit,
834 3659 910 3721 puae
938 3642 1152 3722 lletaphrastes
1174 3643 1280 3706 relect.

17 3724 86 3780 ructo
108 3721 216 3800 hospiti
248 3723 436 3800 propinaret,
459 3719 620 3799 impletum
650 3719 759 3798 Magno
779 3723 931 3797 omnium,
947 3722 1058 3802 quibus
1072 3723 1138 3799 eJus
1153 3723 1282 3784 virtutes

20 3791 69 3854 lico
98 3799 214 3862 dolium
236 3801 332 3881 zytho
365 3801 621 3878 praestantissimo

676 3891 716 3918 ”⁰
731 3889 828 3936 donico,
847 3891 946 3936 lrueutl.
960 3892 1000 3932 ubi
1015 3893 1036 3932 S.
1051 3891 1208 3934 columbensis
1224 3891 1283 3930 oete·

20 3945 30 3965 ⁸
40 3947 212 3993 Theodehertuc
226 3964 266 3994 ror
281 3954 332 3994 eret
345 3953 489 3994 Austrartue.
500 3953 567 3993 Auno
577 3951 622 3998 cla,
649 3953 893 3994 berrlmumtundsvtt
902 3953 1046 3994 coenobium.

20 4005 155 4053 Theoderico
169 4015 192 4054 11
206 4013 286 4068 (vulgo
304 4015 413 4066 thierry).
428 4012 622 4065 Burgundionum
676 4016 733 4044 Μ*
746 4016 810 4056 idem
829 4017 867 4056 eat
887 4016 949 4064 quod
967 4016 1060 4065 vulgari
1073 4013 1154 4065 lingna
1167 4015 1285 4065 liupoton

17 4077 50 4116 tt,
62 4073 166 4121 ciusdem
179 4075 261 4123 frutra,
274 4079 328 4127 post
342 4085 450 4126 mugnum
461 4077 552 4118 eisdem
560 4077 622 4127 apud
650 4079 805 4126 nuncupetur.

17 4131 82 4174 ullum
88 4135 168 4188 (vulgo
177 4138 247 4192 Torsit,
254 4141 363 4180 devictus
369 4139 499 4190 septusque
505 4139 557 4180 tuh.
565 4141 622 4180 Bru·
676 4140 897 4180 ”ursmommtct
908 4149 988 4180 noerae
999 4137 1097 4180 exurite
1105 4139 1129 4179 tn
1139 4139 1160 4179 Β.
1167 4138 1230 4180 Petri
1238 4147 1286 4179 mae

17 4193 226 4250 untimelpoormu
235 4202 470 4250 avlse,tuntu,morll
479 4201 563 4242 delude
577 4201 623 4242 trs·
650 4202 762 4253 guittoum
775 4201 966 4250 temptumquon
980 4201 1043 4240 ultre
1053 4201 1176 4242 Mosellam
1192 4201 1287 4249 vicitur,

19 4258 104 4302 lusere.
650 4273 711 4304 enno
726 4265 771 4310 91⁰,
785 4265 914 4304 transistus
929 4263 1002 4310 luero,
1017 4259 1096 4310 ibique
1111 4258 1286 4303 reconditum

22 4319 45 4342 ‘⁸
58 4321 131 4370 Hujus
146 4324 168 4366 S.
182 4327 259 4366 Amett
278 4325 364 4367 testum
383 4325 422 4366 die
441 4326 466 4365 ia
482 4323 622 4373 septembris
650 4327 755 4366 theone
770 4327 809 4373 Pp.
824 4325 854 4364 ix
868 4325 892 4364 in
910 4324 1051 4364 Senatorum
1063 4323 1199 4372 catalogum
1211 4323 1285 4364 edeci-

17 4379 128 4426 domatur.
651 4389 691 4428 tus
701 4386 756 4437 luit,
765 4396 825 4426 anuo
836 4387 894 4427 loto.
