2946 4798
36 335 106 400 ott.
131 335 172 401 28
386 353 425 402 nr
449 355 493 402 ss.
521 355 607 414 rnna,
635 353 742 404 noune
766 354 833 403 ιιι.
860 356 917 403 ιιιι.
1180 340 1244 405 527

33 437 141 526 praeda
155 437 307 529 effugiat.
329 438 393 508 Sed
419 438 587 508 militibus
603 438 742 526 quidem
762 453 1059 530 praeoccupentur
1076 441 1193 532 tempii
1212 443 1287 512 adi-

32 539 95 596 tus:
112 539 172 596 stet
195 540 310 597 autem
338 549 398 596 ara
417 541 495 596 ante
515 542 652 617 portas:
679 527 879 600 accedentes
904 551 982 599 vero
1008 552 1205 618 praecones,
1228 533 1287 622 ju·

30 615 116 683 beant
140 616 281 702 quidem
307 637 429 687 omnes
453 639 472 687 e
496 617 624 706 templo
648 617 776 708 egredi,
799 631 830 688 et
856 617 941 687 nihii
975 633 1177 690 cunctantes
1205 642 1286 690 arae

29 701 216 774 sacrificare.
244 705 305 775 Sin
330 719 530 776 autemnon
559 720 710 794 pareant,
732 705 815 793 quid
840 707 884 777 sit
909 707 1072 798 deinceps
1096 707 1284 800 agendum,

28 805 169 874 statuere,
201 795 250 862 tui
282 805 335 864 est
365 794 502 884 imperii
530 806 561 864 et
588 794 725 884 judicii.
755 795 852 878 Quod
878 796 907 867 si
932 798 996 867 hoc
1026 819 1164 887 quoque
1187 798 1287 869 nobis

27 881 179 1036 permittis
194 882 323 966 dicere,
342 882 422 972 igne
439 883 604 972 templum
632 884 859 955 circumcirca
876 886 1205 975 comprehendentes
1223 887 1287 954 mi-

40 969 104 1051 ites‚
122 972 279 1060 protinus
298 971 443 1061 perdant
462 994 520 1041 eos
545 971 605 1060 qui
631 994 698 1042 non
724 972 972 1063 obtemperant.
991 977 1029 1044 Et
1049 976 1097 1046 sic
1118 976 1196 1045 iilos
1211 975 1287 1063 qui-

27 1057 95 1125 dem
117 1059 292 1130 demedio
318 1060 426 1144 tolles,
446 1061 506 1148 qui
531 1060 565 1130 in
593 1060 696 1132 rebus
722 1063 918 1152 praecipuis
935 1064 1120 1153 perniciem
1139 1065 1287 1134 afferunt

30 1146 88 1214 tuis
103 1147 254 1238 populis:
276 1163 308 1218 te
326 1162 438 1219 autem
459 1149 658 1221 liberabisa
683 1171 779 1232 cura,
798 1172 886 1248 quae
908 1165 1003 1222 tuum
1030 1154 1185 1222 animum
1212 1174 1286 1242 pre-

32 1236 85 1303 mit
106 1257 165 1305 non
182 1237 415 1319 mediocriter,
435 1237 525 1310 sicut
549 1258 611 1309 nos
636 1260 703 1308 non
728 1239 942 1330 ignoramus.
962 1241 1154 1311 »Nondum
1181 1242 1285 1312 finem

32 1339 186 1414 acceperat
212 1327 348 1396 oratio:
380 1327 552 1418 excipiens
576 1341 689 1397 autem
716 1329 964 1399 Maximianus:
992 1349 1009 1396 ι
1036 1331 1129 1411 ιιιο,
1159 1331 1282 1418 inquit,

30 1414 176 1486 maximos
199 1415 297 1498 deos,
320 1437 373 1485 me
398 1417 481 1486 haec
500 1416 639 1506 jamdiu
660 1438 812 1487 versasse
836 1417 1021 1488 inanimo.
1045 1420 1163 1490 Nescio
1192 1441 1281 1500 vero,

29 1500 78 1585 qui
98 1500 218 1574 iactum
241 1505 300 1588 sit,
319 1517 358 1574 ut
381 1526 420 1574 ea
443 1527 531 1595 quae
546 1506 748 1596 cogitaram,
770 1505 923 1576 nondum
946 1508 1009 1576 sim
1027 1521 1202 1578 executus.
1220 1507 1284 1578 Sed

29 1589 110 1659 robis
133 1613 289 1684 magnae,
309 1615 330 1662 o
353 1593 414 1675 dii,
436 1615 501 1684 ago
521 1595 661 1684 gratias,
681 1593 772 1682 quod
799 1591 990 1675 effeceritis,
1010 1609 1048 1665 ιιι
1069 1596 1124 1666 his
1148 1619 1285 1686 quoque

29 1692 202 1768 opportune
227 1683 361 1752 veniret
384 1683 418 1751 in
442 1695 602 1766 mentem,
624 1683 715 1770 quod
734 1695 822 1767 esset
840 1683 1071 1754 conducibile.
1090 1708 1107 1752 n
1123 1692 1162 1756 Et
1178 1685 1284 1756 simui

27 1764 120 1850 jubet,
137 1783 174 1840 ut
197 1771 306 1871 primi
329 1793 369 1840 ex
394 1773 656 1853 Protectoribus,
675 1795 756 1842 cum
778 1795 904 1864 magna
930 1795 1036 1843 manu
1056 1773 1206 1844 militum
1228 1797 1285 1845 ec-

31 1851 150 1926 clesiam
175 1859 501 1940 circumdedissent,
524 1861 708 1930 sarmentis
732 1874 763 1931 et
790 1881 1010 1949 quacumque
1037 1861 1102 1931 alia
1130 1863 1281 1942 materia,

32 1963 104 2025 quae
124 1945 220 2017 facile
244 1949 458 2031 accenditur,
478 1949 512 2018 in
539 1949 655 2019 orbem
676 1965 837 2041 congesta
857 1964 889 2021 et
909 1950 1077 2040 apposita,
1097 1951 1140 2021 ad
1166 1951 1285 2109 tempii

33 2045 143 2117 portam
161 2057 257 2107 aram
279 2050 482 2107 statuerunt.
503 2038 642 2120 Deinde,
661 2051 700 2108 ut
723 2059 910 2128 praecones
930 2039 1023 2109 ciara
1048 2061 1127 2109 voce
1153 2060 1233 2129 proc
1275 2081 1283 2092 ·

33 2137 155 2206 marem,
184 2139 222 2196 ut
253 2147 377 2196 onrnes
401 2125 541 2209 exirent,
570 2127 668 2197 etad
695 2149 789 2197 aram
815 2127 1017 2200 accederent
1040 2127 1281 2199 sacrificaturi.

33 2211 110 2306 Quod
133 2215 160 2282 si
185 2236 251 2285 non
282 2229 452 2304 parerent,
473 2217 579 2305 portis
603 2215 716 2285 statim
742 2217 871 2305 optime
895 2217 1036 2299 clausis,
1055 2231 1087 2287 et
1103 2218 1197 2287 omni
1216 2216 1283 2287 alio

35 2316 75 2394 ers
94 2299 258 2374 obstructo
284 2304 387 2386 exitu,
407 2303 521 2394 ignem
549 2304 798 2374 accenderent:
829 2320 866 2375 ut
890 2305 940 2375 sic
964 2327 1084 2376 omnes
1108 2329 1176 2375 una
1201 2329 1281 2376 cum

35 2405 96 2470 ipso
116 2393 237 2482 templo
264 2393 427 2482 perirent,
446 2405 479 2462 et
501 2405 539 2462 ut
563 2392 660 2483 digni
690 2407 781 2474 sunt,
809 2393 852 2463 ab
877 2393 956 2484 igne
981 2407 1280 2466 consumerentur.

33 2475 64 2542 n
85 2475 156 2550 haec
174 2481 318 2567 quidem
341 2487 539 2571 imperator.
1243 2507 1246 2516 ·

67 2565 82 2650 ι
104 2571 170 2640 22.
189 2568 347 2640 Nuncius
363 2583 475 2639 autem
503 2569 615 2642 statim
643 2569 790 2642 mittitur
813 2570 855 2640 ad
874 2571 1066 2654 ecclesiam,
1088 2585 1125 2641 ιιι
1141 2571 1279 2653 diceret,

31 2669 104 2736 quae
121 2657 238 2744 jussus
264 2657 375 2728 iuerat
401 2659 444 2728 ab
473 2663 693 2749 imperatore.
720 2662 758 2728 In
787 2660 937 2730 medium
965 2661 1079 2751 itaque
1103 2661 1281 2742 accedens,

30 2751 55 2807 et
77 2763 190 2836 magna
208 2769 290 2816 voce
314 2746 486 2816 clamans:
507 2770 524 2813 ι
543 2751 568 2818 0
584 2747 753 2828 bominac,
773 2749 1014 2829 Maximianus,
1034 2749 1156 2837 inquit,
1175 2749 1280 2831 orbis,

31 2840 122 2901 terrae
148 2835 324 2917 dominuS,
344 2857 397 2904 me
421 2834 463 2905 ad
490 2857 548 2905 vos
576 2837 693 2917 misso,
712 2835 854 2908 alterius
878 2860 918 2907 ex
942 2837 1080 2908 duobus
1106 2836 1164 2908 dat
1189 2839 1284 2909 vobis

29 2919 202 3005 optionem:
228 2937 269 2995 ut
293 2935 352 2993 aut
375 2923 442 2994 diis
467 2923 687 2994 sacrificetis:
705 2924 801 2995 adest
817 2927 909 2996 enim
935 2947 994 2996 ara
1014 2939 1148 3016 parata3
1167 2939 1236 3009 aut,
1255 2928 1284 2996 si

31 3023 87 3075 non
105 3014 259 3099 pareatis,
278 3033 399 3082 omnes
423 3012 525 3083 simui
568 3013 710 3082 creatis:
735 3027 868 3104 praesto
885 3028 935 3085 est
954 3015 1045 3084 enim
1067 3017 1074 3084 i
1105 3017 1169 3085 nis.
1185 3016 1283 3099 Quod

28 3115 96 3185 ergo
120 3099 231 3183 ruitis,
251 3101 511 3191 quamprimum
529 3035 655 3192 eiigite.
677 3123 694 3169 ιι
716 3105 864 3173 Cessarit
889 3104 957 3184 iiie,
977 3127 1056 3174 cum
1079 3039 1161 3175 iaec
1178 3105 1284 3176 dixis-

30 3198 80 3278 set.
100 3189 267 3260 Ecclesiae
291 3205 404 3260 autem
434 3191 716 3272 archidiaconus,
743 3213 821 3260 oum
847 3191 877 3261 ci
902 3206 990 3262 esset
1013 3215 1072 3262 cor
1097 3214 1281 3264 accensum

30 3291 96 3359 igne
117 3275 251 3350 divinae
276 3280 416 3370 gratiae,
436 3293 531 3348 stans
555 3279 597 3349 ad
615 3300 724 3350 cornu
744 3279 879 3350 aitaris:
903 3303 921 3347 ιι
943 3284 1055 3363 Ονοι,
1076 3281 1199 3438 inpuit
1217 3282 1283 3348 mei

29 3355 144 3446 iratres
170 3380 202 3436 et
228 3369 315 3437 inter
339 3389 397 3438 vos
423 3368 565 3439 invicem
591 3369 788 3449 unanimes,
818 3371 958 3440 nescitis
986 3392 1111 3457 quema
1141 3369 1281 3438 modum

29 3467 135 3532 quaea
153 3456 261 3526 tribus
281 3457 395 3545 pueris
412 3455 608 3536 factasunt,
629 3457 732 3544 paulo
750 3470 828 3526 ante
847 3472 1101 3548 persequentes,
1121 3457 1189 3526 dici
1213 3478 1281 3526 non

31 3551 133 3622 potest,
151 3559 321 3630 quantum
346 3567 464 3615 eorum
490 3545 752 3616 admirabamur
769 3547 941 3628 virtutem,
960 3561 992 3618 et
1011 3568 1130 3617 eorum
1156 3547 1191 3614 in
1211 3547 1282 3637 pie-

29 3633 83 3693 tate
104 3635 327 3732 stupebamus
351 3633 600 3705 sortitudinem.
627 3636 666 3704 Et
689 3634 984 3722 quemadmodum
1010 3657 1078 3705 non
1104 3647 1282 3724 tamquam

29 3724 139 3818 stantes
163 3743 197 3791 m
223 3722 335 3793 medio
355 3724 458 3814 ignis,
477 3723 536 3794 sed
562 3723 596 3793 in
616 3721 711 3794 molli
736 3724 852 3813 aliqua
877 3723 983 3795 herba
1008 3725 1131 3794 choros
1155 3724 1283 3795 ducen-

29 3807 164 3902 tes31psi
191 3823 226 3879 et
248 3812 418 3902 hymnum
443 3813 624 3894 canebant,
654 3825 687 3882 et
710 3831 846 3882 omnem
874 3825 1023 3883 creatam
1053 3824 1213 3883 naturam
1238 3811 1281 3881 ad

29 3907 247 3982 universorum
287 3906 392 3972 Deum
425 3901 641 3974 laudandum
670 3901 865 3972 vocabant?
887 3901 957 3974 nos
982 3924 1044 3974 nos
1073 3921 1143 3971 non
1169 3899 1283 3969 solum

28 3977 253 4058 judicabamus
275 3991 404 4072 beatos,
424 3990 483 4060 sed
508 4012 627 4060 eorum
654 4011 792 4078 quoque
822 4011 1029 4062 coronarum
1053 3987 1283 4081 cupiebamus

32 4081 91 4136 esse
104 4075 195 4145 socii.
213 4079 381 4160 Quoniam
398 4091 525 4171 ergoet
544 4101 638 4150 nunc
655 4101 718 4149 nos
738 4091 835 4150 vocat
852 4093 1000 4171 tempus,
1018 4093 1051 4150 et
1070 4092 1151 4150 sunt
1172 4097 1283 4147 mores

33 4151 257 4254 Imperatorum
279 4168 409 4238 similes
423 4169 519 4258 (nam
538 4168 601 4238 etsi
619 4169 820 4238 nominihus
838 4168 1013 4250 differunt,
1030 4181 1063 4238 ιι
1080 4165 1283 4239 crudelitate

38 4249 62 4336 a
76 4253 234 4344 impietate
258 4257 407 4328 maxime
430 4256 667 4346 conveniunt),
687 4255 880 4328 efficiamur
905 4279 967 4328 nos
993 4278 1131 4344 quoque
1159 4256 1283 4347 pietate

40 4334 201 4412 antestis
225 4347 284 4431 qui
310 4359 390 4416 tunc
407 4347 637 4418 decertarunt.
659 4345 838 4428 Quomodo
854 4347 947 4416 enim
967 4368 1034 4416 non
1050 4359 1139 4416 esset
1159 4345 1282 4414 absur-

41 4411 116 4504 dum,
133 4427 205 4502 iiios
227 4434 380 4522 quidem,
399 4457 480 4507 cum
510 4446 624 4506 essent
658 4435 770 4524 pueri,
800 4447 833 4504 et
858 4456 920 4504 nec
946 4433 1062 4525 plures
1093 4435 1225 4516 tribus,
1251 4444 1283 4502 et
