2920 4810
233 281 315 350 982*
586 299 849 349 utnrtnuuoctttrt
874 301 1088 350 tutusrnnuuu
1305 258 1402 330 3053*

191 382 241 446 ille
260 399 292 444 se
308 399 361 462 pro
376 385 493 446 ratione
509 383 660 458 temporis,
681 398 742 460 quo
762 384 823 442 siu·
853 397 925 461 pum
953 381 1167 444 instituendum
1188 365 1403 459 οιῑιῑχῐέῐῐὶθῃ.αις

189 463 251 540 guli
265 465 460 525 continenter
477 465 633 532 vixissent,
648 463 715 526 aliis
725 460 824 538 plura,
851 469 1076 535 autemeetate
1089 441 1402 540 procedentesmuletcu

188 541 257 604 eliis
271 546 407 620 pauciora
421 542 518 604 oscula
531 541 733 604 distribuisse.
746 541 823 602 Eum
852 545 1003 604 virtutum
1031 541 1163 618 capiebat
1177 545 1200 600 et
1213 535 1359 596 mentorum
1372 531 1401 578 tt·

189 630 303 696 eutem,
325 637 416 700 quem
431 623 542 700 septies
562 621 714 683 osculatus
734 627 822 696 esset,
850 629 1014 683 crementa.
1046 621 1137 683 Nocte
1166 615 1277 697 quadem
1299 619 1352 667 cum
1367 598 1401 658 lc

190 703 346 778 virginem
371 702 572 780 permansisse
593 701 650 762 nit:
674 707 764 779 etque
783 715 821 762 eu
850 702 958 780 sprinii
973 701 1005 736 **
1018 709 1107 777 esset,
1122 695 1219 761 uncad
1239 707 1267 752 sc
1281 681 1400 776 inuoluat·

188 781 823 859 suseptennrionurnerovtrginttctispree·
851 786 970 849 ceretto,
982 782 1130 844 orationis
1144 778 1220 841 causi
1233 771 1397 856 vetustissimi

188 862 332 924 stantiam
348 859 475 936 intelligi
492 859 613 934 debere,
635 862 821 938 quaevirtu-
850 861 930 922 beati
954 857 1077 940 Georgii
1103 857 1230 937 martyris
1241 849 1362 944 ecclesnu
1371 853 1397 926 ii·

191 948 236 1003 tes
251 940 324 1002 alias
343 939 514 1010 antecellat,
529 947 559 1000 et
570 939 608 1002 ad
620 940 758 1002 cordium
777 956 822 1001 uc·
853 941 911 1014 tiit,
927 940 1031 1019 ibique
1052 947 1125 1002 ante
1151 951 1221 1001 aram
1244 946 1271 995 tu
1293 933 1394 1006 predi·

189 1036 251 1098 oue
282 1020 404 1080 intimos
425 1034 585 1092 recessus,
610 1020 661 1096 qui
684 1018 739 1080 soli
761 1019 822 1080 lieo
850 1019 1013 1093 cumbens‚
1035 1019 1116 1098 opud
1136 1037 1168 1080 se
1185 1003 1397 1104 disquireremtl·

190 1106 352 1176 patescunt,
373 1106 524 1177 penetret,
539 1103 570 1160 et
584 1099 754 1160 reconditas
770 1099 822 1160 bo·
850 1099 1002 1178 quodnam
1019 1099 1185 1179 possetlleo
1198 1091 1399 1180 gratissimuutti·

190 1179 309 1240 minum
337 1185 454 1240 meotes
478 1179 645 1240 intueatur.
668 1177 822 1240 Proiectus
852 1195 909 1240 nus
935 1179 1055 1241 olierre.
1088 1179 1164 1241 Ecce
1195 1182 1282 1238 cutem
1311 1174 1401 1226 moen

190 1258 260 1320 indc
284 1257 356 1332 liert,
385 1273 455 1320 cum
474 1257 562 1334 nujus
590 1259 634 1319 rei
658 1258 819 1320 certiorem
851 1259 968 1320 lumine
983 1267 1042 1321 tote
1058 1267 1184 1337 repente
1196 1251 1335 1342 completur
1350 1237 1402 1324 cdii

187 1337 312 1398 omnino
324 1337 460 1400 notitiam
475 1337 585 1399 babere
597 1343 822 1415 percuperet,et
849 1337 904 1411 sie,
920 1354 1040 1418 voxque
1054 1339 1181 1400 coelitus
1190 1318 1398 1402 antumpnum:

188 1417 242 1478 illit
265 1417 311 1477 sui
335 1415 481 1478 virtutem
503 1418 603 1494 megis
625 1417 820 1494 exploratam,
856 1418 1034 1494 «praeclara
1057 1434 1106 1479 res
1126 1425 1171 1480 est
1190 1403 1397 1496 virginitaslittlf

188 1497 290 1573 paucis
306 1503 371 1574 post
384 1495 493 1558 diebus
514 1513 585 1558 cum
603 1495 721 1560 duobus
736 1495 820 1558 dum·
850 1498 961 1558 montis
974 1505 1005 1559 et
1019 1499 1156 1575 corporis
1170 1497 1316 1572 virgineam
1327 1491 1401 1580 ttulit

189 1583 270 1637 taxat
284 1575 447 1638 comitibus
468 1576 547 1638 redit
560 1575 597 1638 ad
614 1575 687 1636 illud
709 1591 821 1638 coeno·
851 1583 941 1638 tutem
956 1593 971 1638 a
984 1585 1014 1639 to
1027 1580 1127 1654 exigo.
1145 1577 1224 1638 lianc
1234 1572 1319 1634 olioras
1333 1565 1399 1629 [teon

187 1654 285 1727 bium,
307 1655 436 1716 fratrum
450 1655 571 1730 vigilius
585 1663 616 1716 et
632 1655 820 1733 precesolem
850 1656 882 1716 in
897 1673 931 1718 ee
946 1660 1095 1718 constanti
1111 1658 1204 1719 animi
1219 1649 1399 1732 pmpositopcui·

186 1733 820 1813 explorattosotuttsnocturnrsorecibus.
850 1751 974 1796 seres.»
997 1735 1047 1798 ille
1069 1753 1144 1800 vero
1163 1721 1398 1809 nunsuispnclen

186 1831 260 1892 duas
284 1813 443 1876 llatutiuas
470 1821 586 1886 uocant,
611 1830 682 1876 cum
696 1814 764 1876 eliis
784 1815 820 1878 ad
851 1815 989 1887 viribus,
1015 1817 1065 1877 sed
1087 1817 1125 1877 ad
1149 1816 1199 1878 liei
1221 1813 1325 1891 gretiam
1344 1799 1398 1889 tulit·

187 1909 258 1955 suus
279 1907 311 1954 so
339 1891 430 1954 lectos
458 1895 651 1974 reciperent,
672 1894 725 1955 suli
755 1893 819 1968 iili,
849 1895 952 1971 giens:
967 1895 1121 1958 abomine
1136 1895 1225 1968 Deus,
1240 1891 1401 1978 inmittunt·

187 1974 297 2052 quibus
315 1972 409 2034 multa
432 1973 590 2035 Emericus
615 1973 714 2035 oscula
744 1974 819 2034 libo-
848 1975 937 2050 spicis
956 1977 1135 2053 omninum
1158 1977 1305 2036 numanam
1326 1963 1400 2055 inlid-
1425 2027 1426 2048 ,

188 2060 284 2124 verat,
308 2053 338 2113 iu
364 2053 476 2130 templo
504 2055 710 2130 permansere,
735 2061 768 2114 et
790 2056 820 2116 in
849 2053 963 2115 litatem
988 2055 1124 2132 adjuvas,
1148 2057 1199 2133 qui
1223 2047 1401 2122 cutcnspntu

186 2131 315 2210 angulos
326 2147 390 2194 sese
404 2132 559 2202 abdentes,
573 2133 703 2194 llomino
718 2148 821 2210 preces
850 2134 1035 2211 principum,
1050 2143 1081 2195 et
1096 2134 1241 2197 terribilis
1257 2127 1400 2214 caputet&
1425 2105 1426 2168 l

186 2210 373 2283 obtuleruut,
395 2219 425 2272 et
450 2210 603 2290 reliquum
629 2212 725 2273 noctis
747 2219 820 2274 tem·
851 2220 973 2286 terrae,
1006 2213 1118 2292 pertice
1148 2230 1178 2275 tn
1206 2229 1252 2275 me
1275 2209 1401 2290 gratissimo

187 2305 242 2368 pus
269 2291 299 2350 in
333 2290 386 2352 Dei
418 2289 559 2352 laudibus
593 2295 819 2369 consumpsere.
849 2291 1037 2354 rotonuten
1060 2299 1156 2367 tuam,
1171 2301 1202 2356 et
1219 2293 1305 2355 nutias
1316 2294 1401 2366 perurit
1425 2321 1426 2336 κ

185 2369 242 2431 llos
257 2371 353 2448 igitur
374 2369 555 2445 singulatim
581 2369 726 2433 accedeus
748 2387 820 2434 sau·
849 2387 895 2432 sas
919 2389 956 2432 ue
984 2373 1241 2449 concupiscentius
1267 2385 1319 2433 rore
1339 2367 1402 2426 nied·

185 2456 251 2511 ctus
276 2449 352 2523 liet,
377 2454 505 2511 comiter
531 2450 656 2512 salutet:
687 2467 821 2530 eumque
849 2467 882 2511 co
922 2437 1405 2530 inetuaeprorsosextingue.locit-

185 2529 241 2603 iiii,
258 2537 379 2605 sumpto
391 2527 525 2601 silentio,
548 2541 729 2591 reverenter
743 2546 819 2594 rese·
850 2546 897 2592 me
913 2530 1107 2607 fragilitatem
1128 2532 1243 2594 servuli
1265 2533 1310 2599 tui,
1324 2535 1345 2589 et
1358 2531 1403 2584 uttt

185 2608 299 2680 lutant,
322 2611 423 2686 regios
451 2609 617 2682 mejestatis
636 2609 819 2673 delerentes.
849 2617 902 2671 tuo
925 2612 1048 2671 servitio
1076 2613 1228 2688 perpetim
1255 2597 1403 2688 peruncti

187 2687 322 2751 'landem
350 2689 400 2750 ubi
416 2689 452 2750 ud
479 2689 619 2750 Maurum
642 2691 748 2762 uenit,
771 2694 818 2752 cui
848 2689 993 2752 omuibus
1006 2693 1105 2752 carnis
1120 2690 1269 2753 illecebris
1282 2677 1402 2767 etspurcl·

186 2767 819 2846 septemosculeiixeretbeatucllmericus,
849 2768 1403 2848 utuinisprotuaoentgnttatennnn:

187 2861 244 2908 nec
267 2847 460 2910 blandissima
485 2847 679 2920 minutione,
707 2863 822 2911 uecse·
849 2857 1039 2928 praestaque,
1063 2865 1101 2910 ne
1123 2865 1261 2926 unquam
1283 2847 1404 2920 stupuit

184 2941 254 2989 vera
269 2929 504 2989 comminutione
525 2927 563 2989 eb
583 2943 618 2989 eo
640 2941 818 3003 responsum
847 2929 975 2990 excidet
995 2951 1008 2984 s
1035 2928 1130 2991 Porro
1150 2929 1255 2992 divina
1275 2925 1402 2992 consolation

185 3013 370 3082 extorquere
385 3007 491 3084 putuit.
516 3005 551 3068 ln
565 3007 703 3085 sequenti
718 3007 819 3070 dicad
847 3006 1058 3080 confirmatus,
1080 3023 1147 3070 rem
1172 3008 1250 3071 bunc
1269 3011 1405 3090 apuleio·

186 3084 341 3161 publicum
377 3085 507 3148 imtrum
534 3095 721 3148 conventum
754 3085 818 3149 ilex
850 3094 909 3148 tam
931 3087 1060 3158 babuit,
1081 3095 1111 3150 et
1138 3088 1255 3150 lamuio
1281 3095 1403 3168 quoquot

185 3165 310 3237 accedit,
327 3163 820 3244 llauriquebumilitctemetsnn·
847 3170 977 3240 conscio,
1000 3183 1038 3228 ne
1059 3170 1201 3244 cuinuum
1222 3185 1289 3230 eam
1309 3167 1403 3229 inliooi·
1426 3205 1427 3242 3

186 3244 322 3306 ctitatem
342 3243 505 3322 explorare
535 3246 683 3322 cupiens,
716 3261 818 3309 coram
846 3245 921 3308 dum
942 3247 1042 3310 adbuc
1063 3249 1096 3309 iu
1120 3249 1262 3310 bumnnis
1292 3250 1339 3326 ipse
1356 3247 1403 3308 oti·
1426 3249 1427 3302 ἱ

185 3323 328 3386 omnibus
342 3324 435 3386 multe
450 3327 478 3387 ei
494 3325 609 3402 objicit,
630 3341 708 3404 quae
723 3325 820 3388 homi·
848 3325 1019 3388 interdixit.
1041 3325 1084 3386 lto
1105 3327 1218 3389 iactum
1241 3335 1306 3399 est,
1323 3337 1346 3390 ut
1358 3319 1403 3386 uult.
1426 3343 1427 3346 ¹

186 3419 255 3466 uem
271 3403 445 3483 religiosum
468 3405 567 3469 iecere
589 3405 721 3467 minime
748 3421 819 3468 con·
847 3405 914 3484 ejus
927 3407 1077 3467 virtutum
1093 3405 1240 3484 insignio,
1257 3409 1405 3468 bominuuut·

186 3487 318 3546 veniret.
342 3484 463 3548 usurus
484 3484 540 3546 sibi
564 3487 636 3546 setis
658 3485 736 3548 beno
750 3502 819 3549 con·
848 3485 958 3558 titiam,
981 3486 1044 3563 ipso
1064 3485 1203 3558 celante,
1225 3487 1397 3563 effugerinttt

186 3565 277 3637 scius,
300 3563 378 3625 nillil
401 3563 571 3643 penitusod
586 3581 621 3626 ea
644 3567 818 3643 respondet,
847 3571 939 3638 uum,
961 3581 1053 3644 quam
1075 3565 1250 3628 decessisset
1270 3585 1284 3628 e
1304 3561 1405 3638 niuniu

185 3641 236 3704 sed
250 3643 288 3705 ed
303 3643 413 3716 Deum,
438 3659 528 3722 quom
556 3645 648 3706 sciret
668 3645 818 3707 mentium
848 3645 992 3720 peteiacta
1012 3645 1086 3706 sint.
1109 3644 1265 3708 Nimirum
1286 3645 1333 3708 lac
1347 3643 1406 3708 nin

185 3724 394 3786 certissimum
423 3723 638 3804 inspectorem,
661 3725 819 3802 coniugii,
848 3727 1003 3802 sapienter
1013 3724 1178 3787 declinavit
1192 3727 1332 3788 virtutum
1342 3730 1404 3804 pettu-

188 3817 219 3865 tn
253 3819 350 3882 eoque
377 3819 461 3882 spem
489 3819 574 3866 suam
604 3803 741 3866 collocat.
778 3803 819 3866 lta
850 3804 972 3866 inanem
1001 3803 1139 3880 gloriam.
1173 3803 1260 3868 Pater
1278 3801 1406 3868 autcnilin

186 3899 266 3961 ergo
281 3881 459 3960 intelligens
473 3882 535 3946 lien
560 3899 631 3946 rere
645 3899 720 3958 esse,
743 3901 821 3962 quoe
849 3899 945 3959 regno
966 3883 1124 3946 consulere
1146 3884 1264 3955 volens,
1284 3886 1404 3964 rirpincnt

186 3963 270 4026 illius
283 3963 348 4040 ejus
361 3963 489 4034 dixerat,
513 3963 658 4026 omuibus
678 3961 820 4039 explicat,
848 3963 946 4025 iorma
972 3963 1127 4040 corporis,
1149 3974 1180 4025 et
1212 3981 1324 4027 morum
1340 3973 1404 4036 rutent-

186 4059 245 4120 quo
259 4045 363 4104 animo
378 4041 450 4104 illuc
469 4043 642 4116 advenerit,
665 4042 819 4106 liaurum·
850 4048 910 4103 tate
929 4043 1192 4120 spectatissimum,
1214 4047 1303 4121 stirpe
1322 4046 1373 4122 repit
1385 4053 1405 4098 tt·

167 4123 244 4198 'que
265 4122 406 4185 laudibus
427 4121 458 4184 in
484 4121 602 4184 coelum
634 4122 740 4197 vobit,
765 4139 821 4187 nec
850 4131 923 4196 tam,
943 4121 972 4184 ci
987 4121 1158 4201 despondit.
1175 4121 1220 4198 ld,
1235 4126 1288 4186 etsi
1303 4123 1405 4202 illepino·

186 4200 238 4262 dio
249 4209 316 4278 post
327 4199 688 4280 Quinquecctesteusem*
699 4201 820 4281 Episco·
875 4265 902 4293 η
917 4265 999 4317 vum
1016 4267 1145 4316 mmm,
1159 4277 1173 4308 ι
1187 4268 1253 4308 ΜΘ
1268 4270 1347 4320 qm
1357 4269 1405 4318 W

212 4321 224 4344 ·
240 4323 384 4371 αοιπιωοε,
398 4325 557 4376 Faustin-clim,
571 4324 634 4366 baud
650 4325 719 4377 louge
736 4335 749 4367 u
765 4327 821 4369 siui·
848 4335 933 4368 nomen
947 4327 1051 4369 letheus.
1066 4329 1182 4379 oppidum
1197 4328 1255 4371 olim
1271 4331 1323 4372 baud
1337 4329 1406 4372 modoet

188 4383 317 4423 conburi
328 4385 386 4434 ripn.
848 4391 970 4434 cunctere
980 4389 1213 4443 ponttmuusncum.
