2932 4812
226 252 288 316 584
574 245 578 256 ”
616 268 654 314 on
679 269 706 314 s.
734 267 849 314 inisti
873 266 1018 313 ιιιιιιιιιιιι
1276 243 1345 308 [llll.
1373 243 1409 306 'dt

182 352 294 443 sigilla
314 352 532 443 virginitatis
547 351 705 422 clausum
719 351 871 422 inveniat
886 351 1037 432 hortum,
1048 369 1127 420 curu
1141 347 1309 420 accesserit.
1320 349 1410 414 Prae

182 442 325 512 beamus
349 439 452 512 sontis
471 440 601 510 lluenta
626 439 768 510 mininie
795 440 1005 529 perturbata.
1031 442 1126 508 Nunc
1153 459 1230 508 cuni
1247 445 1312 506 sunt
1328 455 1410 502 nuri-

180 530 293 612 dinae,
314 529 539 622 negotiemur.
561 529 755 599 Persecutio
772 542 805 599 et
821 528 959 599 afflictio
985 527 1071 596 mihi
1091 526 1232 618 gloriam
1246 521 1405 595 concilient.

180 617 356 690 Praesides
374 633 406 689 et
433 617 615 776 supplicia,
643 618 676 686 in
700 617 852 707 paradisi
877 616 1042 696 delicias;
1068 615 1222 688 custodia
1239 628 1269 685 et
1287 611 1401 702 llaqella.

180 709 216 778 iii
233 708 355 778 Christi
380 707 501 797 nuptia
516 727 571 776 em
597 707 786 776 thalamum
813 705 1046 777 introducant.
1072 710 1143 777 Non
1165 704 1270 777 solum
1288 714 1348 772 suit
1366 699 1406 766 ri·

179 819 296 868 rorum
314 815 469 878 coronae,
493 795 551 866 sed
566 795 668 866 etiam
688 794 886 866 mulierum.
904 817 921 862 i>

223 887 309 972 ἐῢ.
337 890 376 954 Ει
400 884 483 954 haec
506 883 649 966 dicens,
675 883 795 954 orabat
824 905 904 954 cum
938 883 1123 984 lacrymis:
1158 905 1172 946 i
1200 881 1323 950 bomine
1340 883 1409 972 lesu

181 974 321 1074 Christe,
342 973 399 1049 lux
416 994 505 1074 vera,
533 971 609 1043 sons
626 972 915 1054 immortalitatis,
945 972 1040 1041 radix
1068 969 1339 1060 incorruptionis;
1362 987 1410 1051 qni

181 1075 382 1152 mysterium
416 1061 620 1153 virginitatis
651 1061 684 1130 in
714 1075 811 1133 utero
842 1062 1051 1151 concepisti3
1085 1059 1146 1148 qui
1177 1058 1287 1128 matris
1310 1075 1411 1124 noman

183 1149 277 1220 nulla
295 1150 370 1220 labe
395 1151 614 1237 inquinatum
639 1150 843 1231 custodisti,
874 1150 961 1219 hone
987 1149 1140 1230 Domine,
1164 1161 1338 1237 praestana
1358 1144 1411 1238 rir-

181 1241 302 1330 ginum
327 1239 471 1308 chorum
496 1239 665 1320 deseram,
694 1261 736 1308 ne
760 1237 923 1309 excludar
948 1237 1110 1319 thalamo,
1138 1237 1196 1306 sed
1222 1258 1272 1306 me
1297 1233 1369 1302 relei
1389 1254 1413 1297 ιι

182 1333 365 1398 numerum
383 1328 557 1418 virginum
579 1327 801 1418 prudentum,
819 1340 852 1397 et
875 1327 1019 1418 dignare
1043 1349 1099 1396 me
1126 1325 1276 1404 Domine,
1298 1335 1330 1392 ut
1347 1321 1404 1388 lan

182 1416 303 1507 padem
330 1415 453 1498 lerens,
481 1417 589 1497 victis
606 1437 694 1504 quae
711 1416 887 1505 inquinari
904 1427 1090 1504 nequeunt,
1109 1413 1341 1484 certaminibus
1358 1407 1413 1498 glo-

183 1504 304 1574 iificei.
326 1527 343 1604 l
369 1509 458 1576 llaec
475 1527 555 1576 cum
571 1505 712 1576 dixisset
734 1505 952 1576 sanctissima
970 1504 1105 1593 mysia,
1129 1503 1243 1574 statim
1260 1501 1360 1572 omnia
1375 1516 1415 1563 re-

182 1591 362 1694 pundedit,
388 1615 455 1664 non
479 1594 562 1666 tanti
583 1595 703 1682 quanti
726 1607 799 1664 erat
817 1593 1103 1751 unumquodpua
1130 1613 1193 1662 nec
1212 1605 1250 1663 ut
1268 1589 1342 1662 solet
1361 1585 1415 1655 lieri

181 1704 216 1752 in
246 1683 501 1782 contractibus,
531 1683 699 1841 expuisite
725 1685 951 1752 examinans:
986 1703 1022 1752 se
1078 1682 1143 1752 hoc
1174 1679 1285 1751 solum
1310 1675 1417 1747 dicebat

180 1785 348 1862 emptori:
376 1795 393 1838 (ι
409 1777 465 1844 Est
489 1793 565 1841 men
595 1773 727 1842 icorum
744 1785 777 1841 et
791 1793 977 1861 egenorum
994 1794 1001 1852 ;
1020 1769 1066 1840 da
1076 1771 1213 1861 justum
1231 1767 1373 1859 pretium,
1390 1783 1415 1828 n

180 1859 283 1961 simul
302 1882 438 1949 quoque
465 1859 617 1949 aliquam
643 1859 706 1930 tibi
732 1861 855 1930 afferas
883 1859 1074 1930 mercedem
1099 1879 1231 1938 emens,
1256 1871 1289 1928 et
1309 1855 1416 1948 ellectu

175 1961 292 2040 justus
316 1949 490 2020 dominus.
510 1973 528 2016 ι
552 1953 643 2019 Haeo
666 1960 780 2019 autem
798 1948 944 2030 dicebat,
964 1970 1033 2019 non
1050 1947 1144 2035 quod
1169 1945 1268 2017 vellet
1284 1939 1416 2038 multipli-

179 2050 294 2108 catum
315 2037 471 2128 accipere
495 2039 666 2128 pretium:
693 2037 753 2108 sed
781 2039 815 2106 in
836 2038 902 2107 hoc
925 2058 1062 2126 quoque
1088 2036 1220 2106 habens
1247 2034 1350 2105 zelum
1370 2049 1416 2119 pir·

179 2127 269 2208 tatis,
288 2140 320 2197 et
342 2127 373 2196 ei
397 2127 458 2284 ipui
481 2127 635 2208 emebat,
666 2125 857 2197 mercedem
882 2126 1085 2196 concilians.
1111 2130 1183 2196 Non
1203 2125 1296 2194 enim
1320 2135 1417 2217 tanam

179 2237 298 2286 euram
324 2237 402 2305 gere
428 2226 462 2284 at
485 2214 703 2298 venditionis,
730 2228 900 2303 quantum
924 2214 1079 2296 curabat,
1105 2227 1143 2284 ut
1163 2225 1253 2284 recte
1271 2224 1303 2284 et
1323 2227 1419 2280 exiii·

180 2316 250 2374 tute
275 2303 322 2373 nil
353 2304 554 2463 possideret.
580 2309 734 2392 Cumque
757 2304 874 2374 omnia
903 2304 939 2374 in
960 2325 1085 2374 aurum
1104 2301 1185 2372 rede
1211 2303 1302 2384 isset,
1327 2299 1376 2369 illa
1393 2314 1419 2362 ei

179 2415 290 2494 perse
306 2392 349 2462 da
375 2404 420 2474 at,
440 2415 507 2462 non
528 2391 640 2464 solum
659 2393 839 2483 praebens,
857 2391 915 2462 sed
933 2391 999 2462 alia
1016 2392 1119 2462 etiam
1139 2413 1159 2460 o
1200 2391 1255 2461 cia
1269 2387 1416 2460 adhibens.

179 2503 215 2550 in
233 2503 369 2553 omnem
387 2480 579 2552 custodiam
606 2481 814 2584 ingrediens,
832 2493 865 2550 et
883 2480 1071 2569 quemlibet
1111 2481 1147 2549 ui
1163 2481 1198 2548 in
1216 2477 1357 2550 vinculis
1368 2483 1419 2542 erat

179 2570 376 2652 damnatus
395 2569 594 2652 consolans;
620 2593 698 2660 eJus
717 2571 776 2658 qui
798 2581 906 2641 tortus
922 2569 1043 2650 fuerat,
1066 2571 1099 2639 vi
1126 2567 1195 2639 ices
1217 2563 1419 2638 inlusionibus

178 2681 304 2729 curans
329 2672 361 2729 et
377 2659 600 2730 unctionibus
617 2682 623 2740 ;
650 2658 838 2748 quemlibet
854 2671 1085 2749 aegrotantem
1101 2656 1184 2728 etin
1202 2657 1289 2728 lecto
1312 2656 1421 2726 decun-

178 2747 313 2818 bentem
340 2750 503 2830 invisens,
525 2762 558 2818 et
576 2747 652 2835 eJ'us
673 2769 794 2818 curam
815 2769 955 2839 gerens;
982 2746 1134 2836 compita
1152 2760 1185 2816 et
1209 2747 1302 2816 vicos
1316 2743 1419 2815 obiens.

177 2849 210 2906 et
225 2837 267 2908 iis
282 2836 341 2923 qui
359 2837 394 2906 in
411 2837 461 2906 eis
475 2836 649 2928 jacebant,
669 2857 812 2907 manum
829 2835 1008 2926 praebens,
1027 2834 1186 2905 dicebat:
1214 2858 1233 2902 ιι
1248 2840 1294 2906 lle
1310 2829 1422 2904 deliciae

178 2925 247 2995 sint
262 2924 354 3026 mihi·
365 2925 514 3025 diuitiae,
533 2947 621 3026 quae
635 2946 677 2994 ne
694 2947 803 3014 aquae
817 2925 957 3013 quidem
966 2923 1211 3082 putta‘dignae
1229 2925 1385 2994 habentur
1397 2919 1420 2982 ir

178 3023 329 3102 tempore
340 3013 479 3104 judicii.
497 3019 567 3085 Non
585 3013 729 3084 sationis
744 3013 909 3095 laborem,
929 3033 965 3082 se
1010 3013 1132 3084 messis
1151 3011 1302 3092 divitias,
1320 3009 1422 3080 risione

178 3101 467 3204 apprehendebat.
488 3126 505 3203 >i
526 3107 660 3174 Etcum
678 3101 720 3172 ad
736 3101 877 3172 obolum
895 3122 1007 3191 usque
1022 3102 1139 3171 omnia
1153 3101 1384 3174 distribuisset,
1401 3106 1421 3160 a

178 3189 265 3260 nihil
290 3190 356 3261 sibi
381 3192 585 3280 reliquisset,
613 3213 649 3262 se
669 3191 704 3260 in
724 3191 875 3278 quadam
892 3191 1089 3262 continebat
1105 3189 1335 3271 domuncula,
1358 3201 1423 3273 quat

179 3280 340 3370 superius
364 3279 512 3351 habebat
527 3279 731 3360 tabulatum,
753 3301 899 3370 operans
916 3279 1089 3360 manibus,
1106 3292 1139 3349 et
1157 3299 1227 3366 quo
1243 3301 1330 3370 opus
1345 3273 1423 3366 habe

177 3370 247 3450 bat,
268 3369 335 3440 sibi
354 3369 559 3440 alimentum
576 3368 813 3460 suppeditans,
832 3368 1074 3438 convenienter
1093 3367 1282 3438 sententiae
1300 3372 1335 3436 B.
1351 3359 1423 3434 Pauli

177 3458 339 3616 Apostoli,
364 3459 425 3548 qui
448 3457 601 3528 dicebat:
618 3461 747 3529 otiosus
772 3468 884 3527 auten
906 3479 972 3527 non
995 3457 1173 3526 manducet
1187 3457 1237 3547 (2.
1258 3457 1359 3528 Thess.
1376 3451 1421 3546 iii).

178 3551 201 3617 G
229 3547 370 3618 ristiano
395 3569 472 3618 vero
498 3567 715 3636 germanum,
743 3559 776 3616 et
794 3545 885 3634 quod
915 3544 1077 3634 impediri
1105 3567 1173 3615 non
1199 3557 1320 3635 potest,
1341 3554 1424 3612 nutri·

178 3648 346 3718 mentum,
366 3636 410 3708 sit
429 3636 526 3706 labor
542 3657 685 3706 suarum
704 3655 884 3706 manuum.
905 3656 923 3702 >i

221 3727 239 3814 ξ
263 3729 306 3798 4.
333 3729 423 3796 llaec
446 3747 526 3796 cum
544 3724 695 3806 dixisset,
717 3724 878 3814 precibus
897 3721 1060 3813 deinceps
1084 3723 1226 3794 vacabat
1244 3715 1422 3794 etorationi.

173 3813 349 3903 jejunium
378 3815 478 3902 quasi
506 3813 621 3884 carnis
650 3811 905 3900 quodammodo
934 3833 1055 3902 expers
1086 3811 1295 3902 producens.
1325 3804 1423 3880 Deinde

177 3902 410 3974 validissimae
427 3924 463 3974 se
479 3901 711 3972 assuefaciens
723 3899 966 3982 exercitationi,
981 3900 1056 3971 dies
1068 3899 1210 3989 quidem
1226 3895 1423 3973 consumebat

177 3991 449 4072 iniectionibus,
472 4003 604 4061 noctem
625 4002 740 4061 autem
766 3991 800 4060 in
830 3988 974 4080 psalmis
998 4001 1031 4060 et
1055 3989 1242 4079 precibus3
1267 4010 1326 4080 pro
1349 3987 1422 4056 tecto.

177 4064 249 4149 solo
267 4105 274 4156 ;
303 4101 364 4170 pro
380 4091 470 4150 veste
487 4078 654 4170 stragula,
672 4090 785 4150 storea
799 4090 831 4148 et
847 4099 946 4149 sacco
963 4090 1064 4148 utens
1079 4102 1087 4160 3
1110 4078 1314 4149 brevissimo
1329 4091 1423 4145 somno

177 4180 347 4266 contenta,
362 4189 383 4237 a
388 4167 582 4324 phantasia
597 4167 704 4238 libero
724 4180 757 4239 et
780 4167 974 4238 insomniis.
998 4166 1137 4237 Dicebat
1159 4167 1273 4238 enim:
1291 4189 1303 4231 i
1321 4163 1421 4234 llalnn

175 4265 227 4320 est
245 4255 356 4336 mihi,
411 4255 561 4337 ormire,
593 4276 674 4326 cum
696 4277 793 4328 meus
824 4257 988 4327 inimicus
1017 4254 1050 4326 vi
1077 4255 1188 4327 ilat.»
1217 4255 1333 4326 Plures
1365 4269 1422 4318 iero

177 4334 341 4408 fundebat
366 4342 547 4432 lacrymae,
574 4365 678 4430 quam
706 4357 778 4414 erat
803 4358 903 4434 potus
925 4365 1028 4433 quem
1051 4278 1221 4430 libabam
1247 4358 1279 4414 et
1297 4339 1421 4436 gemitus
