2994 4832
226 301 295 396 taa'
579 347 618 393 οε
642 349 669 394 s.
697 347 776 394 simi
799 347 871 394 iss.
898 348 935 394 nr
959 345 1050 395 corii.
1308 326 1381 390 ult.
1404 327 1419 389 5
1483 297 1484 386 s

180 455 262 524 grex
280 432 435 504 celeriter
459 431 673 522 augebatur:
704 431 802 502 beato
832 431 920 502 Saba
949 453 1030 502 cuin
1061 429 1129 501 alia
1153 429 1296 520 spiritali
1320 449 1420 498 corum

179 545 275 604 cura,
303 534 421 613 aptum
447 542 584 608 quoque
620 519 732 589 locum
765 520 957 607 unicuique
990 519 1175 610 deputante
1204 518 1247 590 ad
1280 517 1422 587 cellarum
1483 549 1484 560 2

181 611 466 680 aedificationem.
494 609 723 692 Quamobrem
751 609 864 680 videre
891 609 1015 679 licebat
1039 609 1129 679 viros
1152 607 1285 678 circiter
1307 617 1424 694 septua·

180 701 274 790 ginta
301 720 457 780 numero,
484 719 605 768 omnes
629 697 722 767 brevi
744 697 787 766 ad
808 699 924 788 ipsum
941 697 1154 779 convenisse,
1172 718 1290 768 omnes
1312 694 1425 763 divinos
1483 695 1484 750 l

181 799 213 857 at
236 811 256 858 a
281 792 346 856 Deo
371 786 567 878 inspiratos
595 798 627 855 et
652 787 713 874 qui
737 787 861 864 Christi
887 787 1235 877 inandataflaccurate
1258 783 1425 860 servabant,

181 877 364 966 implentes
398 874 583 962 quemdam
621 875 811 946 secundum
843 875 988 948 chorum
1024 874 1277 966 septuagenarii
1312 869 1428 942 numeri
1483 867 1484 960 l

180 965 443 1055 Apostolorum,
475 977 535 1035 aut
557 963 763 1055 Angelorum
793 964 974 1034 ecclesiam
1009 965 1192 1034 Dominum
1219 961 1426 1032 laudantium.

180 1059 274 1124 lutei
296 1075 383 1141 quos
407 1064 479 1122 erat
503 1052 645 1140 quidem
668 1053 827 1136 loannes
847 1055 908 1142 qui
932 1075 1038 1123 novae
1065 1065 1181 1143 postea
1205 1057 1331 1122 Laurae
1350 1069 1430 1138 prae·
1483 1053 1484 1098 ἒ

180 1142 263 1224 fuit;
283 1154 356 1213 erat
378 1153 493 1212 autem
510 1142 659 1212 lacobus
683 1164 831 1230 quoque,
854 1143 915 1230 qui
939 1147 1085 1212 Lauram
1110 1141 1310 1232 Pyrgiorum
1331 1137 1431 1208 aedili-

181 1232 269 1301 caiit
297 1232 331 1299 in
357 1229 529 1312 loidane,
557 1230 800 1318 Firminusque
827 1244 860 1302 et
895 1232 1110 1302 Severianus.
1138 1235 1184 1300 Eri
1211 1230 1337 1317 quibus
1362 1225 1432 1295 alter

182 1320 322 1408 quidem
347 1319 541 1390 aedificavit
560 1325 718 1402 lauram,
746 1333 899 1408 quaeest
924 1320 959 1390 in
984 1319 1159 1400 llaliscba;
1187 1318 1272 1389 altar
1288 1338 1359 1386 vero
1374 1335 1429 1384 mo·

182 1409 384 1490 nasterium,
404 1406 494 1495 quod
512 1421 563 1479 est
586 1409 621 1477 in
648 1409 809 1490 llarioba;
831 1421 864 1479 et
886 1407 1049 1478 Julianus
1072 1407 1186 1498 opilari
1209 1412 1347 1488 Laurae,
1361 1423 1434 1491 quaa

182 1509 234 1568 est
256 1498 291 1566 iii
315 1496 476 1580 lordane,
504 1519 592 1585 quae
608 1499 808 1569 nominatur
831 1497 1005 1577 Eloeiaba;
1027 1510 1059 1567 et
1083 1496 1295 1584 reliquorum
1320 1505 1434 1564 saneto·

183 1609 261 1656 rum
278 1585 468 1677 catalogus,
490 1607 637 1673 quorum
655 1586 872 1687 singulorum
891 1586 1101 1666 meminisse,
1124 1597 1156 1654 et
1171 1607 1230 1654 eos
1249 1581 1432 1654 nominatim

184 1675 357 1765 persequi,
385 1687 523 1765 propter
548 1675 806 1745 multitudinem
831 1688 968 1746 recusat
992 1676 1111 1746 oratio.

228 1767 245 1850 §
258 1768 326 1836 18.
341 1767 422 1834 Cum
437 1785 586 1865 eosergo
599 1785 720 1836 omues
734 1764 844 1834 sancti
858 1764 966 1834 Sabae
976 1763 1213 1851 virtusquavis
1226 1763 1309 1832 tuba
1320 1758 1436 1832 acutius

184 1852 381 1940 clariusque
405 1851 526 1942 procul
547 1865 749 1934 invocasset,
769 1853 841 1923 illio
865 1874 1003 1941 quoque
1023 1853 1142 1924 statuit
1158 1851 1345 1920 maximam
1367 1853 1437 1916 Lau·

185 1963 259 2010 rain
276 1941 494 2023 constituere,
511 1955 549 2011 ut
567 1963 627 2031 per
639 1942 729 2012 hanc
743 1942 965 2012 solitudinem
978 1942 1028 2013 eis
1040 1953 1257 2032 compararet
1270 1955 1436 2029 supernam

183 2029 386 2130 Jerusalem..
414 2036 452 2101 Et
477 2030 630 2120 primum
658 2029 798 2117 quidem
824 2033 857 2100 iii
883 2031 981 2113 colle,
1001 2031 1061 2118 qui
1084 2043 1135 2102 est
1156 2030 1189 2098 in
1217 2029 1369 2100 lontibus
1387 2039 1437 2094 tor·
1483 2069 1484 2144 p

185 2130 303 2200 rantis,
325 2141 385 2206 qui
414 2133 495 2190 sunt
518 2119 560 2188 ad
588 2119 739 2200 boream,
763 2121 885 2190 turrim
912 2119 1081 2190 aedificat.
1113 2117 1241 2188 Deinde
1269 2139 1346 2188 vero
1369 2116 1438 2184 inter
1483 2161 1484 2208 3

185 2218 367 2278 torrentem
386 2207 528 2278 domum
553 2208 677 2280 excitat
695 2209 892 2288 oratoriam;
919 2221 1053 2278 etcum
1080 2209 1114 2277 in
1140 2229 1180 2276 ea
1204 2229 1340 2276 sacram
1362 2223 1437 2272 men·
1483 2249 1484 2312 p

185 2317 260 2366 sam
285 2296 482 2378 statuisset,
504 2310 537 2366 et
564 2297 729 2386 templum
757 2296 966 2378 dedicasset,
989 2319 1068 2366 cum
1093 2295 1222 2366 videret
1250 2318 1292 2366 eii
1316 2289 1436 2364 sacratis
1483 2339 1484 2382 ,

185 2385 336 2472 aliquam
360 2385 403 2453 ad
428 2407 506 2485 eum
528 2385 759 2467 accedentem,
777 2408 856 2456 euni
882 2385 1028 2456 iaciebat
1056 2387 1090 2455 in
1115 2405 1154 2455 eo
1182 2383 1341 2454 divinum
1370 2379 1439 2450 cele·
1483 2383 1484 2452 l

184 2473 285 2543 biara
313 2486 539 2563 mysterium:
567 2475 640 2563 ipsa
666 2487 803 2566 propter
828 2497 990 2564 magnam
1016 2475 1051 2543 iii
1085 2479 1189 2543 Deum
1216 2472 1439 2545 reverentiam,

185 2561 458 2649 modestiamque
474 2561 645 2652 insignem
666 2577 699 2632 et
722 2563 966 2645 humilitatem,
988 2584 1059 2632 rein
1077 2562 1227 2652 fugiens,
1247 2575 1281 2632 et
1296 2559 1442 2630 omnibus

186 2649 298 2720 modis
322 2651 485 2722 differens
508 2651 751 2722 sacerdotium.
771 2657 854 2722 Cum
881 2651 1047 2742 templum
1066 2663 1181 2722 autem
1202 2649 1253 2720 sio
1267 2650 1440 2721 excitasset.

185 2751 218 2807 et
237 2743 382 2840 Lauram
411 2739 482 2809 illic
508 2741 754 2822 constituisset,
779 2743 812 2810 iii
837 2763 922 2812 cura
946 2739 1097 2832 gerenda
1124 2738 1271 2810 lratruin
1298 2739 1444 2834 deinceps

186 2825 340 2926 studium
366 2841 398 2896 et
421 2850 559 2917 operam
588 2829 745 2915 ponebat.
763 2835 800 2898 li
825 2852 914 2912 vero,
935 2843 973 2898 ut
992 2829 1155 2916 quiesset
1170 2841 1271 2898 acuto
1291 2839 1325 2897 et
1341 2821 1445 2896 subtili

186 2935 339 3014 ingenio,
352 2929 384 2984 ct
401 2917 605 3006 pervasisset
622 2935 758 2988 omnem
780 2919 925 2988 lormam
942 2931 974 2988 et
999 2919 1163 2988 rationein
1189 2912 1441 2989 exercitationis,

187 3025 223 3074 in
241 3003 319 3074 illos
336 3026 372 3073 se
387 3004 574 3076 admodum
591 3019 669 3096 apte
684 3007 822 3097 gerebat
839 3019 870 3076 et
886 3020 1126 3098 congruenter:
1142 3004 1228 3076 alios
1243 3005 1383 3093 quidem
1399 2999 1447 3070 ad·

187 3092 341 3194 hortans:
358 3092 443 3164 alios
459 3116 536 3164 vero
552 3094 754 3178 admonens,
774 3096 860 3166 alios
876 3109 989 3166 autem
1011 3095 1206 3186 increpans,
1224 3109 1257 3164 et
1272 3114 1401 3172 omnes,
1418 3096 1448 3158 ut

187 3181 292 3250 semel
306 3181 433 3264 dicam,
445 3205 609 3273 generose
621 3207 661 3254 ac
672 3197 809 3254 strenue
824 3185 979 3256 resistere
993 3185 1138 3275 maligni
1150 3184 1284 3255 artibus
1295 3181 1445 3254 efficiens,

188 3293 256 3371 iiop
276 3270 404 3361 pusillo
428 3283 460 3342 et
484 3273 617 3361 abjecto
641 3275 759 3343 animo
782 3273 869 3343 ferre
892 3273 1029 3344 labores
1052 3272 1272 3344 solitudinis:
1296 3291 1404 3358 neque
1420 3267 1448 3334 in

187 3360 433 3430 animioadeie
450 3383 627 3453 angorem,
646 3362 895 3463 quodquidam
921 3375 1037 3522 aperte
1060 3375 1111 3432 est
1135 3384 1190 3432 ars
1216 3360 1377 3462 maligni:
1400 3353 1448 3426 sed

188 3471 248 3539 spe
264 3448 461 3520 futurorum
478 3452 676 3522 confirmari
695 3475 735 3522 ao
753 3451 905 3522 roborari
925 3475 944 3521 a
986 3473 1028 3520 aii
1055 3473 1113 3522 ore
1131 3451 1223 3522 enim
1245 3451 1339 3519 vinci
1355 3461 1386 3518 et
1401 3443 1450 3514 tri-

187 3539 291 3620 stitia,
307 3551 341 3608 et
363 3539 544 3629 defatigari
558 3541 594 3610 in
612 3539 802 3623 laboribus,
824 3554 874 3612 est
891 3541 999 3610 animi
1016 3474 1117 3631 plane
1134 3537 1249 3610 mollis
1264 3552 1297 3609 et
1313 3533 1451 3608 effoemi·
1483 3529 1484 3604 l

187 3627 271 3710 nati,
290 3641 322 3697 et
334 3629 394 3715 qui
415 3649 482 3698 non
500 3629 600 3699 babet
616 3631 732 3702 viriles
746 3642 779 3698 et
791 3651 974 3720 generosos
987 3630 1142 3720 spiritus.
1160 3629 1221 3698 llis
1237 3641 1270 3697 et
1286 3625 1450 3696 similibus

187 3727 290 3815 utens
309 3715 352 3785 ad
378 3739 435 3787 eos
466 3717 724 3818 admonendos,
751 3719 862 3789 effecit
895 3717 1087 3808 discipulos
1121 3717 1317 3809 superiores
1341 3710 1451 3805 quavis
1483 3717 1484 3798 l

188 3801 412 3888 difficultate,
443 3827 522 3962 gum
548 3807 607 3876 uid
645 3807 875 3878 intercedebat
899 3829 1084 3898 asperum,
1112 3818 1144 3876 et
1166 3806 1274 3876 ullam
1299 3801 1451 3876 afferebat
1483 3803 1484 3890 l

189 3892 425 3993 offensionem,
468 3829 646 3978 issdlvens,
669 3909 701 3967 et
727 3896 857 3968 faciens
880 3919 938 3968 eus
964 3896 1108 3986 maligni
1134 3895 1200 3966 tela
1225 3892 1450 3985 supervolare,
1483 3925 1484 3962 i

188 3979 328 4080 etuleves
343 4003 392 4054 eis
417 4003 548 4073 pennas
563 3984 693 4055 sacieris
709 3985 751 4054 ad
769 3987 948 4058 virtutem:
975 3985 1009 4056 in
1036 3987 1139 4056 rebus
1163 3996 1276 4054 autem
1304 3999 1451 4053 necessa·
1483 4019 1484 4022 =

188 4089 262 4169 r1¹5,
278 4082 309 4138 et
325 4091 414 4156 quae
429 4093 532 4142 usum
553 4075 774 4161 requirebant
793 4073 1038 4158 inevitabilem,
1055 4088 1088 4145 et
1106 4075 1266 4163 precibus
1282 4093 1340 4143 eos
1361 4085 1452 4156 saepe
1483 4093 1484 4096 ¹

190 4155 386 4244 adjuvabat,
404 4170 437 4228 et
452 4158 651 4232 clanculum
670 4164 719 4234 eis
743 4187 841 4254 opem
858 4163 997 4234 serebat:
1015 4185 1070 4246 ne,
1094 4163 1123 4236 si
1141 4162 1230 4253 plus,
1253 4183 1358 4250 quam
1384 4177 1452 4248 pos·
1483 4223 1484 4234 2

191 4257 278 4326 sent,
300 4245 387 4314 ferre
412 4259 608 4332 tentassent,
637 4250 774 4320 tandein
799 4251 1070 4341 defatigarentur
1074 4303 1140 4322 .....
1483 4255 1484 4262 ³

235 4333 351 4416 51⁰.
379 4338 461 4434 Cum
491 4349 603 4433 autem
643 4339 827 4410 multitudo
864 4341 1113 4412 monachorum
1150 4340 1362 4429 quotidianis
1385 4353 1451 4406 crc—

193 4431 300 4488 soeret
316 4422 584 4505 accessionibus,
602 4438 635 4494 et
649 4427 742 4498 brevi
763 4429 969 4517 pervenisset
993 4431 1035 4500 ad
1064 4451 1247 4500 numerum
1273 4439 1406 4500 centum
1423 4431 1450 4488 el
1483 4465 1484 4496 1
