2972 4826
212 317 275 382 ''s’l2
463 333 501 378 orr
526 333 554 378 e.
581 331 738 381 auoaosro
763 332 810 384 ur,
839 307 964 378 neuim.
992 329 1029 376 er
1054 327 1142 376 oocr.
1302 309 1413 390 utut

169 419 408 495 vehementer,
433 437 512 484 cnm
542 414 671 484 videret
695 413 843 483 radicem
878 413 1034 482 omnium
1067 411 1235 482 malorum
1261 410 1413 480 avaritiam

8 485 10 540 l
81 519 84 524 '
170 505 353 607 pullulare,
383 523 471 590 quae
495 523 605 592 neque
629 504 739 593 copia,
773 524 883 589 sieque
903 502 1018 603 inopina
1051 501 1166 602 minui·
1188 513 1300 590 potest,
1326 497 1416 587 magis

170 615 350 684 magisque
378 614 530 662 erescere
554 595 588 660 in
615 591 828 672 hominibus,
855 605 887 660 et
911 612 1060 660 maxime
1085 591 1118 658 in
1145 612 1187 660 ns
1206 590 1265 677 qui
1288 589 1318 656 iu
1342 601 1418 677 pote-

171 684 316 753 statibus
336 695 434 750 erant
457 681 645 761 constituti,
674 681 719 750 ita
738 693 774 750 ut
798 679 1047 749 interveniendi
1071 678 1122 748 illi
1145 679 1236 768 apud
1262 677 1333 747 illos
1356 697 1419 766 gra-

171 773 333 842 vissimus
350 770 448 838 labor
462 781 562 852 esset,
581 769 663 856 quia
679 770 794 838 omnia
822 771 930 858 pretio
952 767 1245 840 distrahebantur.
1271 772 1354 850 Quae
1378 785 1420 834 res

171 861 283 950 primo
302 880 405 928 omne
423 858 551 928 malum
575 859 700 928 invexit
726 857 854 939 ltaliae,
881 870 914 927 et
937 857 1061 926 deinde
1087 856 1203 927 omnia
1228 865 1364 945 vergunt
1392 855 1419 920 in

171 948 281 1040 pejus.
302 953 340 1016 Et
355 946 436 1033 quid
463 947 588 1029 dicam,
611 948 639 1017 si
666 947 698 1016 in
719 947 920 1037 hujusmodi
944 945 1101 1036 personis
1118 946 1161 1016 ita
1188 946 1315 1014 rabiem
1338 962 1422 1013 suam

170 1050 312 1117 exercet,
331 1037 391 1123 qui
416 1035 525 1106 solent
544 1048 604 1106 ant
628 1036 791 1115 filiorum,
820 1046 878 1104 aut
907 1036 1180 1125 propinquorum
1205 1053 1325 1104 causas
1341 1051 1422 1122 prae-

171 1125 320 1204 tendere,
340 1124 380 1194 ad
402 1124 616 1194 excusandas
643 1125 879 1194 excusationes
911 1127 943 1192 in
977 1125 1135 1214 peccatis,
1160 1120 1422 1212 quandoquidem

172 1215 353 1306 plerosque
375 1213 503 1303 ceperit
525 1213 626 1282 etium
653 1213 800 1282 caelibes
834 1213 1031 1282 Sacerdotes
1062 1213 1112 1280 vel
1139 1213 1289 1291 Levites,
1314 1209 1423 1297 quibus

173 1303 283 1393 portio
309 1302 363 1371 Ilei
382 1315 442 1383 est,
469 1316 508 1371 ut
530 1303 631 1372 etiam
651 1303 716 1391 ipsi
743 1300 835 1370 illam
858 1305 1043 1392 appetant?
1062 1307 1100 1371 Et
1118 1323 1177 1370 vae
1203 1300 1288 1370 mihi
1305 1299 1422 1374 misero,

170 1394 250 1479 quin
270 1413 331 1460 nec
348 1391 416 1459 line
433 1392 553 1460 mundi
573 1411 808 1481 provocemur,
836 1402 873 1458 ut
897 1403 964 1460 tam
990 1392 1085 1480 gravi
1103 1390 1188 1480 jugo
1213 1386 1379 1458 servitutis
1393 1384 1425 1452 li·

172 1480 282 1550 berari
300 1479 455 1559 velimus
475 1501 543 1567 quo
566 1480 801 1570 demergimur
824 1479 864 1547 ad
889 1478 1098 1568 profundum
1125 1477 1262 1558 inserui,
1289 1474 1425 1545 utlacia-

174 1589 251 1637 mus
268 1568 366 1638 nobis
383 1570 511 1637 amicos
535 1569 577 1638 de
596 1589 791 1637 mammona
819 1569 1020 1654 iniquitatis,
1047 1567 1105 1655 qui
1133 1589 1194 1636 nos
1217 1566 1379 1655 recipiant
1398 1564 1425 1630 in

172 1670 307 1728 aeterna
343 1656 585 1727 tabernaculal
612 1661 764 1726 Attamen
791 1657 911 1727 beatus
936 1657 1016 1734 ille,
1047 1657 1105 1744 qui
1129 1657 1338 1745 quandoque
1359 1673 1426 1721 coo·

176 1767 304 1824 versus,
327 1744 476 1834 diruptis
501 1746 649 1816 vinculis
673 1758 773 1833 atque
792 1746 942 1835 projecto
965 1747 1043 1837 'ugo
1064 1745 1265 1831 hujusmodi
1290 1743 1428 1814 domina-

173 1834 288 1912 tionis,
315 1833 441 1903 tenebit
456 1846 488 1904 et
504 1835 621 1904 allldet
646 1835 806 1924 parvulos
823 1835 900 1922 ejus
923 1769 970 1902 ad
986 1849 1128 1924 petram,
1156 1833 1220 1903 hoe
1236 1848 1299 1916 est,
1325 1851 1429 1902 omnes

176 1924 381 1992 intentiones
405 1924 479 2012 ejus
503 1924 620 1994 allidet
648 1924 689 1994 ad
718 1924 912 2004 Christum,
941 1924 1000 2011 qui
1029 1921 1219 1994 seeundum
1246 1921 1428 2012 Apostolum

177 2025 270 2100 petra
294 2026 355 2094 est,
382 2034 470 2099 quae
490 2035 609 2083 omnes
633 2013 675 2083 ad
705 2034 741 2082 se
764 2011 882 2082 allisos
910 2013 1098 2092 interimit,
1136 2012 1210 2100 ipsa
1236 2006 1431 2080 inviolabilis

177 2123 330 2182 manens,
365 2123 426 2172 nec
451 2123 546 2173 reum
577 2102 706 2172 faciens
729 2124 821 2180 enm,
852 2099 912 2188 qui
937 2101 978 2172 nd
1005 2123 1041 2170 se
1065 2100 1209 2171 alliserit
1241 2095 1431 2188 nequissimi

176 2191 263 2259 uteri
295 2191 479 2260 deteriores
505 2204 633 2280 partus
662 2189 719 2260 sed
748 2190 989 2260 innocentem:
1023 2190 1068 2259 ita
1095 2203 1133 2258 ut
1165 2211 1312 2259 securus
1340 2185 1431 2278 possit

176 2279 307 2348 dicere:
329 2281 439 2346 Portic
469 2301 544 2348 ntea
565 2282 721 2348 Dominus
744 2281 812 2362 (Ps.
838 2279 934 2367 lil);
965 2279 1046 2366 quia
1074 2279 1131 2346 cui
1156 2277 1243 2346 nihil
1266 2279 1301 2346 in
1331 2273 1432 2348 seculo

175 2379 235 2446 cst,
266 2367 327 2466 illi·
341 2367 450 2455 portio
466 2382 516 2436 est
534 2368 702 2452 Christus;
714 2380 746 2437 et
760 2368 819 2454 qui
840 2369 1084 2456 contempserit
1106 2389 1226 2456 pauca,
1248 2366 1355 2436 multa
1372 2385 1433 2454 per-

174 2457 290 2544 cipiet.
319 2475 461 2543 rnsuper
484 2469 516 2524 et
534 2458 634 2525 vitam
661 2470 832 2526 aeternam
857 2456 1055 2545 possidebit.

218 2547 336 2630 §W
369 2547 451 2612 Ante
484 2563 612 2634 paucus
632 2567 709 2614 vero
736 2544 821 2624 dies,
843 2566 947 2632 quam
969 2543 1094 2614 lectulo
1118 2543 1342 2622 detineretur,
1366 2561 1433 2609 enm

175 2632 479 2721 quadragesimum
507 2633 642 2702 tertium
674 2632 846 2722 psalmum
873 2633 1026 2713 dictaret,
1052 2655 1105 2702 me
1132 2633 1325 2724 excipiente
1349 2644 1380 2700 et
1398 2628 1434 2694 vi·

175 2721 286 2800 dente,
306 2720 419 2789 subito
438 2722 470 2788 io
492 2721 630 2790 modom
653 2723 739 2790 scuti
768 2722 891 2803 brevis,
912 2722 1002 2812 ignis
1026 2735 1131 2811 caput
1154 2723 1230 2812 ejus
1254 2717 1433 2810 cooperuit.

174 2821 275 2907 atque
302 2809 464 2896 paulatim
493 2831 551 2899 per
583 2832 621 2879 os
646 2811 780 2901 ipsius,
811 2823 986 2897 tamquam
1026 2812 1060 2880 in
1093 2810 1234 2880 domurn
1262 2811 1433 2883 habitator,

176 2917 353 2985 ingressus
372 2910 433 2979 est,
453 2912 485 2968 et
508 2899 595 2968 lactu
615 2913 665 2968 est
683 2899 786 2968 facies
805 2901 881 2988 ejus
899 2899 990 2968 velut
1015 2900 1084 2976 nix,
1105 2914 1218 2988 postea
1240 2919 1321 2969 vero
1339 2917 1437 2967 reter-

176 3006 236 3054 sus
262 2998 312 3053 est
336 2985 450 3056 vultus
474 2987 551 3076 ejus
577 2987 619 3056 ad
641 2989 790 3077 speciem
816 3011 928 3056 suam.
956 2988 1050 3070 Quod
1077 3011 1156 3057 cum
1181 2987 1289 3069 lieret,
1311 3001 1437 3075 stupore

179 3073 358 3162 perculsus
387 3075 542 3166 obrigui,
572 3099 633 3146 uec
660 3077 751 3167 potui
782 3077 931 3146 scribere
958 3099 1046 3164 quae
1070 3076 1113 3145 ab
1146 3075 1206 3145 illo
1229 3076 1435 3147 dicebantur.

178 3163 249 3262 nisi·
271 3176 490 3252 posteaquam
511 3166 595 3234 visio
620 3166 694 3255 ipsa
711 3165 890 3236 transibat.
917 3167 1052 3235 [licebat
1068 3166 1160 3234 enim
1182 3166 1216 3233 in
1238 3187 1277 3232 eo
1295 3179 1437 3252 tempore

177 3253 410 3324 testimoninm
433 3255 628 3344 Scripturae
646 3255 793 3334 divinae,
811 3254 902 3342 quod
921 3276 983 3344 ego
999 3255 1127 3346 optime
1144 3254 1347 3325 retinebam.
1365 3257 1437 3321 llam

177 3341 352 3411 scribendi
378 3342 425 3412 vel
459 3343 613 3414 dictandi
643 3345 716 3432 ipso
740 3343 796 3412 die
820 3343 923 3412 linem
949 3343 1039 3412 fecit.
1069 3343 1131 3412 Sed
1161 3342 1304 3431 quidem
1332 3344 1435 3431 ipsum

179 3429 349 3517 psalmum
376 3434 511 3520 explere
537 3455 602 3502 non
631 3434 750 3522 potuit.
781 3437 851 3522 Ego
876 3455 953 3502 vero
987 3432 1045 3513 id,
1072 3432 1163 3521 quod
1196 3433 1308 3502 visum
1343 3453 1363 3500 a
1393 3447 1438 3496 mc

175 3518 296 3600 fuerat,
325 3520 518 3591 honorabili
545 3523 615 3591 viro
640 3527 735 3591 Casto
759 3520 905 3590 diacono
930 3521 1010 3605 (sub
1030 3521 1132 3611 cujus
1156 3543 1240 3590 cura
1265 3519 1439 3611 degebam)

176 3608 289 3678 statim
316 3609 427 3679 retuli.
462 3613 501 3679 nt
531 3609 589 3679 ille
614 3632 649 3680 re
676 3610 764 3680 letus
788 3611 898 3700 gratia
924 3610 981 3679 Dei
1006 3609 1155 3700 Spiritus
1183 3611 1299 3680 Sancti
1324 3609 1439 3678 adven-

178 3709 249 3765 turn
277 3719 330 3796 me
348 3698 381 3766 in
402 3698 460 3768 illo
477 3698 603 3769 vidisse
625 3633 761 3768 edocuit
785 3721 824 3768 ex
856 3699 999 3770 lectione
1026 3704 1170 3769 Aotuum
1195 3697 1437 3788 Apostolorum.

178 3788 420 3884 Superioribus
448 3801 562 3858 autem
589 3787 723 3869 diebus,
751 3809 831 3858 eum
861 3787 1033 3858 Stiliconis
1051 3800 1133 3857 tunc
1152 3787 1292 3857 Comitis
1316 3803 1437 3856 servus.

178 3893 237 3952 our
267 3872 449 3945 daemonio
480 3877 714 3955 laboraverat,
741 3879 776 3945 in
809 3877 1031 3946 Ambrosiana
1065 3876 1209 3948 basilica
1236 3877 1309 3978 jam
1345 3889 1441 3943 sanus

70 4038 72 4042 ,
179 3975 355 4044 maneret,
387 3966 649 4036 commendatus
674 3989 692 4035 a
717 3965 859 4034 domino
896 3987 959 4036 suo
982 3965 1180 4055 (serebatur
1209 3985 1324 4046 emm,
1357 3955 1439 4047 quod

180 4048 326 4120 libenter
345 4053 388 4124 ab
407 4053 526 4123 eodem
555 4055 764 4143 haberetur),
794 4054 906 4124 lacere
929 4054 1033 4124 salsas
1059 4052 1223 4144 epistolas
1253 4053 1440 4144 tribunatus

177 4153 391 4227 compertum
418 4155 478 4223 est,
508 4145 697 4214 intantum
724 4157 761 4214 ut
782 4155 977 4214 tenerentur
1002 4143 1170 4223 homines
1190 4143 1251 4229 qui
1281 4147 1320 4211 ad
1348 4139 1440 4231 mim·

179 4227 367 4327 strandum¹
385 4233 583 4330 pergebant.
618 4233 681 4302 Sed
706 4233 767 4302 ubi
798 4231 838 4302 ad
879 4253 1060 4322 personam
1090 4232 1177 4300 servi
1213 4232 1268 4301 sui
1298 4231 1439 4320 perventi

179 4321 297 4414 domes
322 4317 449 4398 Strlrco,
473 4320 545 4408 ipse
563 4321 596 4389 in
614 4343 711 4391 servo
728 4341 790 4390 suo
814 4321 925 4391 noluit
944 4321 1131 4390 vindicare.
1150 4321 1312 4390 Homines
1328 4315 1434 4384 etiam.

178 4423 238 4487 qur
261 4404 392 4493 decepti
416 4407 563 4487 lucrant,
584 4410 775 4478 interventu
801 4411 991 4480 Sacerdotis
1015 4409 1179 4489 dimisit;.
1197 4409 1239 4477 de
1269 4409 1338 4498 ipso
1366 4418 1436 4468 tert>
1476 4489 1477 4516 ,
