2946 4798
211 251 276 318 482
529 269 568 316 ns
591 269 619 316 s.
645 268 766 317 tuantur
789 269 841 314 ar.
867 267 905 314 ιιι
929 267 1083 316 uranum.
1287 249 1363 314 bttc.
1379 249 1412 312 at

169 352 346 426 custodiae
367 353 525 422 meritum
544 353 811 454 appropinquat.
826 357 851 422 il
866 373 934 439 qua
950 351 1022 420 sola
1041 351 1198 421 videlicet
1212 349 1411 442 praeceditur,

169 446 252 533 quia
271 441 484 512 foecunditas
505 441 695 531 virginalis,
721 463 809 528 quae
824 454 874 510 est
889 440 924 508 in
951 441 1068 521 Maria,
1095 439 1203 509 nullis
1226 454 1276 510 est
1297 439 1414 508 omnino

171 533 301 603 meritis
325 530 570 619 comparando,
596 544 629 600 et
656 552 722 600 non
742 531 853 600 solunt
879 530 961 616 qnia
984 527 1154 599 foecunda
1182 543 1246 608 est,
1271 527 1325 598 sed
1351 527 1415 614 quia

172 622 307 692 lleifica.
336 620 507 708 Virginem
537 619 629 687 eninr
660 622 790 708 parere,
818 641 944 688 novum
969 641 1009 687 ac
1038 616 1217 708 singulare
1239 631 1308 698 est;
1332 621 1413 686 Βιιιιιι

103 729 107 738 ·
172 734 249 782 vero
264 713 392 800 parere.
413 709 457 777 ita
474 708 654 776 novitatem
672 707 924 797 singularitatis
939 719 1132 808 exsuperat,
1154 707 1200 776 ita
1215 707 1417 792 omniaque

171 797 328 870 miranda
353 809 444 876 sunt,
468 796 650 872 antecedit,
668 810 770 884 atque
803 795 1119 886 incomparabiliter
1136 796 1369 884 supereminet,
1389 805 1417 861 ut

172 911 234 958 nec
266 899 377 954 mente
403 886 551 974 concipi,
579 907 641 954 nec
665 885 786 976 lingua
810 884 919 954 valeat
942 883 1160 972 aliquatenus
1176 884 1346 975 explicari.
1366 879 1415 980 Sed
1471 894 1472 915 ³

154 977 259 1048 sicut
288 974 499 1044 venerandae
528 975 643 1044 Matris
670 974 802 1043 Domini
829 974 1022 1064 virginitas,
1052 973 1142 1045 beati
1171 974 1317 1042 loannis
1336 972 1414 1058 rirgr-

173 1065 311 1135 nitatem
330 1062 472 1144 excedit,
505 1063 554 1132 sic
580 1063 652 1152 ipse
678 1085 739 1153 pro
764 1061 912 1152 glorioso
935 1063 1010 1153 ejus
1040 1062 1270 1132 contubernio
1296 1073 1415 1132 caeteros

171 1152 331 1223 amnndi
356 1151 545 1242 primordio
566 1153 715 1242 virgines
732 1151 913 1221 antecellit.

215 1245 325 1330 §ts
351 1245 426 1310 Huc
443 1240 585 1323 accedit,
611 1240 702 1328 quod
730 1240 787 1310 ille
816 1240 990 1310 recubitus
1013 1240 1049 1309 in
1082 1253 1218 1330 pectore
1249 1235 1418 1310 salvatoris,

173 1330 229 1400 ille
245 1329 384 1400 divinus
408 1330 522 1413 ardor,
548 1351 651 1417 quern
676 1351 714 1398 ex
732 1351 857 1398 areana
874 1331 948 1418 ejus
964 1328 1189 1419 inspiratione
1208 1328 1368 1419 concepit,
1385 1327 1421 1393 ita

172 1421 205 1488 in
232 1419 304 1507 ejus
330 1417 517 1488 visceribus
532 1419 687 1487 omnium
716 1416 899 1488 libidinum
919 1418 1069 1488 fomenta
1090 1417 1235 1498 decoxit,
1259 1431 1297 1487 ut
1318 1435 1421 1504 corpus

171 1509 257 1599 ejuS,
279 1523 452 1594 tamquam
481 1529 515 1577 re
540 1529 617 1576 vera
641 1507 790 1598 Spiritus
818 1507 932 1576 Sancti
962 1506 1141 1595 templum,
1168 1529 1189 1575 a
1212 1507 1346 1576 cunctis
1367 1525 1421 1572 rer·

172 1609 268 1666 naret
291 1597 477 1668 aestuantis
502 1595 657 1666 luxuriae
680 1595 901 1683 squaloribus
920 1594 1146 1665 defaecatum.
1174 1600 1241 1666 Nec
1265 1594 1369 1665 ullum
1390 1591 1420 1659 lo·

170 1709 249 1755 cnm
272 1684 305 1754 in
332 1707 371 1754 eo
403 1685 597 1754 vindicabat
620 1685 762 1754 llamma
796 1683 970 1764 libidinis,
1007 1686 1109 1770 cujus
1137 1683 1305 1768 templum
1335 1681 1421 1772 gratia

172 1775 284 1844 Sancti
303 1773 451 1862 Spiritus
464 1773 593 1863 jugiter
609 1773 850 1844 obumbrabat.
869 1773 1034 1856 Quocirca
1052 1773 1198 1863 dignum
1220 1771 1298 1849 luit.
1313 1785 1347 1842 ut
1366 1772 1420 1840 bea

172 1875 227 1934 tus
249 1863 397 1933 loannes
418 1861 599 1952 Apostolus
623 1861 833 1952 Archangelo
861 1860 1010 1933 Gabrieli
1034 1863 1077 1931 ad
1106 1862 1299 1932 custodiam
1330 1859 1421 1929 llatris

172 1952 306 2022 bomini
327 1951 442 2021 socius
466 1951 661 2038 baberetur,
687 1965 858 2038 quatenns
875 1950 932 2020 ille
959 1950 1115 2022 coelestis
1148 1951 1230 2020 olim
1253 1970 1421 2108 paranyn-

173 2041 263 2130 pbns
288 2041 448 2110 intactam
476 2039 648 2129 Virginem
668 2039 886 2110 invisibiliter
905 2039 1103 2118 custodiret,
1116 2053 1149 2109 et
1166 2039 1228 2111 iste
1267 2040 1421 2109 orinsecus

170 2129 346 2220 fragilitati
366 2128 566 2210 foemineae,
584 2128 797 2199 obedientiae
826 2150 910 2198 suae
939 2128 1168 2198 ministerium
1192 2129 1376 2198 exhiberet.
1398 2128 1421 2192 tt

171 2240 362 2308 congruum
388 2230 471 2298 erat,
499 2231 536 2287 ιιι
558 2240 646 2304 quae
666 2217 765 2287 talem
792 2218 923 2308 genuit,
949 2217 1010 2305 qni
1035 2217 1120 2286 coeli
1149 2217 1306 2286 simulet
1337 2229 1421 2286 terrae

175 2309 338 2376 Dominus
355 2319 454 2386 esset,
482 2307 662 2394 utriusque
687 2306 816 2398 patriae
834 2307 925 2376 cives
951 2307 984 2375 in
1002 2327 1065 2376 suo
1085 2307 1259 2377 consortio
1277 2306 1420 2376 baberet.

171 2411 209 2467 nt
233 2397 266 2465 in
286 2417 342 2464 ore
366 2395 516 2464 duorum
538 2395 588 2464 vel
617 2397 720 2464 trium
753 2396 889 2466 testium
916 2407 1019 2465 staret
1044 2417 1147 2464 omne
1171 2397 1329 2465 verbum.
1356 2399 1423 2476 ona·

175 2500 311 2574 propter
336 2483 455 2554 beatus
473 2489 624 2553 loannes
639 2496 767 2569 quanto
792 2483 996 2553 familiarior
1014 2505 1095 2554 cum
1121 2489 1226 2553 llatre
1252 2484 1351 2554 Verbi
1370 2503 1423 2548 rer·

171 2589 279 2656 satnr,
300 2587 390 2642 tanto
416 2585 448 2640 et
473 2571 539 2660 ipsi
557 2572 700 2642 vicinior
724 2571 831 2642 Verbo
856 2573 1037 2642 invenitur„
1065 2577 1104 2642 Et
1127 2573 1292 2660 quoniam
1319 2567 1424 2641 noncb

170 2662 250 2744 alio,
277 2661 335 2732 sed
355 2661 398 2731 ab
423 2662 497 2750 ipsa
526 2663 668 2730 Veritate
683 2662 808 2730 Mariae
834 2660 947 2732 dictus
966 2676 1018 2732 est
1043 2660 1136 2730 lilius
1158 2663 1309 2750 (Mulier,
1334 2661 1422 2730 enirn

170 2751 293 2841 inquit,
320 2773 393 2820 cece
407 2752 501 2840 filius
524 2761 613 2830 tuuc
639 2763 742 2837 atque
768 2750 919 2838 idipsum
946 2749 1101 2820 iterando
1120 2751 1316 2830 confirmat,
1334 2745 1424 2818 addi·

170 2839 345 2929 scipnlum
368 2839 510 2909 dicens:
533 2845 614 2908 Ecce
628 2851 737 2910 motor
752 2838 837 2928 tuo),
859 2861 959 2908 nemo
975 2839 1056 2928 jure
1080 2838 1213 2909 videtur
1234 2847 1344 2928 major
1370 2855 1424 2906 mc·

172 2927 246 2996 ritis
261 2949 312 3008 eo,
335 2927 396 3014 qui
412 2927 551 3018 speciali
569 2928 717 3014 quadam
768 2927 853 2996 loria
870 2927 974 2998 irater
992 2940 1043 2996 est
1067 2927 1263 2998 Salvatoris.

214 3018 324 3102 5¹⁰·
351 3016 464 3104 Hujus
489 3017 594 3106 igitur
610 3029 677 3086 tam
704 2953 876 3098 sublimis,
896 3029 963 3086 tam
992 3017 1052 3106 pii,
1091 3029 1157 3086 tam
1175 3017 1272 3093 casti,
1307 3030 1425 3100 tamque

171 3103 490 3195 praecellentissimi
520 3111 584 3174 Deo
609 3104 735 3186 dilecti,
767 3105 887 3176 iratres
910 3105 1096 3187 carissimi,
1126 3105 1323 3176 laboremus
1349 3122 1424 3193 prae

170 3205 268 3284 cepta
297 3215 447 3264 servare:
472 3215 532 3284 per
556 3194 661 3285 hujus
690 3193 852 3284 vestigia,
886 3195 1093 3284 inquantum
1121 3216 1320 3284 possumus,
1356 3194 1424 3262 duce

169 3283 287 3353 divina
305 3283 413 3372 gratia
431 3283 632 3353 studeamus
657 3283 826 3353 incedere.
846 3283 908 3352 Sed
928 3283 956 3352 si
981 3305 1101 3366 omnes
1121 3306 1200 3353 cum
1224 3283 1355 3352 lonnne
1378 3280 1423 3346 rir-

171 3371 347 3463 ginitatent
370 3371 495 3440 habere
507 3373 579 3460 jam
600 3373 633 3440 in
651 3395 754 3441 carne
773 3394 840 3441 non
872 3393 1070 3462 possumus,
1102 3374 1183 3460 quia
1204 3384 1282 3462 post
1308 3368 1424 3441 nanlra·

171 3463 266 3552 glum
293 3460 445 3532 secunda
466 3472 570 3530 restat
595 3461 722 3542 tabula,
750 3460 953 3532 studeamus
977 3461 1097 3530 llorere
1114 3461 1312 3542 virtutibus,
1337 3475 1368 3529 et
1386 3457 1423 3524 sic

172 3548 1423 3640 virginitatisamissaedispendiumoptimecompensabimusllonigitur

170 3639 270 3708 nobis
287 3639 450 3708 avaritiae
469 3638 572 3708 ardor
587 3639 780 3720 incandeat,
810 3661 877 3708 non
903 3638 1104 3708 iracundiae
1128 3661 1189 3708 nos
1205 3639 1303 3709 furor
1322 3631 1422 3730 impel-

169 3725 227 3798 lat.
254 3732 325 3798 Non
344 3729 377 3797 in
404 3727 503 3798 nobis
527 3727 668 3797 llamma
697 3728 854 3798 libidinis
877 3740 1018 3808 aestuet,
1049 3750 1116 3798 non
1147 3729 1259 3818 turpis
1282 3727 1421 3817 cogitatio

169 3816 325 3908 pulcram
352 3818 488 3888 animae
505 3830 641 3886 nostrae
665 3839 779 3887 coram
799 3821 864 3886 [teo
889 3817 1038 3906 speciem
1057 3817 1176 3887 loedet.
1208 3822 1279 3888 Non
1300 3837 1358 3886 nos
1372 3827 1421 3882 ter·

168 3929 270 3978 renae
294 3904 467 3976 facultatis
495 3904 708 3976 abundantia
739 3907 773 3975 in
799 3907 997 3994 superbiam
1025 3905 1153 3994 erigat,
1184 3927 1252 3976 uon
1279 3903 1420 3988 tenacitas

168 3994 423 4068 misericordiae
447 3995 575 4065 viscera
595 3995 806 4084 pauperibus
830 3993 980 4065 claudat.
1010 3994 1179 4084 vigentia
1205 3995 1304 4066 nobis
1327 4007 1418 4094 perpe·

168 4096 225 4154 tua
249 4083 410 4165 castitas,
445 4083 637 4164 humilitas,
664 4083 838 4172 patientia,
859 4085 1036 4165 sobrietas,
1056 4083 1193 4174 justitia
1209 4106 1286 4154 cnm
1304 4091 1416 4172 pretate.

167 4174 330 4244 severitas
357 4195 436 4242 cum
461 4173 738 4242 mansuetudine.
767 4177 860 4241 lnter
885 4173 984 4254 baec,
1013 4172 1133 4242 iratres
1158 4172 1337 4252 carissimi,
1359 4185 1416 4262 cae·

169 4271 389 4361 terarumque
412 4260 501 4330 dona
528 4261 703 4340 virtutum,
730 4262 891 4340 charitas,
911 4285 999 4350 qnae
1016 4275 1124 4332 mater
1141 4276 1192 4333 est
1209 4261 1369 4356 omnium,
1390 4273 1415 4319 ιιι

168 4369 319 4418 sacrario
344 4351 489 4440 pectoris
507 4351 611 4419 nostri
638 4372 772 4440 semper
802 4364 912 4421 teneat
943 4352 1200 4443 principatum:
1227 4351 1320 4440 quia,
1344 4353 1417 4416 stettl
