3046 4838
266 305 308 370 20
632 321 670 366 ur
695 321 722 367 s.
745 318 849 366 surcro
872 319 922 366 ar.
948 316 1078 367 norror.
1357 303 1443 367 DEC.
1469 306 1480 366 t

222 428 285 476 suo
306 405 488 495 pecuniam
513 403 683 484 dividens,
714 403 904 474 laetabatur
928 425 964 472 se
988 403 1220 474 substantiam¹
1245 426 1343 474 suam
1371 407 1487 495 partiri

220 515 299 564 cum
326 493 469 573 christu,
492 491 621 562 faciens
645 513 723 562 eum
750 493 1006 582 possessionum
1032 493 1244 562 terrestrium
1270 493 1483 584 participem,

221 593 306 652 utet
321 583 394 671 ipse
418 579 543 650 laceret
558 603 637 650 eum
665 581 732 652 sibi
752 603 937 672 regnorum
955 580 1154 650 coelestium
1179 582 1417 654 cohaeredem.
1437 583 1487 652 llli

222 670 352 743 scilicet
374 668 801 761 assignabatlacultutes,
833 681 871 738 ut
906 670 980 760 ipse
1012 671 1128 739 custos
1161 683 1250 740 esset
1276 684 1485 772 perpetuus:

222 760 334 830 sciens
357 759 448 847 quod
474 759 721 849 patrimonium
744 763 809 828 Deo
825 757 994 828 creditum
1012 781 1073 828 nec
1089 759 1286 848 respublica
1299 761 1416 850 eripit,
1431 783 1488 829 nec

221 847 326 917 fiscus
344 847 485 929 invadit,
505 869 567 918 nec
591 847 768 916 calumnia
791 847 908 934 aliqua
932 846 1078 918 lorensis
1097 848 1226 916 evertit.
1245 850 1365 918 Sciens
1388 849 1486 919 etiam

222 937 390 1027 scriptum
415 959 511 1018 esse,
537 935 628 1024 quod
658 957 697 1005 ea
724 935 919 1006 haereditas
942 936 1029 1006 bene
1054 936 1273 1020 reconditur,
1299 960 1392 1024 quae
1428 943 1488 1006 lteo

220 1025 363 1096 custode
387 1037 551 1094 servatur.
569 1025 650 1114 Ejus
674 1046 754 1110 vero
772 1024 865 1116 apud
890 1047 972 1095 suos
991 1025 1132 1105 monita,
1149 1047 1217 1096 non
1235 1024 1377 1096 luerunt
1399 1025 1488 1095 aliud

220 1135 324 1202 quam
344 1114 541 1204 magisteria
556 1112 683 1195 divina,
701 1112 927 1184 fundamenta
951 1112 1081 1183 scilicet
1104 1115 1382 1184 corroborandae
1399 1114 1486 1193 fidei,

221 1202 433 1272 nutrimenta
470 1201 634 1270 fovendae
667 1203 826 1282 animae,
861 1202 1099 1292 gubernacula
1133 1201 1307 1294 dirigendi
1345 1203 1486 1282 itineris,

221 1291 393 1381 praesidia
416 1289 622 1360 obtinendae
641 1290 775 1360 salutis.
802 1291 949 1382 Dignum
975 1311 1056 1381 ergo
1080 1303 1141 1372 est,
1159 1303 1198 1362 ut
1213 1313 1291 1362 eum
1317 1293 1404 1362 boni
1419 1291 1490 1360 imi·

222 1393 337 1449 tentur
359 1391 391 1448 et
414 1379 577 1468 diligant,
605 1378 702 1469 plebs
726 1380 826 1456 colat,
859 1379 950 1448 noxii
975 1380 1139 1450 timeant:
1168 1402 1270 1467 quem
1298 1381 1347 1451 ita
1378 1381 1490 1449 divina

224 1467 331 1538 virtus
355 1467 550 1549 illustravit,
572 1481 610 1537 ut
633 1469 735 1537 etiam
762 1470 797 1538 in
814 1467 894 1536 laici
914 1467 1035 1537 habitu
1060 1468 1254 1538 babuerita
1280 1474 1347 1540 Deo
1372 1469 1490 1540 collata

222 1555 325 1637 dona,
345 1556 608 1644 doctrinamque
635 1556 851 1638 mellifluam,
868 1569 901 1626 et
929 1557 1059 1646 Spiritu
1088 1560 1212 1628 Sancto
1235 1557 1426 1638 conditam,
1453 1556 1490 1624 de

222 1645 393 1715 desiderio
408 1645 531 1715 Christi
549 1645 697 1728 salltam,
712 1645 755 1714 de
770 1657 907 1714 aeterna
920 1645 1134 1716 beatitudine
1146 1667 1281 1736 semper
1294 1646 1487 1716 sollicitam.

222 1734 355 1821 Quique
384 1735 434 1804 sic
468 1733 652 1825 religiosus
675 1734 784 1804 extitit
812 1755 852 1802 ac
879 1733 1004 1804 timens
1025 1740 1143 1816 Deum,
1165 1747 1202 1804 ut
1230 1736 1340 1805 seculi
1365 1735 1487 1804 oblitus

220 1823 255 1892 di
284 1823 416 1898 nitates.
436 1843 537 1892 omne
559 1823 772 1906 consortium
793 1844 873 1891 cum
898 1823 1017 1912 egenis
1041 1823 1181 1896 haberet
1202 1837 1234 1892 et
1256 1824 1448 1894 monachis.

259 1846 284 1998 ἓ
310 1917 380 1984 ²1.
401 1911 552 1998 Denique
575 1933 656 1982 cum
680 1911 876 1999 frequenter
900 1912 943 1981 ad
967 1935 1046 1980 eum
1077 1912 1237 1982 monachi
1260 1913 1393 2000 quique
1418 1909 1487 1980 reli·

222 1999 309 2090 giosi
334 2000 559 2081 confluerent,
584 2021 646 2069 nec
666 2000 716 2070 sic
740 2013 854 2070 tamen
878 2021 998 2070 eorum
1023 2000 1214 2071 satiabatur
1229 2001 1407 2088 alloquio:
1435 1995 1487 2068 sed

221 2088 410 2176 aliquando
432 2089 536 2159 etiam
563 2089 667 2159 nimis
695 2101 833 2158 sanctae
862 2089 1131 2158 conversationis
1155 2090 1280 2160 ardens
1305 2088 1484 2164 desiderio,

223 2179 428 2268 properabat
451 2176 494 2247 ad
527 2177 744 2256 monasteria,
776 2176 993 2264 maximeque
1017 2177 1220 2248 Lussedium
1249 2178 1277 2259 *,
1304 2178 1488 2266 quoderat

220 2288 261 2336 eo
285 2280 437 2356 tempore
460 2266 594 2336 cunctis
611 2264 820 2335 eminentius
843 2277 945 2352 atquc
961 2265 1163 2337 districtius.
1186 2271 1299 2354 Neque
1313 2268 1409 2336 enim
1426 2277 1488 2334 tam

220 2355 341 2424 crebra
365 2354 480 2424 adhuc
503 2367 601 2423 erant
627 2355 660 2423 in
686 2352 805 2424 Galliis
830 2355 1061 2424 monasterias
1081 2367 1115 2424 et
1140 2355 1252 2424 sicubi
1271 2368 1401 2435 essent,
1426 2371 1486 2421 nou

222 2442 288 2513 sub
311 2442 461 2532 regulari
485 2443 625 2528 quidem
658 2441 869 2531 disciplina,
901 2441 960 2512 sad
986 2465 1128 2534 prorsus
1162 2457 1258 2514 erant
1290 2445 1325 2513 in
1364 2439 1489 2512 malitia

220 2531 378 2601 fermenti
403 2531 524 2600 veteris
540 2531 720 2600 secularia.
741 2537 877 2601 Praeter
903 2533 1107 2602 Lussedium
1133 2553 1226 2623 ergo,
1249 2531 1342 2619 quod
1370 2530 1486 2606 solum,

220 2632 261 2690 ut
274 2619 479 2698 dictumest,
492 2618 740 2688 districtionem
758 2619 897 2710 regulae
908 2620 1049 2691 solerter
1062 2622 1207 2702 tenebat,
1219 2621 1490 2691 solemniacense

221 2708 468 2777 monasterium
489 2707 524 2775 in
550 2708 707 2798 partibus
731 2707 887 2778 occiduis
911 2709 1016 2796 hujus
1041 2708 1218 2800 religionis
1242 2709 1353 2780 extitit
1377 2715 1486 2796 caput.

220 2799 266 2865 llr
280 2818 349 2883 quo
365 2795 506 2864 demum
528 2795 626 2864 multi
648 2811 874 2884 sumpserunt
895 2812 928 2866 et
949 2798 1088 2868 initium
1113 2811 1146 2867 et
1169 2797 1382 2888 exemplum,
1409 2793 1488 2865 adeo

219 2897 259 2954 ut
275 2906 367 2954 nunc
391 2905 539 2971 quoquc,
560 2884 706 2973 propitia
726 2884 916 2967 divinitate,
935 2887 1121 2957 innumera
1144 2909 1203 2976 per
1227 2908 1366 2956 omnem
1391 2891 1488 2953 Fran·

218 2973 309 3043 ciam
328 2985 361 3042 et
377 2972 520 3044 Galliam
540 2973 731 3043 habeantur
748 2975 813 3044 sub
828 2974 978 3066 regulari
991 2975 1191 3065 disciplina,
1205 2975 1297 3045 alma
1311 2975 1489 3058 utriusque

220 3083 321 3132 serus
344 3062 519 3132 coenobia.
539 3067 668 3150 ltaque,
686 3074 724 3132 ut
743 3062 857 3132 dicere
876 3085 1071 3154 coeperam,
1094 3065 1174 3151 quis
1192 3063 1301 3134 valeat
1317 3079 1486 3134 enarrare,

218 3172 299 3220 cum
323 3162 452 3238 quanta
475 3149 607 3251 Eligius
631 3150 820 3233 devotione,
840 3166 1041 3240 quantaque
1058 3152 1253 3222 humilitate
1279 3153 1488 3242 praedictum

221 3240 465 3310 monasterium
490 3239 629 3321 adiens,
657 3239 746 3309 inter
769 3239 890 3310 iratres
916 3241 1118 3311 incederet?
1145 3241 1284 3312 Videres
1307 3263 1388 3310 eum
1414 3255 1488 3334 cnm

215 3329 359 3486 ,ianuam
376 3327 612 3418 ingrederetur
626 3329 837 3410 monasterii,
857 3328 987 3420 dejecto
1003 3330 1037 3399 in
1055 3342 1180 3401 terram
1198 3331 1306 3412 vultu,
1322 3331 1488 3418 depressis

233 3417 423 3498 uminibus,
443 3417 554 3507 capite
578 3419 613 3486 in
638 3418 802 3488 humeros
828 3419 1016 3499 submisso,
1045 3429 1113 3488 toto
1137 3431 1316 3489 extenuato
1338 3432 1486 3506 corpore,

218 3528 298 3576 cum
325 3529 450 3596 magna
467 3507 631 3596 gravitate
655 3506 744 3576 inter
759 3505 883 3580 fratres
908 3507 1053 3590 versari,
1072 3519 1105 3578 et
1123 3529 1240 3578 coram
1257 3507 1406 3598 singulis
1425 3521 1488 3570 mo·

219 3594 341 3666 nachis
366 3617 401 3664 se
428 3616 531 3685 prope
549 3595 647 3666 humi
666 3607 893 3686 prosternere,
914 3609 1017 3683 atque
1036 3597 1080 3666 ab
1097 3596 1260 3668 omnibus
1276 3593 1488 3691 devotissime

220 3683 476 3754 benedictiones
502 3685 654 3754 haurire.
677 3689 831 3772 Cumque
856 3683 899 3754 ab
922 3683 972 3754 eis
1002 3685 1183 3767 recederet,
1212 3707 1274 3776 pro
1304 3685 1399 3776 larga
1427 3677 1488 3748 rllrs

219 3771 301 3840 data
326 3771 557 3860 eleemosyna,
578 3772 780 3842 vilissimam
808 3774 909 3864 panis
933 3785 1068 3856 tortam,
1090 3787 1129 3845 ut
1153 3788 1285 3856 vocant,
1311 3793 1370 3864 pro
1394 3771 1488 3840 bene

219 3857 373 3929 dictione
388 3860 454 3930 sibi
473 3859 688 3940 vindicabat;
715 3883 861 3949 eamque
886 3884 947 3953 pro
969 3885 1094 3954 magno
1111 3863 1322 3953 amplectens
1340 3873 1485 3954 munere.

221 3946 348 4017 diebus
373 3948 524 4038 singulis
547 3971 728 4036 quousque
751 3949 875 4021 durare
904 3951 1103 4041 incorrupta
1129 3953 1315 4041 potuisset,
1341 3948 1487 4035 eulogias

222 4055 262 4104 ex
287 4056 327 4104 ea
353 4035 457 4107 veluti
482 4058 613 4107 sacram
639 4041 932 4122 communionem,
945 4041 1091 4132 jejunus
1115 4043 1285 4110 sumebat.

268 4126 286 4211 ξ
313 4129 393 4195 Ν.
420 4125 574 4196 Habebat
606 4147 684 4196 vero
712 4141 744 4197 et
767 4129 858 4199 hanc
885 4129 1194 4210 consuetudinem,
1223 4141 1261 4199 ut
1285 4129 1488 4206 ubicumque

224 4212 289 4280 iter
308 4223 434 4302 ageret,
458 4213 488 4282 si
513 4215 614 4283 sciret
637 4213 754 4284 eadem
777 4240 813 4288 sc
837 4230 934 4288 nocte
960 4218 1009 4288 vel
1032 4219 1074 4290 ad
1097 4219 1356 4299 monasterium,
1377 4210 1431 4309 vel¹
1450 4201 1487 4274 ad

227 4299 517 4386 qualemcumque
547 4300 748 4384 ecclesiam,
780 4307 850 4374 sive
873 4307 975 4376 etiam
1001 4305 1044 4376 ad
1071 4306 1271 4397 religiosum
1296 4311 1486 4394 quempttttn

245 4425 258 4450 ⁸
270 4423 412 4465 Lussedlum
421 4433 464 4475 pro
475 4425 588 4474 buxerio,
598 4427 645 4468 utel
657 4427 738 4470 fallor.
