3046 4838
559 489 695 569 ΑΟΤΑ
717 489 736 526 *

85 711 136 808 ss.
164 709 438 825 errentur,
475 712 693 827 nusueu,
736 712 1010 828 hluttttt
1047 711 1252 828 ιιιιιιιιι,

164 906 351 1017 torua
391 905 653 1008 elutum
687 927 737 1007 m
772 879 972 1009 ulnus
1008 898 1147 1008 uus*

72 1158 144 1212 otte
162 1161 199 1205 EX
219 1161 269 1206 tls.
295 1161 463 1218 tanobo
492 1160 624 1208 COElCE
648 1161 865 1208 VETUSTATE
890 1161 1007 1209 PROPE
1030 1160 1267 1220 CONSUMPTO,

198 1269 215 1312 lt
236 1267 386 1318 ttttteottlfl
411 1268 582 1316 nunctum
606 1267 787 1316 vtrtotchvtr
811 1267 904 1316 chub.
931 1268 1100 1316 elnothus.

388 1446 557 1513 Mmtyrio
579 1445 731 1502 decorati
752 1459 817 1500 sco.
840 1446 903 1501 111.

92 1636 107 1720 ξ
127 1637 155 1702 l.
175 1636 286 1705 t'alerio
306 1650 339 1707 et
357 1637 464 1707 Acilio
479 1638 530 1672 *⁴*
547 1637 766 1720 Consulibus,
784 1637 992 1728 Hippolytus
1008 1638 1093 1709 civis
1106 1643 1283 1708 Romanus

61 1722 224 1793 Christianus
239 1727 339 1796 vitam
361 1725 549 1808 solitariam
569 1749 586 1795 a
613 1728 690 1798 ebat
707 1729 742 1796 in
761 1728 916 1818 cryptis:
942 1728 984 1796 ad
1006 1749 1120 1814 quem,
1139 1727 1182 1797 ob
1198 1733 1284 1818 lpo-

61 1809 177 1880 stoliram
196 1815 437 1894 eruditionem,
465 1750 690 1904 quamplures
714 1818 934 1887 confluebant
959 1817 1168 1898 Gentilium,
1196 1820 1279 1903 qui,

62 1897 152 1968 dantes
169 1924 273 1973 nomen
299 1905 458 1984 Christo,
487 1904 760 1992 baptizabantur.
788 1906 949 1974 Veniebat
970 1904 1165 1992 frequenter
1189 1905 1282 1975 idem

63 1987 218 2076 hippolytus
238 1993 276 2061 ad
297 1992 405 2081 pedes
431 1993 593 2081 Stephani
618 1994 789 2084 Episcopi,
816 1994 947 2065 ducens
966 2015 1081 2062 secum
1100 2015 1282 2063 conversos

67 2074 239 2162 Christiano,
267 2095 303 2151 ut
330 2081 613 2170 baptizarentur3
639 2105 788 2170 cumque
814 2083 846 2150 id
874 2082 1030 2152 erebrius
1055 2082 1160 2163 lieret,
1178 2082 1283 2150 dela-

68 2173 134 2232 tores
151 2166 182 2234 ad
202 2169 400 2239 llnmmium
426 2169 495 2204 *W*
527 2171 624 2239 Urbis
655 2171 863 2240 Praefectum
889 2170 1070 2239 deferunt:
1098 2170 1127 2238 is
1160 2169 1283 2238 detulit

67 2251 198 2324 t'aleriano
214 2258 428 2348 imperatori.
455 2259 491 2328 ld
508 2281 587 2327 cum
608 2260 763 2329 rescisset
779 2260 997 2349 Hippolytus,
1024 2256 1141 2327 retulit
1164 2271 1283 2328 sancto

64 2341 193 2439 Stephano
213 2351 392 2438 Episcopo.
420 2352 513 2416 Tunc
536 2347 656 2418 beatus
673 2349 878 2438 Stephanus,
899 2347 1037 2418 collecta
1061 2346 1282 2416 multitudine

61 2427 288 2516 Chrrstianorum,
311 2436 425 2525 coepit
443 2435 692 2506 monitionibus
716 2437 843 2507 sanctis
860 2449 892 2506 et
916 2436 1109 2507 eruditione
1131 2436 1282 2524 Scriptu-

58 2535 259 2594 raromonnes
275 2525 448 2604 imbuere,
470 2524 557 2594 iuter
576 2525 643 2594 alia
661 2525 802 2595 dicens:
831 2547 848 2592 ι(
867 2525 975 2594 Eilioli
995 2525 1073 2604 mei,
1095 2524 1210 2594 audite
1227 2547 1282 2593 me

55 2621 232 2700 peecatorem.
259 2619 350 2682 Dum
370 2625 505 2702 tempus
530 2613 708 2694 habemus,
732 2636 915 2703 operemur
940 2615 1094 2694 bonum,
1115 2626 1157 2682 et
1183 2613 1282 2682 nobis

55 2697 132 2780 ipsis:
150 2713 247 2770 tamen
264 2701 421 2792 primum
440 2723 571 2782 moneo,
588 2714 625 2771 ut
642 2704 881 2789 unusquisque
901 2701 996 2771 tollat
1012 2723 1148 2772 crucem
1164 2723 1276 2784 suam,

52 2793 219 2875 etsequatur
237 2791 422 2860 Dominum
444 2803 599 2860 nostrum
628 2795 746 2860 lesum
766 2792 951 2870 Christum,
974 2792 1033 2878 qui
1054 2790 1282 2880 dignatusest

51 2873 126 2942 nobis
144 2875 262 2948 dicere:
291 2881 360 2961 Oui
386 2890 480 2948 ornat
508 2882 657 2950 animam
679 2901 796 2961 suom,
819 2881 938 2970 perdet
962 2903 1036 2948 eom
1048 2905 1061 2958 ,·
1084 2881 1146 2971 qui
1168 2890 1282 2950 autom

48 2963 195 3046 perdiderit
216 2970 367 3038 arsimone
390 2991 487 3036 auom
510 2979 645 3059 propter
667 2991 740 3049 me,
775 2971 919 3038 inveniet
947 2991 1021 3038 com
1049 2971 1083 3037 in
1108 2980 1282 3040 aeteruum

48 3049 133 3134 (loon.
152 3077 202 3136 ιιι,
222 3057 290 3146 25).
312 3056 407 3125 Unde
422 3057 523 3126 etiam
542 3077 697 3146 rogovos
714 3079 845 3138 omnes,
866 3069 987 3128 utnon
1009 3056 1114 3126 nostri
1133 3069 1278 3137 tantum,

28 3183 29 3206 r
49 3139 191 3211 sedetiam
210 3158 402 3216 nostrorum
422 3144 559 3214 solliciti
575 3147 695 3226 simus,
715 3159 754 3216 ut
769 3147 797 3216 si
817 3146 897 3233 quis
911 3159 1058 3216 vestrum
1082 3143 1182 3213 habet
1196 3145 1281 3212 ami-

47 3247 116 3306 eum,
133 3246 185 3301 aut
201 3235 433 3324 propinquum
451 3234 616 3303 Gentilem
638 3234 765 3314 adhuc,
794 3257 860 3304 non
887 3247 1038 3305 moretur
1058 3255 1136 3300 eum
1155 3232 1282 3300 ducere

47 3315 77 3380 ad
92 3339 146 3398 me,
169 3334 205 3390 ut
226 3322 460 3412 baptizetur.»
485 3328 579 3390 Tunc
606 3322 810 3412 Hippolytus
836 3323 928 3393 misit
948 3345 984 3393 se
1003 3321 1044 3390 ad
1068 3319 1171 3409 pedes
1191 3319 1280 3388 beati

47 3403 180 3492 Stephani
198 3411 365 3500 Episcopi,
392 3412 532 3480 dicens:
561 3433 578 3476 ι
598 3417 692 3480 Pater
708 3413 806 3493 bone,
831 3433 912 3501 rogo
928 3425 968 3490 te,
997 3411 1106 3479 habco
1123 3418 1280 3509 nepotem

46 3510 148 3575 neum,
171 3511 201 3566 et
224 3521 419 3588 germanam
445 3499 540 3590 ejus,
567 3500 681 3568 adhuc
706 3501 878 3581 Gentiles,
911 3521 998 3587 quos
1027 3511 1174 3568 enutrrrr
1190 3520 1197 3564 :
1213 3503 1282 3566 'est

48 3593 135 3652 autem
161 3585 214 3655 hic
239 3588 400 3678 parvulus
420 3610 589 3658 arrnorum
616 3587 695 3678 plus
721 3589 836 3660 miuus
861 3589 990 3670 decem,
1019 3586 1131 3678 puella
1150 3597 1278 3686 autem,

28 3677 187 3756 jannorum
209 3677 390 3746 tredecim:
412 3677 533 3746 horum
554 3690 672 3758 mater,
692 3676 836 3748 Paulina
852 3678 954 3758 dicta,
975 3690 1006 3747 et
1032 3677 1106 3765 ipsa
1124 3674 1278 3756 Gentilrs;

28 3761 120 3840 lpoter
141 3763 249 3832 itidem
282 3765 419 3833 nomine
449 3766 592 3847 Edrias,
625 3765 684 3853 qui
717 3766 903 3852 aliquando
935 3767 1126 3855 praedictos
1158 3763 1201 3832 ad
1228 3785 1281 3834 mc

28 3847 135 3917 mittit.
155 3874 171 3916 a
195 3857 283 3922 Eune
300 3853 419 3922 beatus
443 3854 637 3943 Stephanus
660 3854 691 3922 ei
717 3855 846 3936 suasit,
874 3867 922 3936 ut,
948 3877 1027 3925 cum
1055 3855 1176 3924 iterum
1204 3852 1281 3923 mit-

49 3941 129 4016 teret,
154 3961 207 4010 eos
230 3941 406 4020 retineret,
433 3956 489 4023 ut,
515 3965 555 4011 ea
579 3943 780 4025 occasione,
807 3943 909 4013 etiam
935 3957 1092 4033 parentes
1118 3941 1277 4021 veniant,

48 4039 112 4102 quos
133 4028 230 4098 simul
254 4031 419 4100 hortetur.

28 4251 30 4264 Ι
55 4199 135 4266 stete
146 4204 200 4246 haee
215 4208 334 4264 lueruntp
350 4211 419 4250 nobis
432 4209 577 4262 transcripta
588 4214 732 4262 eportrrr'orr
741 4212 841 4254 Strrlsna
850 4211 1042 4260 sullimannum
1052 4211 1171 4260 tnprtrre,
1183 4207 1213 4249 ut
1223 4207 1286 4246 hano

28 4273 30 4296 r
54 4261 195 4299 etwoornnrno
205 4262 277 4302 desint
290 4265 429 4304 Sanctorum
439 4263 510 4304 littae.

54 4304 87 4364 J·
100 4309 179 4351 Eorum
193 4317 290 4356 omniurn
305 4318 434 4365 Martyrum
450 4318 610 4358 anniversaria
625 4319 683 4362 Elea,
697 4316 755 4356 ltcet
769 4314 870 4358 dirersis
882 4313 945 4366 passi
955 4317 1102 4362 ambobus.
1112 4314 1196 4364 rareto
1205 4313 1283 4354 Nonas

28 4363 29 4396 1
53 4365 90 4428 ”tf-
99 4361 252 4422 &creatutura
261 4367 348 4410 tabulis
359 4371 492 4420 constructa
501 4372 608 4412 iubetur.

28 4439 30 4466 2,
81 4411 100 4436 '¹
113 4417 159 4462 tta
172 4419 279 4462 ικιιιιηι.
677 4423 736 4452 ϊ*
751 4423 803 4470 aur,
817 4422 946 4463 Maximum.
