2932 4812
241 271 304 336 564
514 287 553 333 oc
576 287 604 332 s.
631 285 736 332 raom
762 286 907 334 carucae.
935 286 1144 334 caurunrurn.
1302 267 1374 332 utu.
1396 269 1425 330 El

194 393 366 444 carcerem
379 369 879 442 ducereturllterodieiturus
890 370 933 440 ad
946 373 1092 452 curiam,
1105 369 1423 461 priusobtulitllissae

197 461 406 532 sacrificium
432 480 510 530 cum
539 459 647 529 multa
671 460 779 529 animi
798 459 922 549 pietate
940 472 974 529 et
989 459 1163 550 lacrymis.
1192 458 1314 529 Deinde
1334 457 1422 526 stolam

196 551 328 641 accepit
345 551 379 618 in
396 548 570 628 humeros,
590 568 696 618 manu
720 549 838 618 dextra
859 548 994 618 tenebat
1009 570 1171 618 crucem:
1196 546 1299 638 q'uam
1321 545 1424 634 quiden

197 639 356 731 Episcopi
373 637 454 718 duo,
473 649 511 707 ut
536 636 756 794 deponereta
777 636 952 718 manibus,
972 637 1211 719 hortabantur,
1229 636 1287 707 sed
1310 658 1366 705 non
1389 657 1425 702 as·

196 729 315 799 sensit.
333 725 548 816 Objiciebant
571 726 581 794 i
598 725 634 806 li,
652 726 742 813 quod
778 725 934 882 pladium
962 725 1066 795 ferret
1085 725 1251 796 adversus
1274 731 1389 816 Regem.
1403 730 1425 790 tt

196 817 275 887 ille:
294 839 312 882 (ι
330 821 428 896 Crux,
447 815 572 901 inquit,
593 835 713 905 pacem
738 813 780 884 ad
797 827 859 896 ert,
887 835 956 885 non
981 813 1150 906 gladium,
1170 815 1349 904 pacificans
1368 833 1426 898 quae

195 907 231 976 iu
256 904 360 976 coelis
384 915 528 991 atquae
554 905 589 973 in
616 916 705 974 terra
731 916 824 984 sunt,
842 915 874 974 et
897 925 960 994 ego
986 925 1107 994 pacem
1134 903 1223 989 volo,
1245 925 1305 974 nec
1325 921 1425 971 crucem

195 995 341 1084 depono.
363 991 539 1062 »Interim
564 992 661 1062 audit
684 1014 705 1062 a
727 991 953 1080 quibusdam,
972 993 1033 1079 qui
1057 993 1160 1095 Regis
1190 992 1331 1064 oonsilio
1354 992 1427 1058 inter-

194 1082 342 1162 lucrant,
365 1081 402 1150 ui
421 1080 579 1151 consulat
599 1080 678 1163 sibi,
695 1081 815 1150 eodem
833 1081 890 1152 die
905 1092 965 1151 aut
984 1094 1090 1182 caput
1106 1103 1224 1172 ipsum
1241 1081 1426 1153 amissurum

195 1183 255 1241 aut
274 1170 404 1240 iturum
429 1171 463 1239 in
489 1190 673 1240 carcerem.
693 1169 754 1239 Ille
771 1191 850 1240 vero
875 1190 937 1260 pro
964 1191 1002 1239 se
1029 1170 1239 1261 intrepidus,
1259 1171 1369 1240 aurius
1387 1187 1428 1255 pro

195 1259 357 1340 Ecclesia,
377 1258 419 1328 ad
440 1280 615 1328 summurn
643 1259 840 1330 Pontificem
858 1272 1030 1349 provocat.
1051 1264 1096 1328 Ea
1113 1281 1168 1331 res
1192 1259 1317 1330 multos
1332 1267 1428 1348 partur-

195 1349 288 1418 bavit
311 1360 345 1418 et
367 1347 562 1417 commovit.
583 1348 773 1438 Episcopus
801 1360 917 1417 autem
946 1348 1206 1430 wintoniensia,
1226 1349 1344 1420 timeus
1358 1366 1390 1413 ne
1407 1343 1427 1410 ic

196 1457 359 1527 praesens
391 1435 448 1505 ille
474 1436 561 1505 vitae
591 1435 778 1506 discrimen
809 1436 1050 1526 conjiceretur,
1081 1437 1287 1508 hortabatur
1310 1455 1386 1513 eum,
1407 1446 1429 1496 u‘.

195 1525 404 1616 Episcopatu
428 1546 463 1594 se
483 1523 661 1604 abdicans,
682 1525 766 1615 Regi
790 1523 890 1596 illum
919 1527 1140 1616 permitteret.
1161 1525 1226 1597 llle
1242 1548 1336 1596 vero:
1351 1547 1366 1588 a
1382 1525 1426 1590 lor

194 1635 247 1695 ea,
266 1615 390 1701 inquit,
409 1613 606 1683 conditione
622 1613 866 1705 Episcopatum
888 1615 1037 1704 suscepi,
1056 1626 1096 1686 ut
1118 1637 1201 1686 eum
1219 1615 1301 1706 Regi
1319 1609 1426 1683 tradam

195 1701 254 1772 sed
275 1715 313 1773 ut
338 1724 399 1792 pro
423 1701 482 1771 illo
505 1702 609 1771 etiarn
634 1703 805 1792 meipsum
832 1701 1084 1794 impendam.»
1110 1707 1196 1774 Tum
1225 1725 1301 1774 vero
1323 1697 1425 1790 quidam

194 1813 235 1862 ex
259 1790 437 1881 Episcopis
461 1791 569 1872 veriti,
588 1811 631 1860 ne
653 1791 879 1874 occideretur,
898 1801 931 1860 et
946 1813 986 1861 aa
1003 1813 1058 1862 res
1075 1792 1117 1862 ad
1138 1793 1147 1860 i
1154 1815 1296 1882 psoram
1312 1787 1425 1882 omniun

195 1892 228 1950 et
252 1881 356 1950 totius
381 1879 478 1969 regni
494 1879 644 1948 dedecus
659 1892 692 1948 et
716 1901 783 1950 non
810 1879 1018 1951 mediocrem
1045 1883 1336 1970 perturbationem
1360 1885 1426 1968 perl-

197 1980 302 2050 neret,
322 1991 341 2038 a
361 1974 451 2058 Rege
475 1969 716 2056 impetrarunt,
734 1981 773 2039 ut
790 1967 906 2040 liceret
925 1968 1011 2059 ipsis
1027 1983 1147 2040 contra
1164 1971 1424 2062 archiepiscopum

196 2057 371 2148 appellare
395 2061 492 2127 Rom.
520 2056 731 2127 Pontificem:
759 2058 871 2148 ajebat
895 2057 960 2127 hac
985 2057 1039 2128 via
1062 2080 1098 2128 se
1123 2057 1227 2130 illurn
1253 2072 1425 2146 compressu·

196 2167 287 2216 rum.
314 2146 352 2216 Id
377 2158 491 2215 autem
516 2145 630 2228 fiebat,
652 2159 691 2216 ut
713 2167 731 2216 e
757 2147 928 2236 praesenti
950 2146 1110 2237 periculo·
1130 2169 1214 2218 eum
1244 2147 1424 2236 extraherent

195 2234 354 2305 Permisit
378 2239 458 2314 Rex,
478 2233 670 2305 laetabatur
688 2234 985 2328 archiepiscopus,
1005 2235 1136 2326 quippe
1159 2237 1225 2325 qui
1248 2235 1331 2307 nibil
1353 2246 1426 2317 magu

194 2336 346 2414 cuperet,
363 2344 466 2410 quam
484 2322 611 2392 audiri.
632 2322 695 2393 Sed
721 2345 843 2395 rursus
866 2345 947 2394 arco
975 2324 1094 2395 itatum
1113 2337 1176 2405 est,
1194 2327 1289 2396 unde
1304 2323 1426 2412 illatore·

195 2424 300 2483 retur.
322 2411 473 2498 Denique
494 2410 637 2503 maligni
662 2411 804 2502 quidam
830 2412 865 2481 id
891 2346 1029 2482 tandem
1054 2412 1256 2498 effecerunt,
1282 2425 1319 2484 ut
1338 2411 1388 2478 lata
1405 2423 1425 2470 u

194 2523 273 2572 eum
293 2499 460 2572 sententia
477 2501 531 2580 sit,
549 2514 587 2570 ut
610 2501 817 2571 constrictus
834 2501 994 2584 vinculis,
1015 2501 1213 2573 truderetur
1232 2505 1267 2574 in
1284 2512 1424 2573 carcerem·

196 2601 371 2679 tamquam
398 2587 552 2679 proditor
574 2591 773 2660 communis
791 2589 897 2681 pacis.
917 2589 980 2659 Ubi
1004 2589 1039 2660 id
1066 2590 1116 2661 illi
1137 2591 1372 2663 denunciatum
1385 2590 1425 2677 est

195 2701 264 2749 non
285 2689 391 2759 stans,
410 2699 452 2746 ne
477 2676 655 2768 derogaret
671 2678 830 2770 dignitati
848 2677 1041 2761 sacerdotii,
1060 2678 1118 2750 sed
1137 2680 1275 2764 sedens,
1294 2669 1427 2764 respondi

194 2767 351 2848 mirifice,
372 2769 536 2854 maiorem
561 2788 581 2836 a
608 2767 801 2838 minoribus
827 2788 895 2838 non
920 2767 1045 2838 debere
1061 2767 1241 2859 judicari;
1271 2765 1426 2842 scillarum

195 2877 263 2925 non
288 2855 395 2924 teneri
426 2855 606 2925 sententia.
636 2877 654 2922 a
684 2855 786 2938 Ordo,
813 2856 938 2944 inquit,
964 2856 1203 2940 contunditur,
1232 2858 1262 2930 si
1297 2865 1426 2949 pastorem

140 2981 142 2986 ·
193 2945 277 3024 ovis,
301 2943 506 3034 magistrum
530 2942 737 3034 discipulus,
761 2956 891 3036 patrem
917 2943 1012 3016 filius
1036 2947 1203 3018 verberet.
1231 2953 1301 3020 Non
1331 2951 1427 3013 tantun

193 3053 318 3102 aurum
335 3031 424 3102 sacro
441 3031 625 3114 antecellit,
640 3045 810 3119 quantum
832 3032 1062 3106 sacerdotium
1082 3035 1214 3126 regiam
1255 3042 1427 3123 ctestateue

193 3119 331 3222 Addidit
353 3121 469 3201 etiarn,
502 3133 578 3213 post
610 3123 847 3212 interpositam
876 3123 1145 3214 appellationem
1171 3059 1265 3196 nolle
1289 3143 1322 3194 sc
1342 3115 1427 3188 codd

189 3209 376 3300 judicium.
403 3209 619 3292 Quibusdam
640 3211 857 3282 dicentibus:
877 3234 895 3278 «
914 3211 1054 3303 Amplas
1083 3212 1309 3284 haereditates
1329 3232 1347 3279 a
1366 3211 1427 3289 Rege

193 3298 338 3399 obtines,
357 3310 389 3369 et
405 3299 439 3368 in
458 3300 561 3390 Regis
577 3299 675 3370 curia
692 3321 760 3370 non
778 3300 1017 3391 vis-judicarit
1036 3324 1055 3368 a
1072 3301 1134 3372 Ille
1151 3301 1339 3394 respondit:
1354 3297 1425 3382 eloe

193 3400 257 3470 est,
275 3400 334 3469 art,
357 3387 563 3470 haereditas,
582 3409 687 3476 quarn
713 3402 822 3459 teneo:
843 3410 905 3459 nec
929 3395 994 3460 alt
1060 3445 1068 3473 ,
1092 3389 1187 3461 seda
1215 3397 1279 3462 Deo
1300 3397 1377 3462 sunt·
1389 3397 1425 3447 ⁰11¹

195 3477 229 3576 in
247 3476 501 3576 eleemosynam
515 3475 598 3547 data
614 3489 706 3559 sunt,
724 3499 812 3565 quae
830 3478 1005 3549 obtineo.»
1043 3479 1222 3551 rarissime
1234 3476 1426 3563 deiudeprae·

193 3586 338 3652 armeus,
367 3587 409 3635 ne
432 3585 472 3636 ea
495 3564 551 3635 die
579 3567 614 3634 in
640 3566 757 3724 ipsum
777 3566 905 3637 ferrent
929 3568 1146 3650 seutentiam,
1173 3568 1347 3654 sedemque
1365 3565 1426 3645 lut·

194 3653 350 3725 stolicam
367 3653 560 3746 appellans
575 3654 648 3724 nihi
665 3655 805 3726 ominus
822 3655 1074 3728 condemnatus
1086 3667 1148 3728 est.
1162 3659 1340 3728 lbeuntem
1354 3647 1423 3718 illum

191 3765 209 3812 e
226 3742 385 3826 concilio,
404 3742 559 3831 undique
578 3743 745 3816 conviciis
761 3745 990 3826 insectantur,
1009 3744 1209 3816 clamitant:
1236 3769 1254 3814 a
1278 3749 1352 3814 Ecce
1371 3751 1425 3892 pst·

192 3832 283 3904 ditor
306 3834 409 3922 Regis
429 3832 518 3913 abit;
544 3855 621 3902 ecce
646 3833 799 3922 proditor
823 3832 926 3924 Regis
952 3834 1041 3914 abit;
1063 3835 1291 3924 »jactantque
1305 3832 1335 3901 in
1354 3825 1370 3894 il
1384 3837 1422 3890 un

192 3933 347 3994 contorta
371 3922 550 4004 stramina,
579 3935 610 3992 et
635 3921 669 3991 id
694 3944 805 4012 genus
828 3921 907 3992 alia.
932 3927 1086 4012 Cumque
1117 3924 1279 3994 immanis
1305 3917 1422 3988 existeret

194 4011 376 4092 tumultus,
391 4022 591 4099 suggestum
609 4021 659 4081 est
680 4011 776 4102 Eegi,
795 4012 1024 4102 sempiternae
1040 4011 1093 4082 illi
1110 4012 1312 4104 ignominiae
1328 4004 1420 4076 soretl

193 4100 284 4170 intra
311 4099 426 4170 aulam
456 4119 554 4170 suam
581 4099 707 4169 sineret
735 4099 1039 4192 archiepiscopum
1065 4101 1226 4192 discerpi.
1253 4099 1356 4183 ltaque
1375 4093 1420 4156 litt

190 4187 295 4274 jussit
311 4209 389 4258 eum
408 4185 566 4256 illaesum
593 4187 733 4258 dimitti.

236 4278 254 4358 ὅ
279 4281 345 4346 ss.
367 4281 452 4345 Eum
478 4275 530 4344 vir
547 4277 681 4346 bomini
706 4277 749 4348 ad
767 4279 1014 4350 monasterium
1040 4278 1171 4362 abiens,
1189 4301 1228 4349 ex
1243 4289 1305 4347 tam
1327 4281 1418 4339 nunt·

192 4378 269 4426 rosa
293 4359 426 4432 familia
450 4385 511 4434 sua
537 4385 604 4433 non
632 4365 699 4434 nisi
729 4387 786 4437 sex
819 4368 996 4439 ministros
1030 4368 1165 4459 reperit,
1198 4363 1325 4438 caeteris
1351 4361 1417 4424 metu
