2954 4816
276 280 341 345 428
635 299 674 344 or
699 299 726 344 s.
753 289 927 345 crtasrasm
951 297 1095 344 nanrnnr
1334 276 1405 340 out.
1425 278 1456 340 25

232 403 312 451 cnm
332 381 510 472 Propheta,
529 379 665 451 dicens:
685 385 794 464 Quare
811 384 916 450 tristes
935 404 980 461 es,
1003 383 1119 450 anima
1132 382 1230 449 mccl
1245 383 1284 448 Et
1298 401 1388 482 poure
1400 401 1456 447 con-

233 471 348 540 turbas
370 471 446 538 me?
463 473 571 560 Spera
587 472 623 540 t'n
645 475 722 550 neo,
742 472 902 561 quoniam
925 470 1036 539 adhuc
1059 469 1232 626 corpptebor
1254 470 1318 548 itti,
1340 471 1457 536 salutare

231 561 346 628 vultur
372 559 441 627 mei
454 568 485 626 et
500 564 588 628 Deua
606 559 780 647 meur(Pa.
802 558 871 648 tt).
899 559 1081 628 Geminum
1132 558 1215 626 irini
1244 556 1382 626 muneris
1402 575 1455 643 pro·

234 648 334 718 batur
362 645 543 726 indicium,
573 669 652 716 cum
685 647 746 717 tibi
773 658 805 717 et
831 660 964 716 terrena
991 645 1189 726 reddentur,
1218 657 1250 716 et
1274 644 1454 714 donabuntur

232 733 401 806 coelestia.
426 735 592 805 Dominus
614 736 706 804 enim
732 734 939 806 beneficium
964 757 1065 805 suum
1091 735 1135 804 ob
1159 735 1225 804 boc
1250 731 1398 824 protrahit
1416 751 1454 820 per

232 823 447 906 adversum
471 845 538 893 non
565 823 609 894 sit
637 823 736 894 nobis
761 824 838 906 vile,
865 823 956 914 qnod
989 835 1148 914 praestat.
1176 819 1453 917 videreturne

233 913 266 980 in
291 913 367 992 hoc,
419 911 486 981 uod
512 912 567 1002 pie
584 912 777 982 virentibus
801 911 994 982 inferantur
1016 912 1171 983 adversa.
1199 917 1271 984 lton
1294 910 1377 980 enim
1396 908 1455 976 deu·

234 1001 335 1089 peris,
362 935 420 1070 seh
447 1001 615 1089 probaris.
641 1006 713 1073 Non
738 1013 789 1071 est
813 1014 885 1071 tnta
908 1000 1072 1084 defensio,
1093 1023 1198 1089 quam
1221 1013 1259 1070 tu
1276 1011 1368 1090 putas
1389 1017 1455 1092 posse

234 1111 294 1178 per
316 1088 493 1158 bominem
518 1100 686 1162 constare.
718 1090 894 1180 Scriptura
925 1089 1077 1160 dicente:
1103 1089 1302 1159 Maledictus
1324 1089 1454 1173 bomopc

231 1200 323 1268 spem
346 1200 446 1247 snam
466 1180 561 1268 ponit
584 1180 620 1247 in
644 1181 793 1248 homine:
819 1191 851 1248 et
874 1180 1062 1249 benedictus
1086 1179 1182 1248 bomo
1205 1181 1268 1269 qui
1290 1199 1374 1268 spem
1392 1195 1452 1242 uun

229 1267 323 1356 ponit
347 1268 382 1334 in
401 1271 466 1335 Deo
488 1271 569 1351 (Jer.
589 1267 679 1358 nvn).
710 1273 795 1338 Cave
825 1266 955 1338 sortiter
979 1281 1011 1336 et
1035 1267 1217 1358 vigilanter
1242 1267 1390 1336 universe
1408 1283 1453 1358 pec·

231 1367 326 1436 cata,
344 1367 412 1424 eta
435 1359 498 1424 ceo
522 1355 594 1426 solo
618 1377 744 1443 quaere
770 1355 944 1437 solatium,
971 1355 1074 1444 cnjus
1094 1357 1393 1445 jussa'conservas.
1412 1354 1453 1445 Crto

231 1443 323 1511 enim
350 1442 392 1511 ad
421 1455 452 1512 te
481 1443 656 1534 placidum
689 1457 904 1515 convertetur
928 1458 1075 1535 tempus,
1102 1457 1135 1514 et
1158 1445 1261 1532 quasi
1293 1455 1362 1534 post
1383 1451 1453 1536 noeto

173 1589 175 1594 ,
232 1531 389 1602 tenebras
405 1531 567 1602 floridum
593 1533 661 1603 diei
685 1532 802 1603 lumen
827 1534 995 1623 accipies:
1022 1545 1123 1620 atque
1141 1546 1217 1622 post
1233 1530 1370 1623 glaciale
1384 1528 1454 1615 lngus

230 1619 365 1708 hyemis
394 1621 614 1702 transeuntis,
636 1643 740 1690 aurea
772 1622 833 1692 tibi
857 1634 889 1691 et
913 1643 1032 1692 serena
1064 1634 1218 1712 tempora
1250 1620 1454 1696 succedente

231 1721 269 1777 ut
285 1709 460 1791 omnibus,
479 1710 539 1798 qui
558 1732 617 1800 pro
634 1709 758 1780 Christi
776 1709 914 1779 nomine
930 1709 1142 1802 affliguntur,
1163 1709 1377 1801 temporalem
1393 1723 1453 1796 prce

233 1797 313 1896 beas
336 1797 513 1879 laetitiam,
534 1820 594 1888 per
613 1820 716 1886 quem
738 1799 813 1870 sine
837 1799 943 1870 dubio
961 1799 1185 1888 consequaris
1209 1813 1387 1870 aeternam.
1407 1791 1452 1858 ld?

232 1907 265 1953 m
293 1887 445 1970 Domino,
474 1901 507 1956 et
530 1909 590 1958 ora
615 1909 676 1978 pro
702 1909 766 1956 me.

549 2121 640 2186 tth
666 2123 696 2186 S.
726 2121 968 2188 innectente
994 2121 1186 2186 EPISTULA

392 2281 467 2328 CUli
503 2281 547 2327 SE
584 2281 761 2328 rttrnttltr
796 2281 835 2328 lli
867 2280 1063 2329 CUSTOBIA
1099 2281 1346 2329 nontrunntt.

274 2419 292 2504 ἓ
316 2421 361 2489 8.
391 2419 576 2505 Confesrori
599 2419 726 2490 Christi
748 2419 971 2510 Chrysopono,
989 2423 1183 2490 Anastasia.
1210 2420 1306 2489 Finis
1323 2418 1452 2510 venitur·

163 2539 166 2544 ·
233 2506 324 2598 poris
350 2505 435 2574 mei:
463 2519 632 2576 memento
670 2509 759 2586 mei,
788 2521 827 2578 nt
853 2507 1084 2598 egredientem
1116 2509 1272 2578 animam
1307 2495 1453 2576 insaniit

231 2595 407 2684 suscipiat,
428 2615 488 2682 pro
500 2595 601 2684 cnjus
619 2617 734 2666 amore
748 2597 811 2665 ista
829 2597 993 2676 sustineo,
1009 2619 1098 2684 qnae
1113 2619 1152 2666 ex
1168 2619 1227 2667 ore
1245 2597 1349 2687 hujus
1367 2587 1453 2660 vetule

232 2703 465 2774 recognosces.

616 2899 651 2966 S.
681 2897 886 2986 Chrysoyont'
906 2918 1110 2986 responsum.

241 3089 244 3096 .
274 3037 357 3120 §d-
386 3035 617 3126 Chrysoponus
640 3039 849 3106 Anastasius.
878 3043 1018 3127 Semper
1050 3037 1109 3118 fit,
1136 3049 1174 3106 ut
1199 3036 1317 3107 lumen
1342 3030 1454 3104 tenebret

235 3121 458 3210 praecedant:
485 3125 534 3194 sic
558 3125 659 3194 etiam
686 3137 761 3215 post
785 3125 1020 3195 infirmitatem
1039 3125 1135 3195 salus
1159 3127 1348 3207 revertitur,
1365 3133 1391 3191 et
1409 3126 1454 3206 pel

230 3223 373 3280 mortem
396 3212 460 3281 vita
480 3214 701 3301 promittitur.
729 3218 802 3283 Uno
827 3215 894 3282 line
918 3214 1130 3284 clauduntur
1146 3225 1177 3282 et
1193 3215 1335 3284 adverse
1359 3201 1452 3303 mundt-

229 3315 261 3368 et
281 3321 465 3391 prospera:
487 3323 529 3370 ne
546 3301 596 3370 vel
622 3301 777 3374 tristibus
793 3301 1004 3393 desperatio,
1032 3303 1081 3372 vel
1107 3303 1204 3372 laetis
1230 3303 1330 3373 elatio
1344 3300 1453 3399 domne

231 3400 297 3457 tur.
327 3393 438 3458 Unum
458 3403 629 3471 moreest,
657 3391 692 3459 in
715 3413 784 3478 quo
808 3391 986 3460 naviculae
1008 3392 1162 3481 corporis
1183 3392 1292 3461 nostri
1316 3386 1452 3486 velrdqttl·

228 3489 261 3546 ct
284 3477 349 3548 sub
369 3498 438 3546 uno
455 3478 683 3578 gubernatore
700 3479 836 3550 animae
855 3493 990 3550 nostrae
1012 3481 1148 3550 nautico
1165 3479 1224 3549 sun
1255 3493 1355 3550 untur
1367 3473 1450 3574 olleo

229 3566 452 3646 Quarundam
466 3567 573 3656 igitur
587 3589 690 3636 naves
714 3567 912 3640 fortissimis
932 3569 1128 3639 carinarum
1156 3503 1299 3638 nerihus
1321 3561 1451 3636 sotnaa.

229 3654 398 3724 tenebrosi
415 3655 574 3741 aequoris
592 3657 726 3727 concito
749 3677 854 3726 cursu
873 3659 999 3728 linctus
1020 3656 1157 3726 illaesae
1173 3663 1386 3746 praetereunt:
1398 3662 1452 3732 cult

229 3741 377 3811 rundam
404 3765 481 3814 vero
505 3742 638 3834 fragilis
652 3745 819 3834 junctura
835 3746 937 3816 etiam
957 3746 991 3814 in
1013 3744 1199 3833 tranquillo
1222 3746 1364 3816 vicinum
1386 3741 1452 3836 gnon

226 3831 416 3901 conficiunt
439 3853 595 3903 cursum.
622 3837 730 3923 Prope
748 3835 904 3904 estenim
930 3845 966 3904 ut
988 3847 1136 3924 pereant,
1156 3835 1217 3921 qui
1242 3855 1305 3904 non
1329 3827 1448 3916 cogtttssl·

228 3930 265 3988 ut
289 3919 330 3989 ad
357 3918 480 3990 salutis
500 3933 637 4010 portum
654 3922 835 4023 attingant.
862 3927 910 3992 Tu
937 3937 1064 4008 autern,
1091 3945 1111 3993 o
1134 3923 1259 3993 Christi
1281 3912 1450 4010 irreprehen-

227 4007 339 4078 sibilis
363 4007 505 4090 famula,
532 4009 649 4080 Crucis
677 4010 802 4081 Christi
826 4011 1027 4101 trophaeum
1054 4024 1122 4081 tota
1147 4024 1259 4080 mente
1286 4013 1449 4082 consump-

226 4109 259 4164 et
283 4097 426 4186 teipsam
452 4096 495 4165 ad
512 4119 600 4186 opus
618 4099 753 4168 Domini
774 4121 960 4190 praepura:
989 4101 1022 4168 in
1040 4121 1108 4187 quo
1126 4100 1195 4170 tuis
1218 4093 1381 4169 desideriis
1394 4085 1448 4154 dum

229 4185 396 4270 parueris
423 4207 502 4256 cnm
525 4187 682 4277 martyrii
708 4187 823 4278 palma
843 4187 884 4257 ad
911 4187 1082 4259 Christum
1107 4189 1264 4280 attinges.
