2946 4798
33 329 102 392 titt.
127 323 166 394 27
371 349 408 393 on
432 348 459 394 s.
486 348 608 396 rosana
633 349 683 394 ar.
711 349 747 394 nr
771 349 923 396 nauseat.
1177 335 1239 397 llll

32 445 227 522 segregantes
243 453 283 500 ac
300 435 522 521 separantes?
544 453 561 497 »
587 432 713 500 Deinde
738 433 838 502 etiam
865 434 905 501 ad
934 434 1047 522 ipsum
1072 435 1173 502 linem
1203 437 1283 523 Epi·

33 521 120 589 stolae
136 521 216 590 baec
228 520 270 589 de
286 519 414 590 futuris
431 520 636 590 subscribit:
656 544 673 586 e
689 523 838 590 Omnino
853 522 945 590 enim
965 521 1032 591 dde
1046 522 1173 612 dignus
1191 547 1281 604 surii,

33 611 136 696 inquit,
161 623 198 679 ut
216 610 315 696 quia
339 614 405 678 [teo
429 609 628 684 didicerim.
655 631 744 696 quae
768 610 902 680 decreta
927 623 1019 692 sunt,
1052 626 1089 680 ut
1115 612 1172 682 tibi
1203 635 1285 682 cott-

30 699 155 788 tingant,
181 711 213 768 ct
231 699 310 768 dico
334 700 450 778 etiam,
477 697 567 784 quod
594 697 795 769 liberandus
820 699 868 769 sis
892 721 911 769 e
940 700 1120 781 custodia,
1147 723 1216 789 qua
1248 703 1282 769 in

31 791 129 856 latmo
146 787 302 866 servaris,
320 800 353 857 et
380 787 415 855 in
439 788 619 856 Asiaticam
647 801 770 856 terram
798 809 1010 869 reversurus,
1034 789 1149 875 ibique
1173 788 1284 858 lactu-

30 897 78 943 rns
99 876 175 944 boni
196 877 251 945 ltei
278 875 498 957 imitationes,
525 876 646 956 ethis,
669 877 729 964 qui
755 891 785 946 te
806 891 1004 965 sequentur,
1032 878 1283 948 traditiones.»

29 964 80 1032 Sed
105 965 182 1034 baec
205 964 346 1053 quidem
380 965 598 1055 postmodum
628 988 691 1036 suo
722 980 874 1056 tempore
897 969 1127 1058 contigerunt,
1154 989 1194 1037 ac
1219 981 1284 1036 ter-

28 1053 145 1120 minum
163 1055 294 1143 accepit
313 1054 513 1124 vaticinium
538 1054 846 1142 (quemadmodum
865 1056 898 1124 in
923 1055 1146 1143 sequentibus
1172 1077 1284 1128 sermo

30 1141 228 1212 manifestare
246 1144 394 1232 poterit),
417 1165 495 1212 cnm
510 1143 582 1232 jam
608 1143 789 1232 Dionysius
808 1145 872 1214 sub
899 1146 1091 1214 Domitiano
1111 1167 1171 1234 pro
1188 1145 1284 1214 Cbri·

31 1241 75 1296 sto
97 1231 187 1300 vitam
211 1238 376 1320 martyrio
401 1230 544 1301 finisset.

45 1321 142 1404 ·§0.
169 1326 262 1404 Quae
286 1330 366 1389 sunt
382 1332 495 1390 autem
516 1318 603 1388 lacta
632 1333 705 1409 post
731 1320 838 1388 baec?
860 1322 1051 1390 bonsitiano
1068 1343 1107 1392 ex
1134 1322 1284 1392 bomini·
1391 1391 1393 1398 .

31 1406 85 1476 bns
104 1410 244 1491 sublate,
266 1414 372 1478 Nerva
396 1409 431 1478 in
457 1409 606 1497 lmpenio
630 1408 793 1488 succedit,
817 1422 849 1477 et
868 1408 1107 1480 condemnatis
1131 1411 1166 1480 in
1192 1413 1284 1481 exsi-

29 1495 113 1576 lium,
139 1514 310 1588 tamquam
343 1497 515 1586 benignus
542 1510 573 1564 et
595 1496 771 1566 humanus
801 1497 905 1566 donat
932 1501 1192 1570 revocationem.
1219 1505 1283 1570 Nec

29 1586 122 1656 multo
162 1599 214 1657 ost
236 1602 387 1676 tempore
411 1585 578 1674 Trajanus
603 1599 737 1676 sceptra
756 1590 908 1655 Romana
925 1588 1081 1678 suscipit,
1110 1600 1143 1657 et
1166 1609 1284 1658 conse-

28 1675 123 1744 cutive
142 1609 335 1746 domenum
353 1674 535 1744 confirmat
556 1672 722 1755 edictum,
739 1695 900 1744 revocans
924 1697 994 1756 eos,
1022 1677 1083 1764 qui
1107 1677 1144 1745 in
1161 1677 1282 1747 exsilio

27 1779 119 1832 erant.
134 1769 307 1835 Venerunt
322 1785 404 1854 ergo
423 1763 505 1833 etin
528 1768 669 1832 Patmon
695 1765 916 1852 Imperatoris
932 1763 1056 1844 edicta,
1077 1766 1167 1835 venit
1190 1766 1280 1836 etad

28 1857 176 1923 loannem
200 1854 369 1924 revocatio
393 1852 421 1920 *.
452 1856 491 1921 Et
516 1851 574 1920 ille
596 1851 737 1937 quidem
763 1851 911 1922 decrevit
937 1854 1152 2011 navigarem
1175 1853 1283 1944 Ephe-

30 1962 108 2010 sum:
135 1963 235 2033 porro
258 1942 319 2030 qni
346 1940 517 2010 ininsula
544 1953 652 2022 erant,
685 1939 857 2022 dicebant,
885 1963 927 2010 ne
946 1963 982 2010 se
1032 1955 1189 2024 ssereret,
1223 1943 1281 2012 sed

29 2031 102 2117 apud
118 2032 212 2132 ipsos
237 2042 465 2121 permaneret,
485 2050 554 2098 non
578 2028 677 2098 aliter
700 2050 805 2116 quam
830 2031 890 2117 qni
915 2030 1001 2100 serre
1029 2052 1098 2100 non
1123 2045 1281 2122 possunt,

28 2133 163 2209 utapro
187 2133 282 2212 patre
305 2117 602 2204 derelinquantur.
630 2118 718 2187 Hinc
748 2131 862 2188 autem
890 2119 1056 2200 lamenta,
1085 2119 1212 2201 luctus,
1243 2142 1283 2189 ac

30 2203 192 2296 lacrymae.
210 2209 306 2292 Quis
333 2208 507 2294 inquiunt,
529 2207 628 2276 nobis
646 2219 743 2276 tuum
760 2206 909 2296 explebit
932 2207 1116 2276 ordinem?
1130 2208 1191 2277 Cui
1206 2227 1283 2278 vero

33 2293 79 2362 tali
99 2300 179 2386 patri
195 2321 234 2368 ac
251 2297 377 2387 pastori
393 2296 537 2382 subjecti
560 2317 635 2366 esse
658 2295 873 2385 poterimus?
890 2296 978 2378 Quid
1003 2295 1179 2376 desiderii,
1198 2297 1282 2384 quid

31 2380 168 2457 lammae
191 2408 231 2457 ex
256 2386 331 2476 ipso
349 2383 575 2475 procedentis,
603 2383 764 2454 solatium
789 2383 1004 2456 efficiemus?
1028 2391 1141 2468 Quum
1167 2398 1281 2456 autern

32 2477 215 2557 persuadere
240 2497 307 2545 non
334 2487 496 2564 possent,
533 2472 616 2543 dum
643 2471 880 2563 supplicarent
910 2486 948 2544 ut
977 2475 1089 2544 virum
1128 2473 1221 2563 apud
1247 2497 1282 2543 se

29 2563 205 2646 retinerent,
232 2563 404 2633 secundae
427 2561 492 2632 fuit
503 2561 770 2651 supplicationis
794 2562 945 2642 initium,
965 2576 998 2631 et
1022 2563 1281 2634 secundasrur·

28 2669 90 2718 sum
115 2653 244 2723 laciunt
268 2652 460 2742 petitiones,
488 2671 531 2720 ne
557 2661 661 2720 totum
689 2651 842 2739 scipsum
877 2651 1038 2732 auferret,
1071 2673 1182 2738 neque
1202 2653 1283 2720 uni-

28 2757 106 2809 versa
125 2742 280 2812 tristitiae
299 2740 387 2810 mole
407 2761 464 2810 eos
488 2738 686 2820 offenderat,
703 2738 761 2810 sed
781 2738 831 2808 vel
853 2760 915 2829 pro
929 2761 964 2808 re
988 2739 1163 2821 umbram,
1187 2761 1280 2820 snos,

28 2825 164 2914 inquam,
191 2851 366 2900 sermones
395 2851 457 2919 pro
475 2851 510 2898 se
534 2827 627 2918 apud
649 2828 742 2918 ipsos
762 2828 981 2916 relinqueret,
1001 2849 1041 2897 ac
1062 2828 1280 2910 mvsterium,

26 2915 102 3000 quod
126 2919 217 3010 apud
243 2940 307 2988 nos
330 2917 457 2987 lactum
483 2930 546 2997 est,
568 2917 750 2986 universae
778 2916 1050 3007 dispensationis
1075 2901 1200 2988 Christi
1225 2917 1284 2988 de-

27 3006 181 3078 scriberet.
209 3008 302 3078 Cedit
322 3007 428 3096 igitur
452 3005 590 3076 illorum
611 3005 780 3095 petitioni,
802 3005 908 3075 immo
923 3005 1014 3076 cedit
1032 3007 1146 3096 potius
1166 3018 1282 3096 pater-

27 3091 69 3160 nis
91 3096 287 3176 visceribus,
314 3095 443 3182 quibus
464 3094 519 3164 bic
543 3115 622 3184 erga
649 3095 743 3184 ipsos
766 3095 945 3177 utebatur,
977 3096 1179 3184 praesertim
1202 3118 1281 3165 cum

27 3201 158 3266 superna
181 3184 394 3276 providentia
419 3184 464 3252 ita
489 3181 716 3271 disposuisset
731 3183 917 3254 multorum
944 3183 1091 3254 salutem
1108 3207 1148 3254 ac
1173 3189 1282 3253 Evan-

27 3269 92 3355 gelii
110 3273 408 3362 praedicationem.
434 3277 474 3342 Et
498 3272 648 3362 primum
674 3270 814 3359 quidem
841 3271 914 3362 ipse
933 3272 1108 3362 jejunium
1127 3273 1195 3342 sibi
1219 3274 1283 3342 im·

27 3373 116 3440 perat,
137 3362 278 3453 jejunus
295 3362 369 3451 ipse
394 3383 432 3431 ac
452 3360 701 3450 propemodum
728 3381 871 3451 corpore
898 3363 1107 3442 exhaustus,
1135 3361 1284 3448 aliisque

30 3443 80 3514 boc
102 3450 212 3540 ipsum
234 3451 422 3532 constituit,
442 3473 481 3520 ac
502 3449 744 3519 abstinentiam
764 3471 783 3517 a
807 3449 921 3530 malis,
945 3460 977 3520 et
997 3449 1061 3518 bos
1076 3448 1218 3536 quidem
1246 3449 1282 3517 in

30 3533 75 3603 tali
90 3540 198 3624 quiete
214 3540 389 3630 relinquit.

62 3626 77 3710 l
97 3633 171 3700 Ιθ.
199 3633 372 3699 Caeterum
389 3649 500 3699 unum
516 3626 701 3715 quemdam
727 3648 745 3694 e
762 3638 890 3714 septem
913 3626 1060 3714 sesequi
1073 3625 1171 3714 jubet
1184 3625 1281 3715 (Pre-

31 3709 137 3785 chorus
158 3717 192 3753 *⁴¹
216 3717 392 3804 hiemat),
419 3731 457 3786 ut
482 3716 554 3807 ipse
577 3716 716 3802 quidem
742 3735 793 3795 ea,
820 3737 908 3802 quae
932 3739 951 3784 a
971 3720 1037 3784 Deo
1061 3727 1191 3786 essent:
1219 3715 1283 3784 iste

31 3813 136 3884 autem,
159 3828 245 3894 quae
261 3808 305 3876 ab
321 3808 408 3896 ipso,
429 3816 571 3875 notaret.
589 3809 693 3874 Porro
709 3803 782 3892 ipse
799 3805 926 3874 montis
941 3804 1101 3872 verticem
1118 3803 1279 3893 capessit,

31 3899 55 3953 et
74 3911 158 3962 more
187 3895 356 3966 Samuelis
383 3893 524 3980 quidem
556 3906 667 3964 rectus
695 3893 862 3984 erigitur:
888 3895 979 3962 sicut
1005 3897 1136 3981 Moyses
1166 3903 1280 3962 autem

34 3981 172 4050 inanibus
195 3983 333 4052 elevatis
356 3982 570 4072 effiguratur,
597 3996 630 4052 et
654 3994 801 4051 mentem
828 4004 849 4050 a
873 3983 1033 4058 sensibus
1058 3982 1279 4060 abstractam,

34 4071 116 4134 totam
143 4070 242 4141 refert
266 4074 300 4140 in
325 4071 372 4152 id,
399 4072 490 4159 quod
516 4082 662 4161 exoptat.
693 4070 781 4153 Quid
811 4092 892 4160 ergo
917 4069 998 4140 hinc
1027 4081 1181 4141 secutum
1207 4071 1284 4139 est‘l

36 4151 185 4228 Horrenda
211 4159 384 4241 tonitrua,
410 4173 441 4230 et
474 4173 644 4242 terrores,
671 4182 711 4229 ac
731 4158 870 4248 fulgura
901 4160 1064 4230 continue
1091 4158 1282 4230 vehementi

37 4235 145 4332 lragore
168 4247 263 4330 elisa,
291 4263 323 4320 et
346 4261 483 4340 repente
502 4249 721 4338 effulgentia:
739 4270 887 4335 quorum
905 4250 933 4318 si
955 4249 1033 4339 quis
1059 4248 1227 4340 imagines
1244 4269 1283 4318 ac

61 4401 69 4422 ²
80 4404 106 4442 ab
114 4407 189 4450 exsllto
199 4411 325 4454 revocatus
335 4411 379 4450 ιιιιι
389 4411 411 4451 Β.
423 4413 524 4452 ioannes
535 4413 620 4460 Evsug.
632 4411 695 4450 circa
705 4419 792 4449 annum
803 4411 854 4450 Chr.
865 4413 897 4450 ιιι.

62 4453 80 4478 '‘
92 4459 179 4505 iniunt
187 4465 302 4514 qondam
312 4465 333 4504 Β.
343 4465 489 4506 sosimenes.
503 4469 565 4512 Acta,
575 4475 636 4514 quae
645 4463 756 4504 Procbori
767 4466 859 4504 neruiue
869 4461 1037 4506 inscribuntur.
