2920 4810
6 293 70 358 llll.
93 295 129 358 io
362 315 624 364 unnrvnococrun
658 319 872 366 runusruarun
1118 299 1221 368 4003*ι

6 397 60 452 vino
88 395 176 455 duem
213 395 359 474 implevit.
394 430 434 442 —
470 396 603 460 Consule
631 400 698 461 dem
711 401 803 462 simul
816 401 1024 463 militauscum
1037 402 1265 466 clarissimorllo

6 473 240 550 sauctidogustini
259 476 369 546 Vitam,
381 493 457 555 quae
473 480 503 538 iu
519 477 600 540 Surii
631 479 785 552 Hemerio,
809 482 876 542 viro
890 481 1016 543 ducendi
1043 483 1196 544 exercitus
1212 499 1265 562 pe·

6 549 52 612 l'ol.
72 570 88 614 v
108 552 244 616 babetur.
631 561 790 634 vilissimo,
812 561 862 637 qui
880 564 1040 623 universae
1061 561 1145 624 classi
1172 565 1265 640 impe-

632 640 727 712 rabat,
742 650 785 713 et,
797 647 831 702 ut
846 641 949 703 verius
964 641 1072 716 dicam,
1089 643 1261 718 ipsisetiam

125 711 154 774 S.
171 712 243 775 LEO
259 713 442 777 Couvmsou.
630 721 725 781 animi
749 720 1043 796 perturbationibus:
1068 737 1106 782 ne
1131 737 1215 796 vero,
1239 723 1264 783 si

149 821 275 884 Saeculo
296 824 421 885 mem,
631 799 667 860 de
682 814 729 872 eo,
751 801 829 876 quod
852 805 896 860 est
911 799 1051 862 laudibus
1071 800 1212 878 dignum,
1228 801 1265 863 de

139 887 142 892 ·
632 880 837 957 imperatoria,
862 881 997 956 inquam,
1020 881 1085 959 ejus
1100 883 1212 942 virtute
1228 881 1265 943 le·

25 950 185 1016 linarvnoc.
203 991 241 1002 -
257 955 290 1018 lu
312 957 421 1038 oppido
437 957 602 1020 llilladuno
632 962 709 1019 riter
736 966 765 1020 et
796 973 849 1035 per
879 959 1040 1020 transitum
1061 959 1178 1034 dixero,
1200 961 1266 1037 ejus

6 1034 67 1092 ancti
82 1032 164 1095 Lucu
180 1031 373 1099 Conlessoris.
632 1053 754 1113 parvam
768 1037 883 1100 iaciens
904 1045 1108 1114 mentionem,
1130 1054 1199 1100 eum
1224 1040 1265 1102 al·

25 1110 104 1174 Dece
125 1121 223 1177 vetera
248 1118 464 1196 manuscripta,
481 1118 603 1178 sicutet
632 1119 729 1180 liciam
751 1118 906 1190 dedecore,
929 1119 1029 1198 utqui
1046 1125 1157 1180 taceam
1183 1135 1267 1196 prae-

6 1205 18 1248 n
40 1201 90 1252 ret.
114 1193 266 1272 Martyrol.
291 1195 399 1270 llam,
421 1197 524 1268 addit,
547 1212 603 1257 uec
630 1198 708 1260 clara
722 1197 787 1272 ejus
807 1197 961 1272 lacinora,
984 1213 1061 1276 quae
1083 1215 1143 1258 uon
1169 1206 1264 1276 potest

6 1269 133 1348 ruitquau
156 1273 251 1348 aliud,
270 1277 299 1336 in
315 1277 377 1337 suis
393 1275 602 1338 Aduototioui·
631 1279 772 1355 consequi
794 1278 901 1349 oratio,
929 1278 1037 1338 accedo
1061 1278 1096 1338 ad
1127 1292 1266 1354 praesens

6 1366 46 1422 vn,
67 1352 215 1417 baronius,
631 1361 853 1432 argumentum
886 1355 965 1417 illius
997 1358 1188 1419 mentionem
1216 1373 1266 1436 op·

633 1443 760 1514 portuno
773 1436 918 1497 tacturus.
942 1435 1084 1498 Mittebas
1105 1453 1179 1514 ergo
1192 1454 1263 1500 cum

125 1512 173 1575 SS.
206 1513 442 1576 curvabunt
632 1515 684 1579 illo
705 1513 900 1589 militaturus,
922 1521 952 1574 et
972 1515 1166 1578 deducendus
1186 1517 1221 1578 ad
1236 1535 1267 1579 a·

67 1615 98 1658 cv
113 1601 312 1665 TRYPHOSA
342 1603 508 1664 Mucianus.
632 1597 752 1735 ctione?l
766 1595 845 1736 arti?¹
860 1596 1072 1736 imperatoriade
1095 1611 1155 1656 uon
1179 1613 1265 1736 {ecus

194 1742 231 1752 -
334 1709 356 1724 ··
457 1709 463 1719 ·
632 1691 666 1737 ac
711 1691 823 1736 unsa
868 1683 1046 1748 matrcrn,a
1093 1677 1265 1754 praecaris-

33 1703 177 1770 samm
247 1711 357 1772 Fama
378 1709 554 1771 1⁶⁰m⁸⁶⁵'
632 1693 709 1816 simia)
736 1755 800 1832 ejns
821 1761 1032 1832 stratagemate
1055 1754 1207 1816 exiliens:
1241 1757 1266 1815 is

25 1825 182 1896 linnrvnor..
205 1869 243 1880 --
271 1834 363 1897 loonii
392 1835 423 1895 iu
457 1833 604 1912 Lycaonia
631 1837 715 1896 enim
739 1842 965 1913 eratsoopnset
986 1835 1263 1912 propositnmbeoti

6 1915 139 1973 auctarum
160 1913 321 1976 Mulierum
347 1914 564 1976 Trvrunnuue
574 1920 605 1974 et
633 1917 691 1976 mei
715 1913 922 1993 imperatoris;
945 1916 1054 1992 partim
1068 1921 1170 1988 antem
1186 1913 1266 1990 lega·

6 1983 153 2072 Jvrvuosau,
168 1993 432 2070 quaebeatiPauli
454 1994 603 2070 praedica·
634 1997 714 2056 tione
739 1995 898 2056 iuncturus
918 1993 953 2056 ad
972 1993 1092 2065 Arabes,
1114 1993 1166 2071 qui
1195 1999 1266 2055 tuuc

6 2071 372 2151 rouectexemplo'lbeclae,
389 2074 420 2134 in
433 2071 604 2134 Christiana
633 2074 775 2136 tenebant
790 2071 920 2135 Cretam.
934 2071 1010 2135 Cum
1023 2089 1095 2154 vero
1106 2072 1266 2134 luissemus

6 2144 123 2222 lrsoipliua
137 2153 308 2230 plurimum
330 2151 536 2228 proiecerunt.
633 2157 663 2216 in
680 2153 710 2214 lii
733 2153 843 2226 insula,
858 2161 888 2215 et
902 2169 939 2215 ue
955 2152 1082 2214 ulterius
1105 2151 1266 2230 progrede-

29 2222 122 2290 ilarum
148 2233 293 2294 meminit
314 2230 424 2293 Paulus
450 2233 485 2294 ad
515 2233 600 2294 Rom.
633 2249 749 2308 remur,
771 2233 1039 2296 ventusadversus
1055 2231 1264 2310 prohibuisset,

6 2315 53 2376 ³³l·
75 2321 127 2384 tu,
141 2311 189 2385 m,
214 2313 298 2374 bisce
321 2309 441 2372 verbis:
466 2311 604 2374 Solotnto
633 2314 845 2392 navigavimus
859 2313 893 2374 ad
911 2313 1030 2386 Parum,
1053 2315 1084 2372 in
1103 2313 1263 2372 transitum

6 2377 184 2466 lustenam
205 2397 233 2452 et
253 2390 450 2468 Trpplrosom,
473 2391 601 2470 quaele·
633 2394 728 2452 visuvi
745 2393 837 2453 sitnm
855 2391 971 2454 insulae
985 2399 1016 2453 et
1029 2391 1263 2474 contemplaturi

6 2471 84 2556 {oront
96 2468 125 2529 in
139 2470 279 2532 Domino.
302 2469 345 2530 De
367 2469 439 2548 ipsis
453 2471 557 2546 agitur
571 2471 601 2532 in
630 2472 711 2549 rpuod
735 2471 796 2533 illic
811 2479 853 2532 ast
874 2471 1025 2551 templum
1046 2471 1193 2532 Dominae
1209 2485 1264 2532 uo-

6 2557 20 2620 ,³-
35 2541 138 2609 lbeclae
152 2549 244 2620 Actis,
257 2565 334 2627 quae
347 2549 458 2611 videsis
473 2551 504 2610 in
517 2549 606 2611 Sorii
631 2559 710 2613 strae
724 2551 776 2613 Ilei
799 2553 944 2629 parentis.
965 2549 1039 2612 Corn
1057 2559 1160 2612 antem
1176 2549 1264 2611 delati

6 2615 48 2679 lul.
62 2641 99 2700 rr,
114 2641 177 2706 pag.
192 2628 264 2690 594.
631 2645 763 2693 essemus
784 2631 814 2692 in
846 2640 984 2710 portum,
1013 2631 1066 2708 qui
1091 2635 1203 2706 spectat
1230 2629 1265 2692 ad

632 2711 749 2772 Naxum
777 2711 815 2786 (is
836 2727 910 2773 vero
931 2710 1045 2772 sensim
1069 2717 1100 2770 et
1122 2709 1264 2786 paulatim

75 2781 372 2852 erubuerimus
395 2787 497 2850 Vmco.
633 2791 665 2851 dt
696 2789 886 2869 protundus,
908 2798 1036 2870 apteque
1058 2797 1088 2850 et
1108 2792 1267 2866 eleganter

110 2895 233 2957 Saeculo
252 2897 288 2958 X·
300 2929 337 2939 „
354 2893 461 2958 mma
632 2870 769 2932 secedite
787 2869 897 2934 lluctu:
914 2871 1040 2948 perinde
1054 2885 1088 2931 ac
1103 2871 1126 2930 si
1144 2875 1220 2930 esset
1230 2869 1264 2958 ad

464 2943 471 2958 '
635 2949 906 3022 lvocconstvuotns,
932 2957 962 3011 et
987 2951 1101 3011 montis
1127 2964 1267 3010 concavi-

25 3019 184 3096 limrvnoc.
201 3065 241 3078 —
258 3029 290 3092 ln
315 3031 389 3093 Paro
411 3031 507 3093 insula
536 3046 603 3091 san·
635 3036 693 3090 tate
716 3029 859 3103 inclusus,
883 3037 916 3091 ut
933 3028 1018 3092 lacile
1039 3028 1220 3108 hyemaveut
1238 3037 1267 3090 et

6 3103 244 3192 catalaunenses
267 3111 414 3189 Virginis.
632 3111 813 3170 destinarent
836 3111 981 3186 navigia),
998 3108 1220 3180 descendimus,
1235 3120 1266 3169 et

26 3177 138 3250 Historia
165 3190 196 3253 S.
224 3191 432 3261 Tireoctistis,
467 3187 604 3266 Virginis
633 3203 701 3249 cum
724 3203 829 3266 parum
852 3191 1109 3266 processissemus,
1134 3189 1168 3249 ad
1194 3195 1265 3248 tem·

6 3259 109 3342 trebiae,
130 3271 159 3331 in
176 3271 252 3333 Paro
269 3270 366 3333 insula
382 3271 476 3332 vitam
493 3269 603 3348 degen·
635 3268 715 3346 plum
733 3269 884 3331 venimus.
909 3267 985 3330 Cum
1000 3275 1102 3329 autem
1125 3265 1262 3328 suillisse·

8 3351 34 3424 ¹3⁸2
47 3341 169 3422 elegans,
183 3357 213 3412 et
228 3351 314 3412 omni
329 3349 486 3427 ddedigna
504 3349 603 3424 (llere
635 3363 719 3419 mos,
741 3355 771 3409 et
799 3351 835 3410 de
857 3349 941 3410 inore
964 3349 1075 3426 precati
1105 3361 1265 3420 essemus,

6 3427 52 3478 tros
73 3423 100 3484 iu
126 3427 240 3490 Anum.
266 3431 418 3506 testatur),
436 3445 451 3490 a
474 3429 602 3506 quodam
632 3427 816 3489 admirantes
831 3429 859 3490 id
876 3429 1089 3490 circuibamus.
1107 3425 1177 3486 Erat
1192 3441 1266 3488 vern

6 3507 88 3570 *litto
108 3509 202 3582 graeci
224 3507 416 3588 imperatoris
438 3507 546 3569 Leonis
567 3507 606 3569 vt
634 3507 661 3567 id
677 3513 810 3584 spectatu
838 3507 1064 3586 dignissimum,
1088 3513 1118 3568 et
1142 3519 1266 3567 servans

6 3571 121 3658 lescripta
135 3586 203 3650 tuit.
221 3588 283 3665 lpsa
306 3598 336 3650 et
356 3589 388 3649 in
408 3587 500 3650 Surio
521 3594 551 3649 et
573 3587 603 3648 in
633 3587 731 3647 adlruc
741 3587 883 3665 reliquias
896 3589 1006 3650 veteris
1015 3587 1263 3664 pulcritudinis...

6 3647 98 3738 loronii
113 3664 284 3732 Annalibus
298 3667 439 3730 babetur.
454 3665 524 3738 Nos,
540 3667 604 3747 plu·
633 3663 706 3727 Cum
729 3682 783 3730 nos
796 3683 869 3744 ergo
882 3667 1080 3742 adstaremus,
1096 3675 1127 3728 et
1140 3664 1268 3729 admira·

6 3731 200 3821 'rbusomissis
216 3763 294 3826 qnae
309 3748 344 3810 ad
360 3753 493 3808 sanctam
510 3747 604 3824 virgi·
633 3759 747 3822 remur,
770 3753 800 3810 et
822 3748 852 3808 iu
878 3763 962 3821 eum,
988 3749 1039 3826 qui
1066 3746 1264 3822 confregerat,

6 3824 54 3894 itu
82 3819 308 3906 haudquaquam
340 3829 515 3904 pertinent,
555 3825 605 3888 bic
633 3825 882 3897 exclamaremos,
902 3827 1184 3904 videmusrepente
1204 3839 1265 3884 mc·

10 3889 109 3961 ibenter
122 3919 186 3966 eam
203 3905 445 3968 transcribimus.
634 3905 765 3967 nantium
775 3905 1151 3985 proiectumesolitndiue‚
1161 3907 1191 3964 et
1202 3917 1267 3978 pro·

6 3974 118 4060 ¹flium
140 3999 235 4047 essem
267 3985 430 4066 aliquando
453 3987 482 4046 iu
506 3984 603 4048 Paro:
635 3983 851 4061 gredienterne
868 3999 994 4047 ueniere
1008 3985 1043 4045 ad
1065 3998 1119 4042 nos
1141 3983 1267 4042 venien·
1356 4039 1357 4042 ,

6 4065 32 4108 ur
50 4066 153 4122 autem:
176 4066 354 4144 navigabam
375 4065 460 4127 euim
482 4064 514 4126 iu
532 4065 603 4127 Cre·
637 4062 798 4138 tem,vultu
813 4063 970 4142 pallidum,
986 4064 1074 4140 genis
1088 4059 1267 4136 macilentis,

6 4143 56 4218 om,
70 4137 604 4228 ecbeatoetpiolmperatore'missus,
635 4143 724 4204 undis
756 4145 902 4221 pedibus,
926 4150 1024 4206 totum
1060 4139 1266 4218 squallidum,

6 4221 39 4278 lli
59 4213 108 4276 lnrt
128 4236 230 4285 revera
251 4225 344 4299 lelir,
373 4231 403 4286 et
431 4224 603 4286 felicitatem
636 4224 737 4284 tunica
757 4238 774 4283 e
802 4224 870 4300 pilis
891 4230 1043 4294 contexta,
1067 4221 1267 4298 superhume-

6 4281 177 4360 lomanorum
198 4305 288 4366 simul
317 4321 386 4366 oum
402 4320 456 4366 suo
470 4303 606 4381 sepulcro
635 4302 687 4362 vali
710 4309 741 4363 et
762 4305 866 4380 capitis
888 4309 1067 4380 tegumento
1090 4300 1213 4362 tunicae
1227 4302 1268 4360 si·

6 4369 106 4442 apoliti,
126 4376 262 4445 Mittebar
282 4393 397 4459 autem,
417 4385 526 4460 partim
541 4384 607 4460 qni·
636 4381 768 4454 milibus,
790 4399 864 4444 zerra
887 4382 1009 4460 pellicea
1030 4381 1167 4442 cinctum
1189 4381 1267 4441 circi

68 4496 217 4580 ttorrprot.
239 4507 352 4570 illustr.
1134 4502 1189 4564 67*
