2954 4816
245 305 311 372 tto
626 321 665 368 na
689 322 718 368 s.
745 321 886 370 suornm
909 321 1054 370 arnaria
1141 309 1145 316 ’
1312 303 1382 370 ott.
1398 303 1429 366 25

201 421 298 478 erant
321 407 441 478 aetatis
466 405 566 496 longe
598 407 830 495 provectioris.
862 410 945 476 Cum
977 419 1091 476 autem
1117 405 1219 476 latere
1240 427 1301 475 non
1325 419 1428 495 posset,

201 499 318 568 omnia
343 495 547 587 pervadente
571 492 682 576 lama,
717 495 806 564 banc
829 515 917 582 quae
947 507 1019 564 erat
1052 495 1174 566 virtute
1203 494 1429 570 clarissimatu

201 584 498 656 administratione
518 582 729 673 reipublicae
747 583 965 653 clarissimus
990 583 1173 740 despondit
1188 582 1366 673 Aquilinus,
1385 582 1430 668 qui

202 688 285 745 tunc
301 687 372 744 erat
384 671 522 752 Consul,
540 684 574 742 et
589 671 718 759 alioqui
736 673 870 742 tenebat
883 671 1035 762 primum
1067 693 1167 742 ocum
1183 671 1276 761 apud
1296 676 1429 740 Romanoa

161 815 164 822 .
202 764 345 834 nobiles.
376 767 558 847 Postquam
587 781 664 829 vero
695 773 900 852 rogaverunt
930 773 1110 850 parentes,
1138 759 1295 848 nunquid
1316 761 1343 829 ei
1362 757 1428 828 cordi

200 863 289 922 esset
311 851 513 939 conjugium
537 861 570 918 et
593 861 712 938 gratus
728 871 886 940 sponsus,
906 848 961 918 hlc
987 850 1133 918 maxime
1149 850 1299 940 Eugenia
1320 847 1429 917 ostendit

201 941 228 1010 si
259 961 340 1008 num
355 937 511 1028 generosi
524 937 644 1006 animi.
657 937 800 1019 Quidvis
815 937 907 1006 enim
926 937 1038 1027 potius
1052 938 1122 1028 pati
1151 937 1333 1017 sustinens,
1357 955 1427 1024 quun

201 963 268 1098 siit
290 1049 405 1097 caram
423 1024 592 1117 expellere
608 1026 851 1116 virginitatem,
867 1040 900 1095 et
923 1026 1079 1096 amittere
1095 1027 1297 1106 castitatem,
1312 1035 1429 1115 parentes

200 1129 271 1187 arte
294 1115 439 1204 decipit:
470 1128 503 1184 et
537 1114 599 1183 viri
623 1115 763 1202 quidem
794 1136 905 1204 genus
941 1114 1115 1197 laudavit,
1145 1137 1257 1184 mores
1279 1125 1429 1183 autemn-

202 1203 405 1296 prehendit:
427 1214 460 1273 et
475 1214 617 1293 oportet,
645 1204 768 1290 inquit,
784 1215 822 1272 ut
847 1203 1037 1292 plurimum
1060 1202 1138 1273 illos
1161 1225 1307 1294 sponsos
1326 1202 1428 1290 eligere.

199 1295 259 1381 qui
284 1294 401 1384 generi
421 1305 662 1362 ornamentum
680 1291 839 1372 allerunt,
856 1312 923 1361 non
944 1293 1004 1380 qui
1017 1292 1137 1362 volunt
1160 1292 1309 1362 ornaria
1330 1308 1428 1380 genere

201 1387 283 1454 Cum
317 1394 431 1450 autem
459 1379 557 1450 multi
581 1382 682 1450 etiam
715 1380 775 1450 alii
809 1401 885 1450 eam
911 1393 1063 1470 peterent
1085 1403 1105 1450 a
1130 1381 1349 1470 parentibus,
1375 1375 1431 1446 cleri

200 1471 326 1561 opibus
342 1481 375 1539 et
391 1491 526 1561 genere,
548 1489 591 1538 ne
614 1468 665 1538 illi
691 1468 831 1556 quidem
859 1469 999 1538 omnino
1024 1469 1058 1538 in
1089 1469 1257 1540 omnibus
1280 1467 1375 1537 deluit
1390 1467 1430 1532 lo·

200 1572 295 1630 nesta
326 1558 511 1629 excusatio.
539 1557 601 1628 Sed
628 1559 741 1648 specie
764 1557 904 1645 quidem
938 1557 1123 1648 repellebat
1155 1579 1256 1638 eum,
1286 1557 1342 1645 qui
1368 1573 1430 1622 nunc

201 1647 332 1718 volebat
358 1647 484 1718 ducere
504 1667 665 1716 uxorem:
700 1667 816 1716 revera
834 1666 911 1715 vero
926 1648 1069 1716 omnino
1090 1646 1273 1716 recusabat
1295 1643 1431 1714 matrimo-

201 1737 309 1816 nium,
335 1749 368 1806 et
393 1735 561 1818 hocerat,
590 1735 692 1825 cujus
713 1733 825 1804 solum
851 1733 966 1804 studio
991 1736 1180 1816 tenebatur,
1211 1755 1331 1825 nempe
1351 1743 1382 1800 ut
1398 1750 1431 1797 es·

200 1839 249 1895 set
267 1838 372 1894 casta.
400 1826 454 1894 Sic
479 1845 548 1904 vas,
580 1822 769 1911 quoderat
804 1823 998 1913 speciosum
1032 1837 1066 1894 et
1090 1823 1285 1904 muudum,
1312 1831 1430 1912 paratur

199 1926 272 1984 erat
287 1912 417 1982 scilicet
432 1912 473 1982 ad
488 1911 644 1981 divinum
659 1923 876 2004 unguentum
892 1912 1166 2002 suscipiendum.
1184 1917 1358 2002 Propterea
1371 1909 1428 1977 bona

200 2023 315 2093 opera,
335 2001 424 2071 bona
443 2022 580 2088 quoque
605 1999 690 2070 sides
711 2021 787 2070 mox
803 2012 854 2069 est
870 2013 999 2082 secuta,
1019 2014 1051 2071 et
1078 2022 1166 2090 pura
1189 2000 1322 2072 accedit
1341 1997 1377 2068 ad
1391 2017 1430 2086 pu·

200 2113 277 2162 rum
299 2090 424 2159 sontem
442 2090 588 2180 pietatis.
615 2090 676 2159 Rei
700 2103 813 2158 autem
833 2088 917 2158 haec
933 2087 999 2159 luit
1014 2089 1162 2160 occasio.

243 2181 326 2266 58.
354 2179 450 2247 Venit
473 2179 504 2246 ei
530 2179 563 2246 in
597 2199 721 2247 manus
752 2177 847 2246 Pauli
871 2177 979 2246 divini
1007 2180 1184 2268 praeconis
1214 2179 1349 2248 divinus
1376 2173 1431 2243 tite

195 2267 434 2359 epistolarum,
460 2279 587 2336 etcum
605 2266 648 2336 ad
673 2289 710 2336 ea
728 2287 817 2353 quae
833 2265 1048 2348 dicebantur,
1073 2266 1298 2358 intelligenda
1321 2275 1429 2336 mentm
1468 2297 1469 2304 κ

198 2377 296 2426 suam
322 2354 505 2435 defixisset,
531 2368 563 2424 et
587 2355 802 2446 cognovisset
818 2375 895 2424 vere
917 2377 1029 2425 unum
1053 2376 1127 2426 osse
1156 2361 1277 2438 Deum,
1304 2355 1358 2443 qui
1381 2351 1431 2419 lent
1468 2367 1469 2371 ¹

198 2445 263 2516 hoc
288 2445 499 2524 universum,
519 2456 631 2513 mente
658 2443 799 2531 quidem
820 2443 935 2513 statim
963 2443 1192 2524 illuminatur,
1223 2457 1261 2514 ut
1283 2463 1363 2533 quae
1381 2455 1429 2508 ent

129 2582 132 2590 ·
199 2533 261 2604 diu
286 2547 363 2602 ante
387 2532 527 2604 haberet
550 2545 745 2622 purgatam,
772 2542 805 2601 et
828 2544 946 2620 parata
962 2545 1052 2604 esset
1066 2532 1107 2602 ad
1127 2533 1288 2604 divinum
1309 2531 1429 2624 spirituo

198 2621 472 2711 suscipiendum.
500 2625 584 2690 Cum
608 2634 722 2691 autem
748 2621 783 2689 in
810 2621 1001 2710 praesentia
1024 2631 1137 2691 mente
1152 2621 1288 2692 Christo
1302 2613 1431 2690 credidis·

199 2723 260 2791 set,
284 2711 318 2778 in
344 2723 462 2800 aperto
485 2721 665 2799 parentum
701 2730 843 2780 suorum
867 2709 955 2780 celat
981 2708 1145 2780 furorem.
1175 2716 1354 2798 Postquam
1379 2721 1431 2770 vett

199 2799 289 2868 venit
313 2797 489 2869 decretum
510 2799 742 2888 Imperatoris,
769 2810 863 2867 extra
892 2819 1010 2868 muros
1035 2797 1210 2888 expellens
1238 2798 1430 2884 Christianos,

197 2899 231 2957 et
248 2884 442 2957 Praefectus
464 2885 526 2957 boo
538 2887 611 2976 jam
631 2886 907 2978 aggrediebatur,
934 2887 1009 2976 ipsa
1033 2886 1236 2958 desiderans
1261 2905 1370 2958 secure
1387 2881 1431 2948 iun
1467 2911 1468 2916 =

198 2975 400 3045 Christianis
419 2987 587 3046 eteorum
613 2975 780 3054 doctrina,
810 2974 908 3066 lingit
935 2976 1088 3062 quidem,
1108 2997 1143 3044 se
1163 2990 1202 3046 ut
1229 2999 1307 3046 rure
1327 2981 1430 3042 recreet
1467 3011 1468 3022 ,

197 3075 229 3132 et
253 3063 340 3134 bona
361 3063 496 3134 fruatur
518 3064 608 3134 aeris
632 3065 808 3154 temperie,
833 3063 994 3134 excedere
1016 3085 1035 3133 e
1059 3066 1206 3148 civitate,
1237 3077 1321 3136 etut
1344 3071 1431 3152 parum
1467 3089 1468 3114 t

200 3152 324 3222 relaxet
340 3153 496 3221 animum
522 3175 542 3222 a
565 3151 690 3222 studiis
705 3151 891 3222 doctrinae.
918 3157 1100 3240 Postquam
1117 3166 1232 3223 autem
1252 3152 1334 3222 nibil
1350 3163 1432 3230 sustit-
1464 3217 1465 3220 ,

197 3241 263 3311 cati
290 3253 468 3332 parentes,
494 3263 569 3311 eam
595 3239 694 3311 facile
723 3241 951 3324 dimiserunt,
981 3241 1156 3342 egreditur
1185 3243 1221 3312 in
1253 3243 1348 3312 vicos.
1372 3240 1429 3304 tun
1459 3225 1465 3291 ¹

200 3330 344 3400 venisset
364 3342 480 3400 autem
498 3330 533 3400 in
550 3329 723 3417 quoddam
742 3329 936 3420 praedium,
959 3344 991 3399 et
1005 3352 1039 3398 vn
1061 3353 1100 3398 eo
1125 3331 1303 3401 incidisset
1319 3331 1348 3396 in
1365 3318 1429 3394 mul·
1460 3332 1465 3381 t

198 3431 249 3490 tos
273 3419 460 3489 monachos
485 3417 583 3489 valde
608 3418 778 3498 honestos,
805 3431 839 3488 et
866 3439 1049 3488 numerose
1072 3434 1252 3499 canentes,
1288 3415 1374 3488 audit
1395 3427 1431 3476 sa·
1461 3418 1467 3480 t

197 3521 411 3578 crosanctam
437 3506 531 3577 illam
552 3528 679 3577 vocem:
702 3510 828 3576 Omnes
844 3505 893 3575 dii
952 3507 1061 3577 ntium
1079 3507 1283 3577 daemonia:
1303 3501 1430 3576 {lominus
1466 3533 1467 3538 ,

197 3609 311 3668 autem
337 3595 449 3666 coelos
472 3595 561 3666 lecit.
582 3599 652 3665 lloc
676 3617 757 3666 cum
781 3594 840 3664 illa
867 3618 884 3665 a
939 3597 1043 3676 iisset,
1071 3608 1104 3666 et
1135 3608 1309 3684 tamquam
1334 3591 1372 3660 ob
1392 3603 1431 3674 pt·

198 3685 301 3754 trium
319 3706 468 3755 errorem
496 3683 626 3774 pudore
651 3684 789 3774 perlusa
806 3697 905 3766 esset,
934 3683 1163 3755 miserabilem
1186 3685 1322 3773 quidem
1336 3693 1363 3749 et
1377 3691 1430 3766 pto

197 3773 344 3842 fundum
362 3795 381 3842 e
397 3772 499 3842 corde
515 3773 638 3844 emittit
660 3773 841 3863 gemitum.

241 3865 259 3950 β
284 3867 325 3935 tl.
353 3867 520 3932 Conversa
545 3883 622 3932 vero
646 3863 687 3930 ad
721 3861 906 3932 Eunuchos
922 3861 982 3951 qui
1007 3883 1082 3932 eam
1112 3862 1347 3948 sequebantur,
1369 3867 1429 3937 quc

198 3971 274 4022 rum
302 3972 396 4020 unus
424 3951 563 4037 quidem
590 3951 776 4020 vocabatur
799 3955 943 4032 Protus,
970 3951 1056 4020 alter
1088 3965 1200 4020 autem
1227 3941 1427 4039 Hyacinthus:

197 4040 398 4109 audiverant
421 4061 499 4109 vero
519 4040 542 4108 ii
558 4061 694 4128 quoque
711 4038 987 4129 philosophiam:
1008 4063 1026 4106 «
1047 4043 1111 4110 tos
1134 4039 1271 4126 quidem
1297 4035 1369 4110 scio,
1383 4043 1428 4126 .¹¹¹'

196 4131 282 4215 quit,
303 4129 336 4197 in
351 4127 547 4217 disciplinis
561 4130 643 4198 satis
659 4148 734 4197 esse
748 4141 908 4208 versatos,
924 4140 957 4197 et
972 4127 1256 4218 pbilosophorum
1272 4127 1427 4214 perceptos,e
1465 4153 1466 4206 1

197 4217 369 4306 dogmata,
388 4237 476 4304 quae
497 4219 650 4286 Socrates
666 4229 698 4284 et
721 4215 913 4287 Aristoteles
929 4229 961 4285 et
978 4215 1082 4297 Plato,
1101 4229 1133 4284 et
1148 4215 1241 4286 clara
1260 4210 1351 4284 tradit
1365 4209 1426 4272 Stoi·
1465 4209 1466 4252 l

197 4327 315 4374 corum
345 4319 448 4386 secta,
474 4316 506 4373 et
538 4305 656 4392 opinio
681 4305 953 4393 Epicureorum:
987 4304 1146 4374 similiter
1174 4318 1283 4374 autem
1309 4297 1424 4367 aliottttt¹

198 4412 334 4478 quoque
360 4393 597 4482 Sophistarum
629 4406 662 4463 et
685 4395 884 4476 Poetarum,
921 4405 954 4464 et
980 4393 1192 4482 quicumque
1215 4390 1384 4484 gloriantur
1401 4391 1426 4440 st
