2954 4816
42 317 113 382 DEC.
139 317 179 382 25
355 333 392 380 or
414 332 602 380 airrvrmru
625 332 817 380 sauvmcurs
840 331 953 380 nosrar
1181 315 1246 380 l03

39 419 172 506 benique
187 431 219 488 et
242 417 385 508 probare
410 418 501 486 licet:
528 421 650 486 lnoooa
665 440 728 498 mo,
758 417 880 506 inquit,
907 419 942 486 in
967 417 1021 486 dic
1038 417 1288 487 tribulationis:

40 530 140 576 uttam
162 518 203 589 te,
231 518 262 576 et
282 507 512 664 bonor'ipoubis
536 527 587 575 nte
612 511 678 589 (Ps.
703 505 772 595 le).
800 509 870 575 Hoc
895 518 947 574 est
978 526 1115 584 nomeu,
1148 505 1212 575 hcc
1240 519 1291 576 cst

38 595 147 676 oleum,
173 596 254 665 haec
278 594 377 666 oleie
405 596 492 666 usic.
519 599 623 665 lmen
645 595 723 664 dico
747 595 855 676 vobis,
874 614 940 663 non
967 591 1102 663 deficiet
1118 594 1173 663 bic
1199 599 1290 684 lecy-

38 684 105 754 thus
118 684 192 766 olei,
215 704 275 754 uec
302 685 488 766 minuetur,
505 683 613 754 donec
632 683 786 786 pluviam
806 683 1047 761 voluntariam,
1067 705 1156 770 quae
1176 705 1289 840 seqre·

37 787 101 864 gata
122 785 171 843 est
187 771 386 842 haereditati
411 773 496 862 ejus,
522 771 685 843 diffusius
709 770 872 853 instillet,
898 771 1007 841 donec
1028 770 1130 840 saciat
1153 793 1212 840 cce
1230 793 1288 841 um

37 884 158 944 novum,
178 876 210 933 ct
226 875 351 932 terram
378 883 524 931 ncvam:
547 862 628 949 quia
654 861 890 931 misericordia
915 861 993 950 ejus
1017 861 1061 929 ab
1082 873 1231 941 aeterno,
1257 873 1290 930 et

36 953 179 1037 usquein
205 963 382 1022 aeternum
401 971 505 1040 super
523 950 679 1019 timentes
694 972 786 1020 eum.

73 1044 183 1120 51⁰.
211 1039 274 1110 Sed
295 1040 368 1130 jam
386 1060 585 1130 surgamus,
603 1051 636 1107 et
661 1059 905 1128 praeparemus
922 1059 984 1108 nos
1007 1036 1049 1106 ad
1071 1037 1290 1107 solemnioris

37 1129 139 1198 Missae
157 1128 424 1218 jubilationem,
451 1149 513 1197 nec
539 1127 702 1198 cordibus
729 1139 925 1218 parcentes,
963 1147 1025 1195 nec
1054 1126 1215 1208 vocibus,
1244 1125 1287 1196 ad

38 1209 178 1374 bonripem
207 1218 316 1306 pueri,
334 1219 395 1304 qui
427 1229 528 1286 natus
552 1229 603 1288 est
622 1217 732 1298 nobie,
759 1217 819 1304 qui
839 1227 889 1284 est
918 1219 1006 1285 Deus
1026 1214 1229 1286 benedictus
1252 1216 1287 1283 in

39 1325 145 1388 serua,
171 1312 289 1376 lmen.

171 1610 209 1688 s.
244 1607 520 1688 aruinusu
552 1605 796 1686 secutur.
829 1577 1126 1684 Auuxuuuu.

484 1765 784 1894 'summo

56 2028 96 2126 ιιι
128 2027 534 2132 uusuarrrrouuu
569 2028 636 2127 ss.
674 2025 871 2127 ιιιιιιιιι
906 2025 966 2126 ιιι
1002 1995 1266 2124 ιιιιιιιιιι

190 2270 338 2318 ulturus
362 2271 394 2318 ll!
418 2269 481 2318 stu.
500 2269 736 2329 uutaufluasrtt,
757 2269 795 2318 st
812 2267 857 2313 Vll
873 2265 956 2314 1010
972 2265 1107 2313 luctslt.

73 2459 138 2546 §l-
164 2459 465 2544 Quemadmodum
484 2461 543 2552 qui
561 2473 685 2530 terram
707 2459 886 2539 effodiunt,
912 2478 1037 2526 aurum
1067 2464 1288 2544 perscrutan-

36 2557 82 2628 tes,
98 2571 171 2619 oum
198 2571 320 2619 venam
346 2549 496 2639 aliquam
514 2548 717 2629 invenerint,
740 2567 879 2618 auream
905 2565 1044 2615 arenam
1077 2564 1157 2634 prae
1177 2561 1215 2641 se
1238 2540 1287 2612 te-

36 2649 156 2720 rentem,
183 2640 220 2708 in
237 2659 312 2708 eam
333 2637 550 2719 incumbunt,
577 2652 610 2707 et
633 2638 745 2728 magis
762 2637 941 2726 magisque
959 2647 1083 2703 terram
1106 2630 1287 2711 effodiunt,

33 2725 142 2816 quippe
166 2729 229 2816 qui
254 2749 374 2796 venam
401 2725 496 2796 illam
522 2725 609 2797 lucri
638 2726 761 2796 ducem
791 2723 1010 2794 invenerint:
1041 2741 1145 2808 quam
1172 2739 1287 2820 prose:

33 2827 165 2898 fruentes,
202 2837 271 2886 non
298 2815 395 2906 prius
418 2835 437 2885 e
461 2814 534 2885 loco
561 2815 621 2885 illc
644 2814 848 2895 discedunt,
882 2833 986 2901 quam
1012 2810 1088 2911 auri
1120 2809 1286 2909 propositi

34 2899 178 2974 latebram
203 2905 354 2974 assecuti
373 2903 521 2974 luerint:
548 2905 595 2975 ita
618 2915 651 2972 et
674 2925 749 2986 ncs,
780 2915 818 2973 ut
849 2899 1107 2972 Ecclesiastrcae
1135 2908 1289 2989 negotia-

33 2991 118 3062 tionis
140 2993 300 3083 operarii,
328 2993 464 3063 beatum
492 2993 741 3082 Evangelistam
767 2996 891 3062 Lucam
910 2990 945 3059 in
972 3010 1079 3087 mauu
1107 2987 1283 3066 habemas,

34 3081 182 3152 bomiuici
194 3105 233 3154 ex
253 3083 379 3152 Mariae
398 3083 455 3152 Vir
481 3081 548 3151 iuis
563 3081 786 3170 conceptione
805 3077 957 3150 thesauri
973 3075 1285 3147 considerationem

33 3172 187 3256 aggressi,
222 3193 289 3240 nou
318 3172 413 3261 prius
443 3105 486 3241 ab
517 3170 718 3261 hujusmodi
755 3167 1026 3328 perscrutatione
1057 3163 1285 3244 desistemus,

33 3274 121 3340 quam
160 3261 354 3351 propositas
389 3261 526 3330 divitias
556 3261 687 3332 sincere
719 3259 937 3348 caligamus.
972 3254 1201 3337 Quamobrem
1233 3264 1285 3332 et,

33 3345 135 3418 ordine
154 3361 298 3430 servato,
321 3349 572 3440 Evangelistam
598 3350 643 3418 ita
658 3346 964 3439 perscrutabimur,
986 3355 1024 3412 ut
1049 3341 1134 3410 nibil
1148 3361 1286 3443 eorum,

33 3451 105 3528 quae
127 3438 308 3508 utilitatem
334 3437 455 3508 afferre
480 3451 634 3528 possunt,
663 3437 958 3522 derelinquamus.
985 3437 1068 3504 Nam
1093 3444 1157 3530 etsi
1186 3427 1289 3498 verba

34 3541 93 3618 ipsa
111 3547 177 3597 nou
203 3526 367 3598 sublimia
391 3527 472 3608 sint,
500 3525 728 3596 nihilominus
745 3537 858 3595 tamen
883 3522 1002 3612 magni
1026 3519 1145 3611 gaudit
1162 3530 1288 3618 myste-

34 3629 106 3680 rium
125 3617 160 3684 in
190 3637 227 3686 se
257 3614 444 3686 continent.
470 3619 576 3702 Nemo
601 3615 707 3705 igitur
731 3625 911 3704 propterea
941 3629 1080 3700 segnem
1107 3629 1146 3678 ac
1181 3604 1289 3695 negli-

34 3713 148 3785 gentem
166 3726 203 3775 se
227 3704 397 3796 praebeat,
416 3704 507 3792 qucd
537 3725 624 3792 quae
645 3703 746 3773 modo
774 3703 860 3772 lecta
889 3713 969 3771 sunt
998 3699 1040 3767 de
1063 3702 1159 3776 lesu,
1185 3715 1290 3784 parva

34 3791 183 3889 quaedam
203 3815 279 3864 csse
303 3792 494 3875 videantur,
523 3794 551 3862 si
580 3791 702 3862 auditu
730 3791 803 3862 solo
833 3788 1084 3889 percipiantua
1112 3789 1288 3867 Quantum

36 3893 109 3949 curm
133 3883 174 3952 ad
195 3883 302 3974 geniti
332 3884 466 3954 Domini
491 3882 675 3973 potentiam
703 3881 862 3972 pertinet,
899 3897 1002 3967 parva
1026 3873 1168 3962 quidem
1193 3883 1286 3952 sunt,

37 3977 58 4030 st
72 3968 161 4040 valde
177 3970 337 4052 humilia,
358 3993 447 4060 quae
465 3971 548 4042 lecta
567 3971 669 4041 modo
685 3969 896 4050 audivimus
915 3978 953 4035 ut
973 3963 1109 4044 lasciue,
1127 3980 1290 4052 praesepe

39 4071 66 4150 tc
81 4055 169 4129 locus
187 4062 248 4149 qui
272 4071 384 4130 mutae
409 4060 578 4151 majestati
599 4059 779 4129 videbatur
796 4057 938 4128 minime
962 4053 1157 4154 convenire.
1182 4055 1290 4118 Parva

41 4146 183 4240 nimirum
201 4162 282 4220 sunt
305 4151 400 4230 haec,
423 4149 481 4219 sed
504 4149 648 4238 mystica
664 4161 696 4219 ct
711 4168 838 4217 arcana
861 4143 1031 4232 quaedam
1050 4139 1204 4241 ejusdem
1228 4143 1290 4239 Dp-

43 4235 107 4302 mirri
125 4249 218 4308 crtus
236 4237 335 4308 nobis
352 4238 525 4328 proponit,
543 4249 582 4308 ut
604 4239 728 4307 llariae
744 4249 908 4314 ventrem,
927 4233 1153 4332 qu'usgratra
1179 4227 1293 4297 verbis

44 4321 179 4405 explicari
196 4349 263 4398 uon
288 4339 419 4417 potest:
442 4329 572 4406 sinum,
598 4349 699 4416 quem
731 4325 887 4396 humana
910 4323 1116 4420 cogitatione
1135 4337 1290 4406 compre-

46 4399 167 4486 bendere
183 4437 249 4486 nou
268 4416 434 4498 valemus;
453 4437 634 4497 mammas,
664 4427 806 4484 naturae
830 4421 1012 4483 consuetae
1046 4407 1194 4478 radicem
1221 4425 1290 4476 ncu
