2934 4810
31 271 109 336 [ιιι.
134 271 172 336 ti
419 287 683 336 aaarraonociuu
714 290 930 339 rccusrnaruu
1177 269 1280 339 ibai*

29 370 165 446 quaginta
190 377 223 430 et
247 371 394 448 octenni
421 375 557 446 tempore
572 367 662 430 llera·
690 373 746 432 gu
768 371 867 434 Maria
894 353 1071 435 Modeleiue'
1086 389 1123 434 aa
1152 374 1323 444 Prooruce,

30 449 72 509 clii
88 449 312 527 imperatorisa
328 449 485 513 Saracenis
499 451 538 512 ob
551 447 660 510 Cbristi
690 449 720 514 S.
745 453 879 522 lazare,
901 458 957 514 etc.

31 529 115 590 tidem
130 531 219 590 occisi
237 536 322 592 sunt.

65 607 209 671 Sollarius
231 611 264 672 in
279 609 343 672 suis
358 603 611 671 Aduotetrbnibas
625 609 659 670 ad
728 609 906 674 Manrrnoc.
918 645 955 656 -
967 611 1080 674 Romae
1090 612 1185 674 sancti
1198 609 1325 676 loannis

29 687 191 750 Usuardum
220 690 296 752 baec
320 688 432 752 babet:
466 711 479 744 ι
507 689 661 767 Martyres
689 687 726 751 de
739 690 850 763 Mutba,
865 690 1043 754 Fundaturis
1058 691 1177 754 Ordinis
1194 691 1326 754 Sanctis-

28 767 659 847 Ftautbaropotr'tenr',pureddonianisunt,
688 769 784 831 simae
809 771 965 833 Trinitatis
989 772 1206 849 redemptionis
1227 769 1326 850 Capti·

30 863 80 908 neo
101 847 182 910 aliud
209 850 243 910 in
272 851 406 926 ipsorum
427 848 558 924 gratiam
575 865 661 924 prae·
689 864 818 923 rorum;
843 851 929 928 an'us
952 853 1097 914 festivitas
1118 855 1218 928 agitur
1233 851 1325 914 Sexto

30 927 280 1001 stititdsnardus‚
295 943 384 1008 quiam
402 927 452 991 bic
465 929 557 989 etiam
568 928 659 991 Vien·
690 926 758 990 ldus
781 928 938 992 Februarii
964 948 1000 992 ex
1021 933 1139 994 decreto
1153 930 1325 993 Innocentii

33 1009 122 1067 nensis
156 1008 249 1070 verba
287 1008 318 1069 in
353 1024 445 1070 suum
478 1007 658 1071 laterculum
690 1006 860 1071 Undecimi.
890 1010 979 1088 (Vide
1008 1009 1257 1090 Martyrolopr'um
1287 1010 1326 1073 ll·

35 1087 197 1150 translerre.
219 1087 389 1166 Utrobique
414 1088 577 1163 Martyrum
604 1103 659 1150 nu·
688 1086 875 1164 lastrorum,
910 1091 946 1152 ad
985 1091 1066 1154 diem
1100 1089 1120 1152 8
1154 1090 1327 1164 Februarii,

33 1179 125 1227 merus
137 1168 173 1228 ad
196 1169 422 1246 quinquaginta
438 1167 660 1229 determinatus
688 1182 755 1246 pag.
780 1167 858 1247 tec).

32 1255 85 1315 est;
105 1247 272 1323 utrobiuue
292 1263 399 1310 omnes
412 1247 560 1326 anonymi
575 1255 656 1309 sunt.

32 1323 241 1414 llartyrulogos
266 1335 387 1470 nosstrffs
408 1325 544 1467 ιιΐειιιιι
569 1326 659 1388 Baro·
815 1336 843 1400 S.
871 1335 1059 1400 STURMHJS
1081 1339 1195 1400 Annas,

33 1408 300 1480 nius,secutns,ni
327 1427 341 1470 a
367 1424 413 1481 or,
456 1407 661 1485 ctapassionis
791 1446 796 1457 ·
1080 1479 1118 1492 -

34 1487 238 1564 manuscripta,
264 1504 396 1565 quorum
421 1487 498 1566 apud
524 1502 660 1563 msam·
689 1444 808 1508 Floreat
827 1445 947 1508 soeculo
974 1445 1056 1507 Vlll.
1138 1445 1323 1508 Germanus.

34 1565 171 1640 grapbum
191 1573 290 1628 exstat
302 1616 311 1641 ,
325 1585 361 1630 er
375 1568 518 1630 archiviis
532 1565 562 1628 S.
579 1567 659 1628 Petri
730 1569 911 1631 llanrrnoc.
937 1601 976 1615 -
1001 1567 1034 1631 ln
1060 1571 1242 1631 monasterio
1255 1567 1325 1630 Ful·

35 1639 406 1723 Romaedescriptum,ubi
420 1646 661 1710 dillosiortotins
689 1649 775 1711 densi
796 1649 889 1711 sancti
907 1647 1035 1712 Srunuu
1059 1648 1195 1724 abbatis,
1220 1655 1251 1711 et
1274 1647 1326 1710 Sa·

36 1726 161 1801 martyrii
186 1726 352 1807 descriptio
372 1727 548 1788 Florianum
564 1723 659 1788 etCa·
691 1732 797 1791 aoniae
826 1727 977 1805 Apostoli,
1006 1743 1098 1806 quem
1127 1727 1326 1790 innocentius

36 1797 330 1880 lonicumtamuuam
345 1808 436 1868 totius
449 1814 566 1868 turmae
578 1821 661 1884 prae·
689 1808 847 1888 Secundus
873 1809 903 1870 in
931 1807 1065 1870 Concilio
1081 1807 1276 1870 Lateranensi
1293 1812 1324 1869 in

37 1879 138 1957 cipum,
160 1885 307 1963 appellat,
331 1887 443 1948 addens
466 1887 559 1948 etiam
588 1885 659 1946 reli·
689 1887 871 1950 Sanctorum
887 1903 1054 1950 numerum
1068 1887 1183 1949 retulit.

37 1975 153 2034 quorum
170 1968 311 2028 omnium
328 1967 465 2040 nomina,
481 1982 559 2044 quae
569 1963 659 2025 simul
729 1967 884 2030 Sturmius
903 1969 968 2029 sire
992 1965 1140 2038 Sturnrio,
1163 1965 1257 2027 nobili
1274 1981 1326 2044 ge-

37 2039 230 2118 acserugiam
247 2046 426 2117 ascendunt,
442 2046 523 2106 unde
535 2045 660 2106 lormata
691 2063 763 2108 nere
778 2055 911 2121 exortos,
927 2065 942 2110 a
957 2047 1066 2124 llaguo
1080 2045 1243 2120 Bouiiacio
1254 2043 1329 2108 Ger·

38 2125 74 2177 ast
98 2119 219 2185 Romani
251 2127 390 2187 moderni
415 2124 658 2187 annuntiatio...
690 2142 851 2189 manorum
870 2125 1067 2206 Apostolo,'S.
1084 2126 1245 2202 Wigberto
1260 2141 1330 2186 eru·

38 2195 95 2258 Non
119 2211 199 2264 recte
225 2222 240 2266 a
263 2204 394 2266 Fauonio
408 2205 547 2281 signatur
561 2218 662 2266 annus
690 2206 819 2268 diendus
835 2208 983 2278 traditus,
999 2205 1111 2267 litteris
1125 2211 1155 2266 et
1169 2205 1328 2267 sanctitate

40 2272 154 2362 llerarlii
170 2283 661 2362 susurronifortemeliusxxvn
690 2286 814 2364 egregie
840 2287 999 2348 institutus
1026 2293 1080 2347 est.
1106 2285 1205 2358 Quum
1230 2285 1327 2347 vitam

41 2353 190 2434 diceretur,
215 2368 356 2442 utramvis
381 2379 436 2425 nec
461 2365 492 2425 in
519 2363 659 2435 Fiscello,
692 2367 893 2428 monasticam
908 2365 1065 2446 amplexus
1077 2371 1164 2438 esset,
1176 2364 1251 2426 adeo
1267 2364 1328 2424 rir-

42 2449 88 2494 nec
102 2438 130 2498 in
146 2440 353 2521 Tlieopbane,
368 2444 439 2506 satis
453 2451 534 2504 certa
551 2441 660 2504 indicia
692 2453 792 2507 tutirm
814 2447 954 2507 omnium
971 2444 1105 2524 proiectu
1125 2442 1279 2516 excelluit,
1294 2449 1328 2505 ut

42 2519 153 2588 reperiri
184 2525 315 2599 possint,
342 2539 381 2586 ex
408 2522 519 2602 quibus
547 2528 598 2582 orit
625 2521 661 2584 de
690 2526 721 2588 S.
739 2525 911 2588 bonifacius
935 2541 1004 2588 euin
1023 2522 1327 2603 praecaeterisdile·

43 2587 661 2680 llartprumborunrnumero,dctempore,
690 2606 791 2676 xerit,
818 2621 853 2668 ac
887 2605 984 2682 ipsum
1012 2605 1144 2666 recentis
1170 2601 1330 2664 Fuldensis

43 2680 87 2730 aut
108 2675 168 2738 loco
193 2683 340 2760 passionis
364 2681 439 2743 certi
465 2681 578 2758 alicuid
604 2689 660 2742 stn-
690 2683 827 2746 coeriobii
852 2686 986 2760 primum
1002 2683 1150 2746 Abbatem
1165 2684 1342 2744 creaverit,

46 2754 140 2816 tutatur,
156 2783 168 2814 a
690 2763 732 2826 Eo
747 2763 864 2825 bonore
879 2763 911 2826 S.
938 2763 1095 2826 Sturmius
1108 2762 1327 2840 dignissimum

689 2860 721 2904 se
733 2843 885 2920 ostendit,
901 2843 1101 2921 augendoque
1115 2843 1258 2904 Fratrum
1274 2856 1330 2903 nu·

131 2921 159 2987 S.
183 2927 356 2992 LAZARUS
378 2927 552 2991 liauscorus.
691 2939 775 2984 mero
799 2927 957 3000 tantopere
979 2923 1100 2992 institit,
1123 2931 1158 2983 ut
1179 2920 1328 3000 quadrin-

256 3034 384 3100 Saewlo
403 3036 420 3097 J
691 3011 798 3080 gentos
819 3017 881 3064 non
898 3000 996 3064 multo
1010 3011 1074 3080 post
1089 3000 1262 3091 Monucbos,
1277 3015 1329 3062 ex·

421 3083 427 3099 '
579 3111 583 3123 ·
691 3085 783 3159 captis
810 3081 983 3160 Tyronibus
1011 3088 1041 3143 et
1070 3079 1233 3144 Conversis
1267 3080 1326 3142 ira·

78 3147 247 3225 Macriano.
274 3197 312 3208 -
337 3159 483 3222 Massiliae
508 3160 538 3222 in
568 3159 660 3222 Gallio
693 3163 804 3235 tribus,
820 3167 1038 3239 congregaret:
1055 3160 1329 3240 quibussatisnon

46 3221 112 3310 beati
127 3233 501 3320 Lazanrllpiscopiquam
513 3240 662 3302 [lominus
692 3241 798 3304 babuit
822 3243 857 3302 ad
882 3241 1065 3304 sanctiorem
1090 3241 1184 3303 uitam
1199 3238 1329 3316 exempli

46 3319 71 3362 ιιι
92 3308 261 3396 'Evangelio
290 3341 307 3382 o
341 3322 470 3383 mortuis
504 3322 662 3382 suscitasse
692 3323 785 3382 lacem
802 3321 973 3400 praeferre,
990 3323 1048 3382 nisi
1063 3367 1071 3393 ,
1087 3320 1265 3398 dignissimo
1280 3319 1327 3380 in·

48 3379 155 3482 Ῑθιιῑιι.
690 3405 816 3474 scitoto,
842 3401 1038 3479 jurventutem
1075 3399 1260 3462 teutonicam
1292 3397 1330 3460 ad

80 3465 105 3524 δ.
126 3469 249 3540 Lazarus
269 3480 366 3542 lertur
381 3479 454 3541 alios
471 3477 595 3556 triginta
610 3493 662 3540 an·
691 3480 842 3543 Fuldense
870 3481 1088 3542 monasterium
1125 3484 1328 3549 convocaret,

48 3552 255 3624 dispostsuonr
268 3561 524 3621 resurrectionem
538 3559 660 3631 uixisse3
692 3561 953 3637 pertralieratoue.
969 3560 1034 3634 Quo
1058 3575 1132 3622 sene
1158 3558 1248 3620 unico
1263 3571 1327 3620 me-

49 3633 117 3684 isstd
132 3630 255 3699 ¹Domini
280 3636 330 3709 63,
354 3638 446 3701 simul
463 3654 533 3700 cum
550 3637 660 3700 llartba
691 3641 762 3712 rito,
777 3647 926 3719 quantum
944 3641 1000 3703 sibi
1015 3638 1222 3711 Germaniam,
1234 3653 1330 3716 quan·

49 3700 183 3788 oritana,
205 3715 338 3792 ejusdem
354 3718 522 3792 sororibus,
537 3718 573 3778 od
589 3717 662 3779 blas·
693 3727 757 3782 tum
785 3721 991 3798 posteritatem
1021 3735 1146 3780 omnem
1176 3717 1330 3778 deriserit

48 3777 184 3862 eliensem
208 3797 315 3859 urbem
340 3799 500 3875 appulisse,
524 3797 573 3858 ubi
596 3797 661 3874 plu·
691 3799 855 3870 Sturmius,
881 3797 968 3874 cujus
992 3800 1139 3860 nimirum
1164 3797 1256 3875 opera
1280 3811 1329 3872 po·

50 3865 128 3953 Finis
151 3871 184 3932 ad
207 3873 315 3938 Christi
337 3877 430 3940 fldem
446 3879 609 3950 convertit,
624 3885 660 3939 at·
692 3881 843 3940 tissimum
859 3879 1013 3950 barbaries
1029 3877 1089 3940 illis
1103 3879 1136 3938 in
1151 3875 1330 3951 regionibus

50 3945 100 4068 {⁰9
114 3941 187 4011 illius
210 3957 360 4018 nascentis
376 3955 527 4020 Ecclesiae
543 3957 661 4034 primus
711 3959 852 4036 rescripta
865 3963 920 4032 est,
934 3974 1024 4020 nemo
1035 3957 1123 4019 lacile
1135 3955 1328 4018 describeret.

73 4021 190 4120 biscopus
213 4032 309 4098 luisse.
334 4036 414 4110 Quoue
439 4037 538 4097 omnia
565 4039 661 4114 aqui·
689 3975 751 4100 Fies
766 4055 802 4100 eo
816 4041 996 4112 contentus,
1015 4038 1076 4115 ipse
1091 4037 1198 4108 etiam,
1213 4035 1330 4112 praedi·

53 4087 161 4190 hiidem
185 4112 261 4177 inter
284 4116 398 4178 tubulos
421 4122 452 4178 et
477 4118 659 4178 commentia
689 4118 818 4180 cationis
843 4133 973 4179 munere
997 4124 1147 4193 suscepto,
1171 4112 1263 4191 longa
1289 4111 1330 4175 la·

51 4181 227 4266 tetimonium
255 4195 292 4257 ab
317 4195 385 4258 aliis
407 4213 424 4258 e
452 4197 606 4257 contrario
631 4203 662 4256 ut
680 4203 782 4275 teque
806 4196 992 4268 discurrens,
1018 4195 1148 4270 gentiles
1172 4191 1328 4270 quamplu-

54 4261 112 4313 reia
127 4267 294 4336 urebantur.
313 4271 441 4337 Consule
457 4273 585 4347 Fnillon,
598 4275 661 4337 Mo·
691 4279 781 4338 rimas
794 4276 830 4337 ad
850 4273 961 4338 Christi
987 4273 1080 4334 tidem
1106 4273 1330 4344 convertibile

54 4339 176 4403 teneura
201 4349 304 4415 inedito
332 4371 388 4417 sur
416 4353 435 4414 ι’
450 4353 600 4434 apostatat
628 4353 662 4416 de
690 4363 732 4431 ut,
758 4363 914 4432 tamquam
935 4352 1012 4417 alter
1030 4351 1212 4424 Bouiiacius,
1234 4347 1331 4410 etSa·
