2920 4810
10 303 34 364 l.
56 303 92 367 tt
331 321 594 371 ntnmnouootuu
616 323 831 372 ttuusraarutt
1079 302 1182 372 l023*

10 401 83 463 ibitis
103 402 204 480 lolgor
225 401 365 466 cellulam
380 404 479 467 subito
501 419 565 483 per·
594 406 634 467 ita
663 405 773 480 diuam,
796 405 903 468 mundi
925 407 1073 479 nationes,
1095 421 1170 485 quae
1194 404 1229 466 il·

10 483 77 556 dens,
101 485 238 544 omnium
261 483 362 544 oeulos
383 485 480 546 nimio
501 499 566 562 per·
594 484 657 546 lum
674 486 714 548 ita
742 488 860 565 priratu
880 485 987 547 affectu
1009 484 1168 562 diligunt,
1192 491 1227 546 ut

10 563 236 639 uxltsplendore:
249 563 301 640 qui
312 563 428 624 diutins
438 564 565 638 durans,
593 566 684 627 etiarn
707 567 739 628 in
756 573 859 627 nostro
873 575 1020 642 tempore,
1036 563 1159 644 quando
1180 563 1228 624 ni·

13 639 125 718 illaeque
144 644 223 704 siunt
241 641 345 720 lulgur
365 643 564 707 discurrebat.
593 645 689 706 mium
703 644 763 722 iarn
779 644 1098 722 enaritasrelrigeseit,
1115 642 1228 705 multos

10 735 48 781 aes
68 723 159 783 nimio
175 736 284 799 pavore
299 722 442 799 persulsi,
457 722 565 800 soluta·
595 731 655 786 tam
677 732 782 802 gente,
805 739 896 803 quam
912 723 1017 800 lingua
1034 727 1168 800 ignotos,
1189 723 1227 784 ad

10 808 55 859 tnt.
67 803 103 860 ttt
116 799 291 878 Gregorius,
308 806 342 863 ut
357 808 457 864 tantae
472 803 565 864 virtu·
593 804 891 880 elussauotissimum
907 803 1060 866 tumulum
1072 803 1228 866 eotttluere

11 883 131 953 anseius,
141 887 315 942 uonstanter
325 897 376 943 eos
385 881 563 944 exhortans:
595 884 762 956 rideamus,
778 891 812 946 nt
831 885 941 945 merito
961 884 998 945 de
1018 883 1125 944 eodem
1147 881 1227 942 llar-

10 957 71 1032 tite,
83 961 191 1039 inquit,
203 963 323 1022 timere:
340 963 565 1023 rememorami·
595 963 658 1024 tino
673 963 807 1027 dicatur:
818 985 830 1019 o
842 961 935 1041 Cujus
947 961 1065 1025 ruitum
1077 961 1227 1024 desiderat

12 1039 222 1118 talitergloltus
233 1039 315 1118 ignis
325 1041 362 1102 de
376 1040 473 1118 capite
487 1040 564 1102 beati
594 1043 738 1105 universa
749 1043 1000 1116 terruannorum
1013 1042 1117 1121 ntique
1127 1041 1227 1103 studia

11 1117 59 1178 tiui
85 1135 247 1198 egressus,
270 1118 389 1182 coelum
418 1121 501 1181 risus
520 1126 566 1181 est
584 1130 741 1196 uestram,
756 1123 808 1202 qui
825 1123 919 1184 vieini
942 1137 1058 1193 sumus,
1081 1121 1227 1184 inertiam

10 1199 159 1273 uendisse,
181 1207 212 1260 et
234 1199 272 1260 oh
297 1198 327 1260 id
350 1215 405 1260 nos
426 1213 496 1262 eum
518 1198 566 1260 ltis
591 1202 659 1278 jore
690 1203 892 1264 vehementer
923 1202 1138 1277 redarguunt:
1164 1215 1227 1262 non

10 1276 48 1336 tis
75 1279 209 1358 reliquiis
230 1279 329 1357 ipsum
350 1277 466 1340 credite
495 1279 565 1340 risi·
595 1288 695 1343 tamen
709 1281 776 1344 sine
797 1282 903 1343 divino
924 1281 1134 1344 moderamine
1157 1295 1229 1342 con·

10 1357 126 1418 ssione
137 1358 278 1421 universi
291 1357 566 1435 magnificaverunt
592 1365 663 1432 stat,
685 1362 764 1440 quod
781 1361 847 1438 ejus
861 1377 947 1423 amor
962 1363 1001 1423 lta
1017 1361 1160 1421 omnium
1175 1375 1229 1421 eor

12 1449 44 1508 tn,
64 1443 91 1497 et
104 1439 207 1498 senior
220 1453 293 1500 eum
304 1437 408 1499 electis
428 1437 564 1500 dicebat:
595 1442 777 1517 penetravit,
798 1439 878 1519 quod
893 1440 1127 1517 ejusmetnoria,
1144 1439 1229 1502 velut

10 1518 201 1596 rnediotusqui
215 1519 304 1579 venit
319 1517 352 1578 in
368 1517 494 1578 nomine
508 1516 565 1578 Do·
593 1519 720 1582 alterins
740 1519 848 1591 lasiae,
873 1527 932 1582 tam
953 1519 1050 1580 duleis
1070 1527 1116 1580 est
1131 1521 1229 1580 omni·

10 1595 119 1658 ,ulteus
130 1597 279 1660 llominus
289 1604 320 1659 et
334 1596 559 1658 illustrantis.»
594 1599 661 1673 ltus,
683 1607 713 1661 et
727 1600 805 1679 quud
826 1616 880 1678 per
900 1615 1007 1660 omnes
1032 1599 1108 1659 tinas
1130 1605 1229 1660 terrae

16 1671 99 1736 Pausa
114 1677 186 1738 ltaee
201 1677 239 1739 de
255 1683 358 1738 nostro
373 1675 510 1754 praesule
520 1675 565 1736 di·
594 1681 634 1742 ita
645 1679 705 1757 jam
721 1681 829 1759 patuit,
842 1689 875 1741 ut
915 1679 972 1741 uod
985 1675 1123 1739 Christus
1139 1679 1229 1738 habet

10 1755 69 1828 siut,
90 1771 149 1817 non
165 1764 199 1818 ut
221 1754 368 1819 miracula
382 1759 468 1830 ejus,
487 1771 565 1834 quae
595 1774 721 1834 nomen,
736 1696 1057 1822 ldartinusffionorem.
1081 1757 1227 1819 natusest

10 1831 69 1894 ultis
87 1833 147 1897 dari
169 1833 283 1908 solent,
304 1835 565 1909 commendemus,
593 1839 621 1900 ei
638 1845 669 1901 et
682 1835 858 1916 Gregorius,
880 1836 930 1900 vir
954 1851 1017 1898 non
1039 1837 1136 1898 solum
1157 1851 1228 1898 satt-

14 1921 99 1975 utnee
120 1915 196 1978 harto
217 1914 344 1994 quidem
367 1913 499 1993 gratiam
521 1913 564 1976 illi
595 1917 774 1992 etitate,sed
789 1918 966 1980 etdoetrina
984 1914 1230 1990 clarus,neurlts

10 1992 65 2052 risse
90 2002 309 2057 monstremus.
345 1991 506 2056 &emtum
530 1993 565 2056 ad
596 1997 748 2060 Turonica
763 1997 919 2060 obscurior
934 1995 1229 2067 rideretur,sisori·

10 2087 12 2126 t
36 2070 151 2148 gloriam
185 2072 459 2136 commendandam
491 2072 566 2135 illud
595 2084 717 2154 ptorum
739 2078 1008 2139 offleioearuisset:
1033 2075 1107 2154 quin
1128 2075 1230 2151 potius

10 2149 565 2231 trial,quodnumilitordecnristum
595 2159 672 2218 sient
700 2157 775 2219 urbs
804 2156 949 2219 Romulea
980 2161 1046 2236 post
1070 2153 1229 2232 Apostolos

10 2237 81 2291 totus
97 2243 150 2304 est,
165 2241 197 2296 et
210 2232 293 2312 qnod
307 2249 370 2296 non
391 2232 566 2310 speravitin
596 2235 804 2298 illustraturin
821 2237 916 2298 altero
927 2234 1087 2313 Gregorio,
1106 2237 1142 2295 ita
1156 2232 1228 2294 urbs

10 2309 82 2397 oniae
100 2313 247 2376 thesauris
267 2313 342 2391 (hoo
367 2313 475 2390 utique
500 2317 567 2382 est,
597 2315 746 2378 Turonioa
778 2323 845 2392 post
871 2315 1037 2378 Martinam
1068 2315 1228 2375 detoratur

10 2385 211 2469 oltliaieeisse)
227 2400 269 2466 et,
285 2400 332 2468 nt,
351 2393 460 2470 partim
481 2405 570 2468 supe·
598 2397 627 2455 in
657 2397 723 2457 isto.
753 2394 849 2466 Onam
878 2393 1046 2466 rideltoet,
1076 2393 1119 2454 rel
1149 2391 1226 2470 apud

10 2478 216 2548 tmoustratur,
239 2470 567 2550 apeueatorumestla·
596 2473 714 2547 Deum,
736 2474 786 2535 vel
813 2473 891 2552 apud
915 2473 1080 2535 Martinam
1101 2473 1229 2535 advoca·

13 2553 196 2633 oeustodltus.
213 2551 567 2630 Superomnemquippe
597 2563 661 2615 tum
682 2554 835 2633 quendam
850 2560 941 2632 atque
961 2561 1150 2632 sequestrem
1171 2552 1227 2613 lta-

10 2639 76 2702 ram,
96 2637 165 2694 esta
181 2631 313 2712 pecualis
333 2634 492 2710 protectio.
516 2629 567 2691 vt·
597 2634 668 2696 bere
689 2632 886 2706 confidamus,
907 2633 997 2710 eique
1026 2637 1143 2694 nostras
1172 2646 1228 2693 ne·

10 2719 55 2767 mo
71 2717 101 2769 et
123 2712 222 2788 primo
252 2711 350 2789 igitur
370 2709 567 2790 Episcopatus
596 2713 745 2774 cessitates
765 2712 802 2774 ad
816 2711 1041 2791 expediendum
1061 2710 1231 2774 committa-

11 2799 34 2854 02
53 2792 395 2869 tamquamseptenario
415 2803 566 2851 annorum
596 2789 1228 2856 mus.Verumillenoneritimmemorrel

10 2877 70 2928 tere
83 2875 127 2930 ter
142 2871 172 2931 in
190 2869 251 2931 tide
272 2875 394 2931 mactae
409 2869 567 2931 Trinitatis
595 2887 678 2945 suae,
695 2871 873 2934 velllartini
885 2870 1123 2960 misericordiae,
1134 2885 1228 2948 quatu

10 2943 92 3019 tpleto,
103 2952 257 3027 appositus
270 2947 361 3011 estad
375 2957 566 3026 patressuus,
596 2950 683 3013 nobis
714 2957 868 3028 tantopere
902 2951 1060 3012 insinnare
1091 2951 1227 3012 curavit:

24 3029 75 3086 tam
95 3029 225 3104 dierum,
246 3031 316 3108 quia
336 3027 435 3089 terme
457 3029 566 3090 trieeu·
594 3031 705 3110 quippe
719 3032 769 3109 qui
786 3030 822 3092 ad
838 3032 919 3092 naue
933 3029 1148 3091 insinuandum
1163 3029 1229 3104 ejus

12 3106 186 3170 sordidatus
206 3114 265 3182 est,
280 3107 567 3187 quamperleotione
596 3110 738 3172 miracula
759 3108 901 3186 digessit,
930 3116 964 3170 ut
991 3112 1105 3188 quique
1133 3109 1227 3170 loturi

10 3193 57 3240 tos.
78 3185 131 3258 Qui
148 3197 328 3251 tamennon
352 3203 568 3266 usquequaque
595 3190 754 3251 audientes
774 3195 886 3268 quauta
899 3196 929 3252 et
942 3187 1041 3267 qualia
1064 3188 1227 3251 visibiliter

10 3263 182 3330 etorctausus
197 3269 232 3330 iu
248 3266 378 3340 tumulo,
400 3269 566 3341 euirestat,
595 3277 750 3347 operetur,
771 3285 863 3347 quam
885 3267 1056 3347 desperatos
1067 3267 1229 3344 languores

10 3337 236 3420 elttnguartvat
252 3346 419 3410 inmundo.
435 3345 566 3425 litquia,
595 3356 697 3420 sanet,
727 3349 764 3411 de
793 3351 925 3426 putentia
949 3347 997 3410 vel
1024 3348 1062 3409 de
1083 3347 1228 3426 patientia

10 3423 183 3510 tlcredimus,
196 3427 286 3490 beato
299 3425 430 3488 ilartino
441 3429 473 3487 in
485 3424 568 3486 aoelo
595 3429 659 3506 ejus
670 3426 1007 3492 nullatenusdubitent.
1031 3427 1105 3488 Etsi
1122 3427 1229 3506 prodi·

10 3508 131 3585 serratus,
152 3514 255 3570 saneto
269 3507 361 3568 etiam
384 3521 509 3584 corpore
523 3513 568 3565 est
595 3509 786 3585 spensatione
803 3515 972 3586 temporum
989 3508 1150 3586 contigerit
1166 3521 1230 3566 ror·

19 3591 42 3637 tu
56 3585 188 3660 sepulcro
209 3587 339 3648 vicinus.
363 3586 455 3647 Porro
470 3585 565 3646 Turo-
596 3603 682 3666 porea
695 3585 837 3649 miracola
854 3603 980 3658 cessare,
996 3601 1116 3663 semper
1126 3592 1227 3648 tamen

10 3667 92 3735 susos,
113 3680 151 3726 ne
178 3665 293 3728 divinis
313 3665 493 3728 muneribus
516 3663 565 3724 vi·
595 3667 755 3730 credamus
778 3666 912 3728 illumin
940 3666 1050 3728 nostris
1070 3665 1229 3726 animabus

11 3741 70 3798 ntur
89 3744 210 3820 ingrati,
232 3761 353 3823 semper
382 3759 501 3807 neeesse
522 3748 568 3805 est
610 3762 666 3808 nae
681 3745 1001 3808 rirtutismedieinam
1014 3745 1144 3824 operari.
1157 3743 1227 3804 Gre-

10 3821 158 3902 Jetraetent,
180 3831 371 3903 quantopere
391 3827 485 3886 sinte
508 3823 568 3884 lleo
596 3829 697 3901 gorius
719 3825 814 3904 igitur
846 3825 967 3887 llartiui
1001 3825 1229 3887 misericordiae

11 3891 65 3955 ulti.
86 3900 175 3963 llatus
197 3918 328 3982 namque
349 3911 394 3966 est
409 3906 453 3964 eis
471 3910 568 3980 patro·
595 3905 742 3976 ennesius,
759 3903 933 3982 semper-itti
946 3906 984 3966 de
995 3919 1089 3980 grege
1099 3919 1228 3981 suosug·

10 3981 328 4062 tttonqualisenmque,
342 3985 393 4045 sed
408 3983 566 4056 llartinus,
596 3993 689 4060 gerat,
711 3999 832 4058 semper
854 3983 940 4044 illurn
964 3991 1108 4060 prostatu
1132 3983 1227 4044 saneti

10 4062 76 4143 totus
94 4059 179 4123 laude
193 4063 266 4140 quid
282 4065 415 4141 primum
432 4061 479 4124 rel
501 4079 567 4140 spe·
596 4063 652 4125 loti
674 4069 734 4137 sui,
755 4081 789 4124 au
818 4077 873 4141 pro
902 4065 993 4124 totius
1014 4061 1103 4138 regni
1132 4060 1228 4124 salute

11 4133 160 4227 edicatur,
179 4157 260 4216 eum,
282 4151 315 4203 ut
337 4143 485 4220 seriptum
508 4148 566 4215 est,
596 4142 778 4220 interpellet.
793 4141 856 4205 Nec
870 4142 1139 4219 praetereundum,
1155 4155 1230 4217 quo·

10 4221 173 4293 intnttna,
195 4219 322 4284 aliorum
344 4222 485 4284 maximis
505 4237 567 4284 ma·
596 4221 685 4284 modo
716 4228 889 4285 cousuetam
910 4222 966 4286 sibi
1000 4219 1226 4291 humilitatem,

10 4298 565 4380 tessemanilestumsitti'amenquanti
595 4301 687 4362 etiam
704 4302 735 4362 in
754 4301 814 4381 ipsa
836 4301 988 4379 sepulture
1014 4314 1066 4360 sua
1091 4313 1228 4388 serrare·

10 4369 95 4432 endas
114 4377 162 4452 sit,
184 4385 332 4443 testantur
347 4382 520 4458 universae,
534 4389 567 4442 nt
596 4382 646 4442 rit.
668 4379 744 4442 Nam
762 4385 793 4441 tn
808 4381 860 4442 tali
884 4383 947 4442 loco
960 4394 992 4440 se
1005 4377 1127 4456 sepeliit
1145 4377 1229 4450 lent,
