3046 4838
97 299 196 366 tuot
477 325 515 373 uir
538 325 564 373 s.
586 325 690 374 anisio
714 326 764 374 iii.
790 323 922 374 riovioii.
1267 309 1287 373 'l

93 405 221 494 protinus
242 406 282 476 ad
305 408 496 498 palatium,
520 411 724 500 tradiditque
750 410 833 501 Regi
856 431 960 498 quam
985 408 1169 480 donaverat
1195 409 1326 492 sellam,

92 495 173 594 alteia
188 517 283 586 penes
300 519 349 580 se,
373 519 486 587 quam
505 499 637 582 lecerat,
657 501 805 591 gratuito
826 513 1005 570 reservata.
1023 500 1138 590 Coepit
1156 514 1236 570 tunc
1250 522 1330 570 euni

91 605 224 675 princeps
247 588 378 670 mirari,
408 589 516 659 simul
532 603 563 660 et
579 589 698 660 efferre
718 602 846 660 tantam
871 590 983 680 operis
1006 589 1235 681 elegantiam:
1257 589 1333 680 jus-

89 675 178 773 sitque
198 675 286 747 illico
308 677 410 747 labro
438 679 585 749 tribuere
609 679 800 750 mercedem
827 679 953 752 laboris
969 680 1122 770 dignam.
1150 683 1243 748 Tunc
1267 679 1332 748 Eli-

88 763 312 852 giusaltcraeii
332 768 475 838 occulto
490 769 524 838 in
546 769 656 839 medio
676 769 828 860 prolata:
855 769 984 852 «Quod
1006 768 1187 861 superfuit,
1208 769 1330 855 inquit,
1422 803 1426 812 ·

87 873 117 921 ei
133 875 226 937 auro,
253 877 295 926 ne
318 857 506 948 negligens
526 858 714 949 perderem,
742 858 824 928 huic
848 860 942 960 operi
966 860 1126 948 aptavi.»
1151 858 1331 928 Confestim

88 943 271 1030 stupefactus
294 946 496 1028 Clotarius,
520 960 552 1017 et
578 949 697 1038 majori
722 948 949 1018 admiratione
972 948 1152 1030 detentus,
1180 947 1333 1017 sciscita-

87 1031 170 1102 batur
188 1035 371 1124 opificem,
400 1037 433 1106 si
457 1050 581 1107 cuncta
603 1059 641 1107 eii
665 1038 782 1107 eodem
816 1059 921 1128 penso
951 1037 1061 1108 lacere
1093 1037 1268 1128 potuisset.
1296 1039 1334 1104 Et

86 1143 151 1190 cuin
175 1139 423 1213 consequenter
439 1127 537 1216 juxta
560 1127 607 1209 id,
633 1127 724 1213 quod
751 1126 860 1196 suerat
884 1126 1098 1209 sciscitatus,
1129 1147 1331 1216 responsum

86 1211 260 1312 accepisset,
287 1215 474 1318 ingenium
492 1217 566 1306 ejus
582 1215 723 1285 sublimi
742 1215 853 1286 lavore
868 1213 1044 1286 attollens:
1072 1220 1150 1285 «Ex
1166 1215 1229 1285 lioc
1246 1214 1330 1300 jam,

87 1313 190 1386 inquit,
208 1304 307 1374 etiam
335 1327 371 1374 in
397 1304 557 1374 maximis
580 1304 673 1374 credi
699 1306 835 1394 poteris.
853 1327 870 1370 >›
891 1309 994 1375 Porro
1011 1305 1074 1374 hoc
1095 1304 1158 1374 luit
1181 1303 1331 1382 initium,

87 1409 221 1460 necnon
247 1405 280 1462 et
309 1395 549 1464 testimonium
575 1395 608 1463 in
636 1394 762 1484 palatio
786 1395 888 1484 Regis
912 1393 1129 1474 honorandi,
1161 1394 1334 1480 immoque

86 1477 257 1550 credendi*
275 1483 443 1574 Eligium.
471 1486 516 1552 Ex
541 1483 603 1554 lioe
625 1504 746 1584 nempe
770 1483 950 1552 adauctius
974 1503 1197 1573 consurgens
1225 1482 1335 1552 lactus

85 1581 128 1635 est
145 1569 267 1642 aurifex
291 1572 548 1663 peritissimus,
575 1585 677 1660 atque
700 1595 735 1641 in
759 1573 855 1642 omni
879 1571 1069 1642 fabricandi
1090 1585 1161 1642 arte
1180 1570 1335 1642 doctissi-

87 1677 161 1756 mus.
177 1661 380 1750 lnvenitque
401 1661 545 1751 gratiani
567 1663 601 1731 in
617 1661 728 1731 oculis
743 1661 857 1753 Regis,
876 1675 908 1730 et
928 1683 1043 1732 coram
1068 1661 1231 1732 omnibus
1247 1661 1335 1750 opti-

87 1746 216 1817 matibus
230 1751 320 1840 ejus.
349 1751 496 1820 Domino
511 1771 591 1840 ergo
603 1751 757 1839 juvante,
779 1750 959 1821 roboratur
979 1752 1012 1820 in
1033 1750 1111 1833 fide,
1138 1771 1177 1820 ac
1201 1772 1221 1819 a
1245 1753 1335 1840 Rege

88 1851 278 1923 provocatus,
300 1840 481 1911 crescebat
494 1841 645 1927 quotidie
661 1841 695 1909 in
719 1839 853 1910 melius.

122 1927 200 2010 §R
226 1933 276 1999 lle
300 1930 413 2032 igitur
436 1943 623 2018 praesente,
644 1930 759 2000 nescio
782 1951 884 2017 quain
910 1929 955 1998 ob
973 1950 1127 2008 causam,
1152 1928 1217 1997 nisi
1243 1927 1334 2015 quod

88 2009 170 2084 lacile
189 2017 288 2088 datur
321 2018 483 2109 intelligi,
510 2017 682 2089 fidelitatis
706 2018 858 2102 obtentu,
884 2017 967 2087 dum
988 2017 1080 2108 apud
1104 2023 1227 2108 Regem
1255 2039 1335 2118 pne·

89 2101 171 2174 rolus
191 2107 408 2191 habitarem,
437 2107 584 2195 quodam
611 2107 666 2178 dic
689 2107 821 2179 Rotoilo
837 2107 871 2177 in
889 2128 972 2198 agro
995 2107 1102 2176 accito
1122 2111 1192 2176 Rei
1214 2105 1334 2196 Eligio,

89 2211 185 2263 coram
207 2193 369 2285 reliquiis
400 2210 593 2267 sanctorum
622 2197 851 2287 praecipiebat
873 2197 928 2278 ei,
955 2209 991 2266 ut
1020 2195 1237 2285 impositione
1268 2217 1337 2264 ma-

90 2301 180 2378 nuum
207 2289 318 2358 sacris
342 2285 547 2377 pignoribus
576 2287 671 2356 daret
704 2299 970 2357 sacramentum.
998 2284 1059 2356 Sed
1095 2284 1152 2354 ille
1181 2283 1334 2353 divinum

90 2374 230 2469 intuitum
260 2397 393 2456 verene,
413 2397 573 2447 excusare
599 2374 775 2446 humiliter·
791 2375 884 2445 ouini
905 2374 985 2444 nisu
1001 2372 1162 2444 tentabat.
1186 2377 1338 2460 Cumque

91 2463 256 2537 instantius
289 2465 325 2534 id
357 2465 469 2535 facere
497 2487 570 2534 corn
599 2465 779 2546 ellaretur,
813 2465 937 2534 anxius
967 2463 1087 2546 valde,
1120 2463 1231 2550 coepit
1261 2484 1339 2533 mox

89 2547 215 2622 ubertim
244 2555 418 2644 iacrymas
442 2487 658 2644 profundere,
687 2566 843 2624 metuens
866 2553 996 2624 scilicet
1013 2557 1137 2654 Regem
1154 2551 1336 2634 offendere,

89 2643 341 2733 septuplumque
372 2665 500 2734 pavens
527 2644 654 2714 sanctis
682 2643 887 2734 pignoribus
918 2663 1040 2712 inaniis
1071 2663 1257 2731 imponere.
1285 2645 1339 2710 ln-

89 2739 173 2800 tuens
196 2735 312 2820 itaque
343 2737 412 2802 Rex
444 2731 520 2816 ejus
548 2733 729 2814 timorem,
756 2732 928 2820 simulque
959 2731 1089 2800 mirans
1122 2742 1250 2801 tantam
1276 2731 1339 2798 viri

88 2814 300 2903 devotionem,
319 2821 421 2891 desiit
437 2822 526 2892 ultra
545 2843 623 2891 enin
641 2843 779 2912 cogere:
806 2820 865 2891 sed
882 2821 993 2911 magis
1009 2819 1134 2890 blande
1152 2820 1341 2906 leniterque

88 2905 296 2992 demulcens,
334 2909 519 2980 laetissimo
547 2910 644 2981 illurn
676 2912 772 2982 vultu
804 2909 962 2990 dimisit,
998 2909 1163 3000 pollicens
1196 2931 1232 2978 se
1262 2909 1341 3010 plus

88 3015 155 3095 etim
177 3023 215 3070 cx
241 2999 305 3071 hoc
327 2999 398 3088 jain
423 2999 648 3082 crediturum,
674 3021 777 3088 quani
803 3001 832 3069 si
858 2999 1062 3070 multimoda
1082 3011 1163 3070 tunc
1191 2997 1342 3070 dedisset

84 3100 278 3172 juramenta.

124 3179 185 3264 §2
200 3184 272 3249 Non
295 3190 371 3268 post
387 3178 529 3269 longum
545 3179 709 3269 spatium,
736 3199 816 3248 cuni
831 3177 904 3265 jani
926 3175 1057 3268 Eligius
1076 3176 1206 3246 virilem
1229 3189 1342 3267 ageret

88 3280 229 3349 aetatem,
259 3269 405 3358 cupiens
432 3291 468 3340 se
493 3290 551 3338 vas
567 3267 726 3338 eriliihere
742 3272 809 3337 Deo
828 3266 1102 3348 sanctificatum,
1128 3287 1167 3334 ac
1189 3278 1342 3334 metuens

90 3375 124 3424 ne
140 3358 254 3446 aliqua
274 3380 376 3428 sunm
403 3355 525 3427 delicta
566 3372 663 3428 ectus
692 3357 888 3438 fuscarent,
915 3356 1031 3426 omnia
1052 3354 1095 3425 ab
1114 3354 1342 3424 adolescentia

88 3467 138 3515 sua
154 3469 268 3517 coram
288 3446 462 3518 sacerdote
478 3379 654 3516 coufessus
670 3459 720 3516 est
740 3458 832 3515 acta:
856 3447 974 3533 sicque
995 3444 1062 3515 sibi
1081 3459 1252 3514 austeram
1277 3443 1344 3512 im-

89 3554 206 3620 ponens
223 3536 480 3627 poenitentiam,
506 3537 617 3626 coepit
636 3535 765 3606 sortiter
789 3533 1022 3605 colluctationi
1048 3534 1174 3614 carnis,
1201 3533 1344 3623 spiritus

88 3621 202 3696 leriore
229 3625 396 3706 resistere,
424 3627 459 3694 i'n
480 3625 646 3695 laboribus
673 3623 825 3704 scilicet,
856 3623 1049 3694 secundum
1070 3621 1282 3712 Apostolum,
1309 3623 1344 3690 io

89 3714 212 3804 vigilias,
236 3717 270 3784 iri
282 3716 438 3806 jejuniis,
462 3715 496 3784 tit
515 3717 678 3797 castitate,
702 3715 919 3804 inpatientia
942 3715 1063 3792 inulta,
1087 3723 1187 3803 atqua
1212 3713 1248 3779 i'n
1264 3711 1343 3779 clac-

87 3803 174 3900 ritotp
195 3828 260 3875 nou
274 3807 354 3894 ficto
374 3803 424 3905 (2.
444 3805 489 3873 ocl
506 3809 579 3874 Cor.
600 3804 655 3893 vi).
684 3803 896 3894 Proponebat
920 3823 1069 3888 namque
1086 3801 1151 3870 sibi
1177 3800 1349 3870 adversus·

88 3907 269 3979 praesentes
297 3916 412 3964 carnis
438 3892 602 3973 ardores,
633 3892 739 3963 lutari
774 3891 938 3984 supplicii
963 3891 1082 3993 ignes:
1116 3912 1156 3960 ac
1182 3890 1347 3959 memoria

88 3982 207 4054 ardoris
235 3983 435 4073 gehennae,
464 3982 621 4052 ardoreiii
646 3980 848 4051 excludebat
872 3981 1039 4050 luxuriae.
1066 3980 1191 4049 Orabat
1217 3979 1259 4067 ju
1286 3981 1348 4048 iter

89 4091 140 4157 pro
157 4071 256 4142 donis
279 4071 497 4153 coelestibus,
518 4070 722 4162 precabatur
741 4075 844 4140 lleum
863 4069 985 4139 diebus
1005 4091 1044 4138 ac
1063 4069 1232 4149 noctibus
1259 4002 1344 4137 illud

90 4181 121 4228 ci
135 4160 219 4231 libro
233 4161 295 4230 lob
313 4161 435 4232 crebro
461 4161 657 4230 revolvens:
686 4165 764 4251 Epo,
787 4159 910 4246 inquit,
934 4159 1134 4260 deprecabor
1156 4159 1343 4236 Domitium,

92 4259 115 4314 rt
136 4251 177 4318 od
199 4255 302 4321 Deum
320 4273 447 4343 ponam
474 4252 643 4342 eloquium
667 4273 803 4318 mcum:
829 4248 891 4340 qtit'
910 4251 994 4337 fucit
1016 4269 1144 4350 mappa
1167 4257 1198 4316 et
1222 4249 1349 4316 inscru-

94 4339 209 4423 tabilia,
226 4351 259 4410 at
281 4341 459 4410 mirabilia
472 4341 593 4432 ubsque
606 4361 755 4409 numero.
783 4339 849 4421 dat
869 4338 960 4428 ponit
983 4337 1126 4406 litimiles
1145 4338 1182 4404 in
1199 4336 1346 4413 sublimi,

113 4465 123 4489 ⁸
135 4465 218 4516 luen.
226 4464 344 4514 videlicet,
353 4469 376 4510 Β.
387 4463 460 4517 uitali
471 4465 539 4508 valdo
548 4466 679 4516 speculam
691 4465 749 4507 lore.
