2994 4832
266 309 329 375 llS
516 273 521 284 ι
620 327 658 374 na
683 327 710 374 s.
737 325 815 375 sant
841 328 914 374 aaa.
941 327 979 374 ar
1002 325 1095 374 conr.
1350 309 1422 374 nuc.
1444 313 1458 374 5

219 417 413 499 Postquam·
428 429 506 479 vero
526 409 613 480 nihil
640 411 850 480 invenissent
873 433 991 480 eorum
1021 433 1109 502 quac
1133 425 1317 498 sperarant,
1340 433 1459 480 recesse-

219 513 312 580 runt,
332 514 365 569 et
382 521 443 589 pro
460 500 527 569 alio
544 499 641 569 lucro
666 500 732 568 sibi
752 515 917 588 pararunt
941 500 1076 568 animae
1093 499 1285 569 utilitatem.
1310 504 1382 568 llam
1397 521 1460 569 cum

219 589 386 659 vidissent
410 589 512 657 vitam
539 587 624 658 adeo
649 600 784 658 tenuem
811 601 843 659 et
865 588 1058 680 frugalem,
1085 602 1118 658 et
1141 590 1197 658 cui
1222 589 1356 658 deerant
1378 589 1459 658 etiam

218 699 307 766 quae
332 690 413 747 sunt
438 677 642 758 necessaria,
670 676 936 768 obstupuerunt,
962 689 995 747 et
1019 681 1137 768 magni
1155 676 1261 748 Sabae
1277 677 1384 767 copias
1398 689 1460 744 sunt

219 766 404 836 admirati:
430 787 519 853 quae
543 766 577 834 in
604 787 643 835 eo
667 779 776 848 erant,
803 767 894 856 quod
920 765 1229 857 nihilpossideret.
1253 771 1355 836 Suum
1372 767 1461 851 itaque

219 854 356 926 lacinus
379 855 495 924 animo
520 869 718 936 versantes,
748 867 781 924 et
806 877 847 926 nc
871 856 915 924 ali
943 876 988 925 uo
1013 857 1109 946 gravi
1134 855 1224 925 malo
1248 877 1267 925 a
1293 861 1353 925 lico
1373 854 1460 924 adice-

219 959 339 1046 rentur
362 944 572 1047 dubitantes,
601 957 839 1026 recesserunt,
867 879 1010 1015 aulacis
1034 945 1090 1014 sui
1113 944 1224 1036 coepti
1251 965 1369 1036 magna
1389 941 1460 1012 docti
1481 978 1482 1026 t

245 1045 429 1103 oentteutta
435 1084 502 1102 .....

221 1055 383 1210 p§tw
412 1121 518 1190 Sabas
547 1133 661 1190 autem
695 1143 775 1191 cum
810 1121 913 1212 longo
947 1134 1022 1212 post
1053 1135 1203 1211 tempore
1227 1121 1408 1192 revertisset
1431 1119 1459 1188 ad

220 1216 379 1292 Laurum,
406 1209 623 1281 existimabat
648 1231 683 1280 se
708 1213 927 1280 inventurum
954 1211 1094 1300 quidem
1120 1232 1196 1281 esse
1218 1233 1288 1294 eos,
1315 1212 1370 1302 qui
1391 1209 1461 1298 prius

219 1313 318 1370 erant
342 1298 494 1369 seditiosi
518 1321 557 1368 ex
577 1298 753 1380 iratribus,
781 1300 831 1369 ira
853 1300 1058 1380 remissiore,
1086 1311 1203 1390 utpote
1225 1300 1315 1387 qnod
1340 1303 1482 1388 tempus?

219 1387 310 1478 quod
330 1387 578 1470 intercesserat,
602 1388 751 1458 invidiae
767 1389 916 1478 vigorem
944 1390 1092 1459 multum
1115 1389 1338 1474 tabefecisset,
1358 1401 1387 1458 et
1404 1407 1459 1454 cun
1481 1409 1482 1434 r

218 1477 294 1567 ejus
322 1499 341 1546 e
365 1481 474 1547 Laura
500 1478 773 1568 peregrinatione
806 1499 876 1546 nna
900 1499 1037 1566 quoque
1068 1499 1187 1548 corum
1213 1479 1256 1548 de
1280 1481 1353 1569 ipso
1381 1476 1482 1544 abiret

218 1565 392 1656 cogitatio.
427 1571 496 1635 lloe
525 1579 639 1635 autem
671 1587 737 1636 non
771 1565 817 1635 ita
841 1567 1011 1638 habebat:
1039 1568 1150 1659 magis
1180 1568 1274 1636 enim
1306 1567 1463 1656 vigebatet

217 1655 427 1744 amplificata
452 1667 524 1725 erat
542 1655 763 1743 perturbatio,
785 1668 817 1725 et
831 1669 904 1725 erat
919 1657 1031 1726 acrior
1054 1656 1193 1726 invidia.
1223 1661 1295 1726 Hoc
1319 1677 1390 1724 vero
1405 1653 1462 1721 binc

219 1742 285 1813 luit
310 1743 542 1813 manifestum.
564 1749 634 1814 Non
660 1745 751 1814 enim
779 1744 845 1833 ipsi
875 1744 937 1815 soli
956 1747 1121 1814 adversus
1146 1758 1304 1815 sanctum
1327 1741 1463 1847 parturie-

218 1831 302 1902 bant
323 1832 564 1920 iniquitatem:
592 1832 649 1902 sed
675 1855 755 1902 eum
780 1832 858 1904 aliis
874 1851 1012 1922 quoque
1033 1834 1157 1926 -viginti
1179 1845 1427 1925 persuasissent,
1441 1843 1462 1895 et

219 1941 259 1992 eo
273 1921 364 2008 quod
386 1932 437 1992 est
461 1921 525 1992 sub
547 1920 653 1991 labris
671 1942 800 1992 veneno
820 1943 878 1992 ces
895 1927 940 1992 im
970 1923 1153 2006 ertiissent‚
1177 1937 1245 1993 tota
1262 1923 1319 1993 die
1335 1922 1461 1994 bellicen

217 2009 326 2080 aciem
345 2010 508 2079 adversus
524 2031 602 2078 eum
623 2010 850 2081 instruebant.
871 1946 1057 2104 Quidergo
1078 2011 1136 2081 ille
1155 2011 1196 2080 ad
1219 2013 1333 2083 lraecl
1357 2010 1463 2080 Solebat

218 2098 374 2256 guidem,
395 2099 514 2168 videns
531 2098 675 2168 fratrum
696 2098 878 2189 procedere
895 2100 1069 2170 interitum
1085 2123 1093 2184 ;
1108 2115 1140 2171 et
1152 2101 1228 2189 ejus
1242 2103 1388 2192 graviter
1399 2097 1463 2168 scin·

244 2187 391 2258 ebantur
409 2189 556 2268 viscera;
583 2209 715 2270 eorum,
734 2189 793 2276 qui
811 2191 959 2278 surrenti
980 2188 1127 2270 fuerant,
1148 2189 1396 2280 prolapsionem
1410 2207 1464 2275 per·

216 2277 298 2346 inde
310 2276 522 2364 deplorabat,
538 2289 640 2364 atquc
654 2298 795 2347 suorum
812 2279 1045 2349 membrorum
1063 2279 1349 2368 amputationem.
1368 2273 1462 2347 Deinde

217 2366 319 2436 etiam
348 2365 440 2434 bunc
457 2388 474 2434 a
492 2366 622 2435 ratione
639 2365 790 2436 alienum
812 2365 929 2436 volens
947 2381 1075 2437 motum
1098 2389 1215 2438 eorum
1236 2371 1409 2446 sustinere,
1422 2383 1464 2450 op·
1482 2445 1483 2460 χ

220 2453 369 2543 ponebat
386 2455 456 2522 irae
476 2453 614 2524 illorum
633 2454 819 2536 lenitatem,
836 2455 914 2524 odio
929 2455 1161 2538 dilectionem,
1187 2478 1303 2526 rerum
1325 2456 1462 2526 malarum
1482 2463 1483 2532 t

219 2542 435 2613 meditationi
454 2543 697 2634 benignitatem
717 2567 724 2628 ;
750 2557 788 2614 ut
809 2545 941 2614 reveriti
959 2545 1034 2635 ejus
1051 2545 1367 2627 mansuetudinem,
1385 2544 1463 2612 duce·
1482 2561 1483 2612 t

218 2645 337 2702 rentur
358 2631 577 2720 poenitentia,
597 2644 629 2702 et
649 2654 746 2702 suam
765 2633 908 2702 salutem
932 2632 1182 2704 lucrifacerent.
1206 2639 1290 2704 Cum
1310 2639 1464 2709 autemut

216 2732 267 2789 est
283 2721 317 2789 in
337 2721 527 2809 proverbio,
549 2732 732 2790 conaretur
752 2720 866 2791 lavare
890 2724 1099 2812 Aethiopem,
1119 2737 1151 2792 et
1167 2723 1303 2794 cllrccre
1321 2736 1358 2794 ut
1372 2731 1483 2810 cancer}

217 2820 333 2878 rectus
351 2808 566 2899 ingrediatur
583 2809 685 2900 (nibil
703 2811 795 2878 enim
817 2809 995 2881 dillicilius
1014 2811 1145 2882 dedisci
1167 2825 1289 2902 potest,
1309 2833 1406 2900 quam
1421 2810 1483 2894 im}

245 2897 398 2986 rebitas),
421 2911 453 2966 et
466 2898 594 2968 videret
613 2919 670 2968 eos
685 2899 765 2969 vitio
779 2898 868 2968 ellici
890 2901 1138 3001 magisviriles,
1161 2914 1193 2970 et
1207 2901 1296 2971 nulli
1319 2901 1365 2970 rei
1383 2895 1483 2984 magis}

217 2919 336 3069 luere,
367 3007 470 3073 quam
494 2985 742 3088 impudentiae,
769 3000 812 3070 et,
840 3001 879 3058 ut
898 2989 981 3058 dicit
1001 2989 1218 3062 admirabilis
1239 2991 1369 3070 lsaias‚
1394 3003 1466 3076 spem

218 3074 375 3166 posuisse
397 3075 629 3158 mendacrum,
656 3089 688 3146 et
712 3099 868 3166 sperasse
888 3076 958 3147 lore
986 3091 1024 3147 ut
1051 3099 1090 3147 eo
1110 3091 1380 3169 protegerentur,
1404 3093 1469 3162 quo·

218 3164 309 3232 niam
329 3185 395 3234 non
424 3177 553 3250 poterat
567 3165 618 3234 eis
638 3165 736 3235 aliter
758 3164 898 3248 mederi,
919 3187 1040 3236 rursus
1058 3167 1185 3236 recedit
1203 3167 1245 3236 ad
1266 3181 1378 3257 partes
1394 3165 1470 3258 Nico-

218 3253 329 3344 polis:
356 3264 388 3322 et
412 3252 549 3324 divertit
572 3254 614 3323 ad
640 3254 814 3342 quandam
841 3255 1022 3338 arborem,
1050 3277 1139 3343 quae
1170 3255 1234 3325 lert
1262 3257 1405 3343 siliquas
1425 3249 1471 3320 alt·

217 3355 332 3412 mento
356 3342 495 3431 quidem
522 3355 622 3414 utens
648 3342 743 3413 illius
773 3343 912 3424 fructu,
942 3359 1140 3434 tegumento
1170 3365 1248 3414 vero
1279 3347 1394 3414 ramis.
1422 3335 1469 3408 Sed

218 3435 318 3512 Deus,
337 3446 476 3522 propter
491 3453 592 3520 quem
612 3432 694 3502 baec
707 3454 831 3502 rursus
848 3433 1017 3503 sustinere
1033 3455 1182 3520 aequum
1196 3435 1359 3504 censebat
1372 3431 1469 3502 Sabas.

217 3532 300 3591 tunc
313 3543 450 3609 quoque
466 3542 536 3590 rem
555 3542 638 3591 suae
657 3521 847 3591 curationis
865 3543 901 3592 sa
929 3522 1037 3591 ienter
1053 3523 1202 3592 contexit
1219 3523 1339 3604 Sabae,
1357 3535 1472 3606 atquae

218 3609 396 3680 virobono
417 3621 449 3680 et
469 3609 605 3679 virtutis
621 3611 754 3680 amanti
778 3631 889 3680 merce
916 3633 968 3680 cm
988 3612 1196 3680 conciliavit.
1220 3617 1302 3682 Nam
1322 3632 1398 3680 cum
1422 3607 1471 3674 bor

218 3713 382 3780 curasset,
412 3711 451 3769 ut
470 3700 598 3769 veniret
622 3699 663 3767 ad
694 3699 924 3789 cognitionem
952 3699 1082 3770 domini
1113 3701 1187 3790 agri
1217 3705 1303 3777 terat
1323 3713 1429 3769 autem
1452 3693 1472 3758 is

217 3807 364 3874 quoque,
383 3800 421 3858 ut
440 3799 490 3858 est
506 3801 800 3868 consentaneum,
823 3790 958 3859 amicus
983 3787 1144 3878 virtutis),
1171 3789 1274 3858 efficit
1303 3803 1341 3858 ut
1361 3789 1389 3856 is
1411 3799 1473 3878 niet¹

219 3874 260 3942 ad
286 3897 364 3944 eum
391 3877 577 3959 accederet,
597 3889 629 3944 ct
646 3889 718 3946 tum
745 3877 778 3945 in
804 3879 946 3948 caeteris
970 3879 1044 3968 ejus
1069 3899 1187 3948 curem
1215 3892 1368 3969 gereret,
1395 3895 1429 3943 ae
1449 3890 1472 3936 et

220 3964 431 4052 prdvideret,
465 3979 535 4035 tum
564 3965 686 4034 cellam
715 3987 852 4054 quoquc
879 3967 911 4036 ei
940 3967 1123 4036 excitaret:
1151 3989 1238 4054 quae
1264 3980 1389 4056 postea,
1421 3965 1473 4028 beo

217 4073 315 4142 opem
343 4053 480 4136 lerente,
500 4068 695 4124 constructa
713 4055 777 4125 luit
797 4055 1012 4126 coenobium.
1043 4055 1104 4126 Sed
1127 4078 1206 4125 cum
1225 4057 1330 4125 Sabas
1350 4049 1471 4142 quiden

220 4143 252 4208 in
272 4163 310 4209 eo
336 4141 409 4210 loco
427 4144 476 4210 sic
496 4142 644 4230 degeret,
668 4144 800 4214 scelesti
820 4145 869 4213 illi
890 4145 1115 4226 homunculi,
1138 4159 1171 4214 et
1192 4143 1270 4213 mali
1301 4144 1333 4211 ni
1361 4139 1473 4210 scilicet

218 4229 393 4316 figmenta,
414 4231 476 4312 illi,
498 4231 651 4317 inquam,
674 4232 825 4302 seditiosi
844 4248 875 4301 et
895 4234 1001 4303 tudae
1021 4233 1121 4324 plane
1146 4167 1321 4320 discipuli,
1353 4245 1473 4315 tempus

219 4317 283 4385 sibi
304 4317 378 4384 dari
405 4331 636 4406 opportunum
664 4321 704 4388 ad
732 4320 831 4389 illum
853 4322 1152 4402 calumniandum,
1172 4322 1324 4393 arbitrati
1352 4327 1474 4410 propter

123 4477 126 4484 ,
220 4404 357 4492 longam
386 4403 477 4473 illam
505 4407 567 4475 viri
587 4409 919 4497 peregrinationem:
946 4433 1024 4480 cum
1051 4411 1094 4482 de
1112 4413 1186 4502 ipso
1203 4411 1301 4482 talem
1325 4411 1359 4478 in
1376 4413 1472 4476 Laura
