2994 4832
66 231 162 296 ortu
370 247 410 296 or
434 251 462 296 s.
490 249 614 298 annona
638 248 785 298 ananius.
813 248 924 298 conon.
1195 234 1231 298 ot

65 334 168 401 veniens
186 332 222 402 ad
241 354 305 412 eos,
327 355 381 402 me
397 333 542 423 ingero?
565 333 737 419 quomodo
762 346 868 424 caput
884 345 995 402 erecto
1022 333 1109 402 collo
1134 334 1283 402 circum-

62 419 179 500 ducens,
202 443 310 490 saevos
334 421 452 491 oculos
483 443 516 490 in
549 443 836 509 unumquemque
859 435 1059 510 retorqueo,
1095 434 1201 492 totum
1229 444 1284 492 me

60 531 225 598 componens
250 509 309 591 illi,
334 512 399 580 sub
419 511 520 598 cujus
543 511 687 600 vestigia
711 513 781 580 sint
800 512 916 580 omnia
940 512 1103 580 ruitura?
1126 533 1205 580 cum
1233 522 1283 580 ta-

60 619 114 664 nen
132 599 205 666 iuter
226 599 304 668 baec
377 599 479 668 vidus
502 612 603 686 atque
627 599 783 682 timidus,
812 598 912 690 longe
931 599 1096 686 dejectior
1115 599 1209 669 intus
1232 600 1286 668 in-

58 685 157 766 cedam,
179 709 273 773 quam
290 687 326 758 ul
343 689 353 755 i
379 701 532 788 patescat
547 689 639 762 fidei.
657 711 674 754 »
699 693 790 759 Haec
814 689 888 758 suis
905 689 977 777 ipse
994 689 1036 757 de
1053 711 1089 758 se
1105 689 1285 759 confessus

57 787 102 841 est.
122 779 271 845 Caeterum
291 791 426 864 quoties
450 778 566 847 curiae
592 777 739 846 necdum
768 799 929 866 praesens
953 777 1073 846 adesse
1094 777 1285 846 nunciaba-

58 877 104 943 tur,
119 885 174 933 noo
190 863 301 946 laicus,
329 889 398 934 non
419 867 578 946 clericus,
606 887 674 936 non
701 870 830 947 Comes,
859 887 927 946 non
945 866 1132 954 aliusquis
1149 879 1280 955 potens,

56 971 103 1018 non
120 954 298 1044 Episcopus,
322 977 392 1024 non
418 956 491 1044 ipse
514 955 664 1041 denique
690 959 758 1024 Rex
778 968 939 1044 exceptus
964 969 1026 1036 est,
1055 956 1115 1042 qui
1137 977 1203 1023 non
1224 955 1286 1024 ha-

55 1038 136 1108 bitum
152 1063 241 1111 suum
258 1043 354 1112 aliter
371 1042 551 1124 excoleret,
570 1065 704 1113 comam
722 1055 893 1131 aequaret,
915 1057 1032 1134 gestus
1049 1065 1187 1132 quoque
1203 1065 1284 1112 suos

54 1149 83 1195 eo
99 1144 245 1216 praesente
259 1144 478 1222 temperaret.

88 1217 176 1302 §12
200 1221 369 1310 Prosperis
395 1221 502 1312 igitur
525 1221 745 1291 successibus
769 1222 802 1290 in
830 1221 1130 1292 consummatione
1147 1220 1279 1308 templi,

55 1305 122 1400 quod
142 1322 303 1397 coeperat,
329 1332 443 1390 usus,
471 1309 531 1379 ubi
564 1311 674 1400 magis
706 1311 884 1399 magisque
909 1310 1080 1380 desiderio
1113 1330 1284 1399 supernae

52 1395 235 1477 jucunditatis
261 1398 466 1478 aestuabat,
496 1399 637 1488 exiguos
662 1399 833 1488 deputans
855 1399 1026 1489 praeteriti
1049 1398 1211 1488 temporis
1236 1396 1284 1466 la-

54 1481 147 1562 bores,
169 1487 395 1556 eminentioris
420 1487 533 1556 meriti
561 1507 673 1556 arcem
702 1489 863 1576 cupiebat
892 1487 1160 1576 apprehendere.
1190 1488 1284 1555 Unde

54 1572 172 1640 seeundo
197 1576 296 1664 copiis
329 1576 528 1654 contractis,
558 1581 590 1645 S.
619 1577 753 1664 Georgii
782 1579 945 1665 martyris
975 1575 1153 1645 ecclesiam
1188 1589 1283 1644 extra

55 1677 163 1755 murum
180 1665 387 1744 construxit,
415 1665 541 1734 annuis
567 1664 758 1734 redditibus
782 1665 1042 1744 abundantem,
1070 1666 1167 1752 juxta
1191 1664 1283 1750 quod

56 1748 173 1834 exigebat
187 1751 247 1821 illic
263 1775 327 1822 con
359 1753 488 1842 negatio
512 1753 598 1822 lacta
616 1752 835 1822 clericorum.
854 1753 900 1824 td
916 1753 1018 1823 cu'us
1032 1753 1281 1822 dedicationem

56 1834 119 1903 rotis
137 1841 274 1912 omnibus
292 1775 449 1922 inllians,
470 1841 624 1929 reliquiis
646 1842 734 1911 beati
753 1843 913 1932 martyris
930 1776 1044 1910 adhuc
1063 1842 1284 1928 acquirendis

60 1927 314 2010 praepediebatur:
343 1943 376 2000 et
406 1952 508 2011 ecce,
535 1932 625 2000 sicut
658 1931 732 2020 ipso
764 1930 929 2000 referente
963 1946 1176 2019 compertum
1207 1943 1280 2010 est,

62 2017 266 2099 noctequadam
286 2040 415 2105 sopore
436 2040 587 2108 pressus,
612 2019 771 2089 eumdem
795 2035 981 2106 martyrem
998 2040 1038 2088 ex
1062 2018 1284 2087 interioribus

64 2103 164 2170 oratorii
175 2111 199 2172 S.
217 2109 436 2178 Pantaleonis
461 2129 539 2176 cum
566 2109 697 2198 ingenti
715 2109 859 2178 luminis
883 2107 1075 2194 frequentia
1101 2106 1283 2196 procedere

64 2193 200 2277 conspexit.
221 2201 327 2278 Quem
356 2197 390 2264 in
413 2197 542 2266 amictu
557 2196 841 2285 splendidissimo
858 2195 953 2265 vultu
974 2217 1070 2265 roseo
1089 2195 1279 2284 perfusum,

61 2295 121 2370 cun
134 2280 306 2356 mirantibus
322 2285 435 2354 oculis
450 2284 491 2353 ad
512 2307 632 2354 novam
649 2307 732 2354 suae
744 2285 934 2354 devotionis
949 2284 1114 2354 fabricam
1134 2283 1280 2372 gradum

59 2361 183 2463 dttctisse
204 2374 464 2462 specularetur,
493 2372 552 2444 illo
575 2374 647 2463 jam
673 2374 851 2529 ingresso,
875 2395 951 2443 mox
976 2372 1159 2464 evigilavit.
1187 2372 1283 2440 lllico

55 2449 160 2547 dronae
173 2459 403 2550 inspirationis
427 2461 535 2551 gratia
553 2473 675 2544 tactus,
694 2485 712 2530 a
729 2462 822 2548 iquid
841 2463 914 2532 suis
934 2463 1020 2532 votis
1036 2483 1225 2532 consonum
1248 2463 1283 2530 in

52 2537 97 2608 illo
108 2553 245 2642 persensit
261 2573 409 2620 somno:
438 2551 655 2637 tenebrisque
675 2551 793 2631 finitis,
816 2552 930 2620 omnis
950 2541 1134 2641 impatiens
1152 2571 1278 2626 morae,

49 2645 130 2730 sancti
150 2639 357 2709 Pantaleonis
383 2638 502 2708 adiens
516 2639 719 2720 sacrarium,
735 2641 876 2729 auspice
890 2645 966 2720 Deo,
987 2639 1168 2709 brachium
1186 2659 1283 2727 prae-

48 2715 109 2786 clari
127 2729 271 2816 martyris
286 2727 423 2817 Georgii
437 2727 502 2798 sibi
519 2741 785 2817 praesentatum,
805 2729 954 2798 maxima
968 2745 1047 2797 cum
1067 2727 1284 2797 veneratione

46 2811 184 2909 suscepit:
200 2817 305 2904 idque
322 2817 507 2886 eomitante
528 2816 760 2898 multitudine,
781 2839 859 2886 cum
878 2831 910 2886 et
928 2818 1099 2906 processio
1117 2817 1282 2888 solemnis

45 2895 119 2996 lieret
135 2921 184 2987 per
205 2905 359 2996 vestigia,
382 2927 470 2992 quae
488 2917 591 2974 noctu
609 2917 738 2994 martyr
753 2905 884 2975 calcare
900 2906 994 2975 visus
1011 2919 1072 2988 est,
1092 2905 1133 2974 ad
1153 2907 1281 2986 locum,

45 2981 94 3084 ubi·
105 3007 264 3078 ingressus
287 3007 351 3073 est,
370 2993 549 3080 bajulavit.
568 2999 662 3062 Tunc
679 2993 871 3064 secundum
893 2995 1160 3064 consecrationis
1180 2997 1283 3064 ritum

44 3089 189 3148 insistente
203 3081 293 3151 clero
308 3105 389 3151 cum
413 3082 595 3171 pontifice,
622 3083 911 3172 opportunitatem
939 3084 1108 3152 sermonis
1133 3083 1284 3152 habendi

45 3169 153 3250 tempus
174 3181 204 3237 et
233 3171 331 3241 loeus
354 3171 504 3258 expetiit.
532 3175 680 3260 Repente
705 3172 811 3261 igitur
835 3171 986 3240 tumultu
1011 3171 1202 3250 concitato,
1230 3169 1283 3237 di·

43 3269 157 3322 seorsus
179 3257 256 3328 binc
281 3259 362 3328 inde
381 3259 494 3340 fiebat,
515 3261 652 3328 nemine
675 3259 781 3330 alium
807 3271 1034 3350 exspectante,
1058 3258 1116 3328 sed
1135 3257 1284 3346 singulis

43 3348 343 3438 praeoccupantibus
366 3347 493 3428 locum,
520 3347 580 3434 qui
605 3349 678 3417 voci
704 3347 933 3437 praedicantis
955 3349 1111 3438 Episcopi
1138 3345 1284 3414 vicinior

42 3443 258 3504 aestimaretur.
286 3436 368 3506 aliis
394 3457 471 3506 vero
495 3437 652 3526 parietes,
671 3437 748 3506 aliis
765 3436 885 3507 domos
905 3451 937 3506 et
953 3437 1092 3506 arbores
1116 3455 1285 3504 conscen-

19 3599 20 3604 ,
42 3512 187 3617 dentibus,
203 3523 341 3612 plurimi
358 3523 445 3594 duas
461 3524 671 3615 pergrandes
685 3527 810 3606 trabes,
829 3549 888 3614 per
907 3548 993 3613 quas
1018 3526 1059 3595 ad
1086 3522 1284 3592 aedilicium

19 3649 21 3686 ἰ
43 3621 113 3674 mun
127 3608 307 3696 dispositus
333 3625 405 3682 erat
428 3635 603 3695 ascensus
624 3614 933 3704 circumjacebant,
953 3613 1146 3684 innumeris
1162 3613 1285 3682 subtus

19 3709 84 3758 ‘eas
100 3699 310 3788 conglobatis.
338 3705 352 3770 l
380 3702 447 3770 itur
473 3703 637 3771 omnibus
653 3705 793 3772 arrectis
814 3703 959 3772 auribus
982 3714 1014 3770 et
1041 3702 1151 3772 oculis
1168 3701 1201 3768 in
1226 3721 1285 3770 ora

19 3855 20 3874 ,
41 3724 487 3879 loquentisupiscoptbefixts,
504 3791 617 3860 trabes
628 3813 807 3881 pressurae
821 3791 1029 3860 nimietatem
1043 3812 1109 3860 oon
1123 3789 1280 3870 ferentes,

19 3887 21 3928 t
45 3886 104 3968 tum
119 3872 240 3966 fragore
266 3900 393 3968 magno
416 3891 631 3959 corruerunt,
656 3881 699 3948 iis
721 3879 781 3967 qui
810 3901 915 3968 super
938 3900 996 3948 eas
1016 3893 1136 3959 erant,
1161 3879 1288 3968 pariter

19 3955 75 4042 ,rd
96 3961 241 4036 iuferiora
268 3967 474 4038 labentibus.
502 3972 655 4055 Cumque
680 3968 803 4038 molem
830 3968 1004 4038 ruentium
1036 3967 1137 4038 turba
1162 3967 1285 4037 subtus

46 4055 115 4145 stam
135 4059 335 4145 excepisset,
361 4055 548 4126 clamaret
573 4078 764 4127 concursus
790 4057 912 4146 ingens
936 4069 1074 4126 exortus
1098 4068 1160 4137 est,
1189 4055 1285 4126 nullo

48 4128 204 4224 dubitante,
226 4145 498 4234 magnitudinem
527 4144 671 4234 periculi
697 4156 821 4215 mortes
848 4143 1078 4233 plurimorum
1097 4145 1282 4235 peregisse.

49 4220 93 4286 bed
107 4241 271 4316 postquam
290 4233 378 4302 facto
403 4232 550 4313 silentio,
580 4233 712 4303 nullius
734 4233 895 4304 laesionis
913 4235 1093 4324 vestigium
1113 4235 1147 4302 in
1170 4234 1286 4318 aliquo

51 4323 190 4394 ilbodum
212 4333 282 4402 est,
317 4322 428 4411 major
456 4321 570 4392 laudis
601 4334 633 4390 et
664 4321 933 4391 admirationum
961 4345 1019 4392 vox
1051 4323 1093 4392 ab
1122 4322 1286 4390 omnibus
