2946 4798
26 281 91 344 bit.
113 281 150 345 28
350 302 390 348 nn
414 301 459 348 ss.
487 302 576 360 anon,
603 302 710 350 nonna
735 301 803 349 ore.
830 301 886 346 uu.
1150 283 1212 346 {iii

24 405 101 452 aures
117 383 291 455 inconditis
317 386 469 468 vocibuS,
496 385 610 456 stultis
626 381 738 456 autern
756 386 880 476 figuris
896 406 1015 454 eorum
1036 383 1146 455 oculis
1163 383 1225 453 adl
1243 425 1258 435 -

25 493 82 541 reus
103 471 300 544 molestiam:
326 488 359 545 et
385 496 633 563 nonnunquam
658 475 708 544 eis
733 495 892 568 somnum
919 473 1076 543 adimens
1100 472 1260 574 clamori·

23 561 79 642 hus,
102 573 129 630 et
151 561 197 632 cis
213 563 354 635 omnino
378 563 568 635 molestiam
588 563 757 644 adserens,
785 585 852 633 non
867 562 979 632 solum
996 562 1046 632 vel
1064 563 1161 631 inviti
1182 585 1258 632 eam

23 650 135 719 mittunt
155 651 194 720 ad
219 653 449 736 Christianos,
476 653 567 742 quod
591 654 733 741 quidem
757 674 797 721 ea
816 652 956 743 jamdiu
986 650 1168 741 cupiebat,
1197 652 1255 724 sed

21 738 97 806 etiarn
115 737 265 820 latentur,
293 740 372 811 licet
393 743 557 826 nolentes
576 741 847 812 Christianorum
867 740 1066 830 potentiam.
1085 739 1283 810 lacedem-t

21 838 56 894 tes
75 828 154 896 enim
178 828 216 898 ad
243 831 470 914 Eunuchum,
497 833 715 901 vehementer
740 831 917 922 rogabant,
946 840 1040 898 ntea
1066 830 1257 899 mitteretur

18 913 48 981 ad
63 914 265 988 Christianos.
284 925 367 990 rore
381 920 474 990 enirn
487 920 658 1002 dicebant,
680 932 719 990 ut
735 932 767 989 et
791 919 857 1010 ipsi
875 918 1105 988 liberarentur
1124 941 1141 987 a
1164 918 1256 988 malo

20 1023 71 1070 oon
86 1003 251 1088 tolerabili,
269 1021 303 1078 et
318 1009 375 1078 illa
389 1010 432 1078 ab
449 1009 535 1099 ipsis
552 1009 813 1099 quamprimum
831 1019 1022 1077 curaretur.
1042 1011 1127 1077 Sunt
1150 1008 1255 1088 enim,

17 1089 158 1175 licebant,
182 1096 271 1186 apud
292 1119 355 1167 nos
373 1097 433 1167 alii
449 1119 585 1186 quoque
600 1099 630 1166 ei
648 1098 782 1168 insania
800 1096 942 1177 similes,
962 1117 1060 1183 quos,
1081 1096 1257 1166 nescimus

17 1181 176 1265 quomodo,
202 1185 367 1257 dicuntur
394 1209 528 1269 sanare,
555 1201 586 1256 et
610 1186 721 1256 lacere
750 1200 787 1254 ut
807 1185 875 1254 sint
895 1207 997 1255 sanae
1023 1186 1157 1256 mentis.
1187 1189 1257 1253 Hoc

18 1266 60 1334 illi
80 1271 197 1356 quidem
217 1295 278 1363 pro
296 1297 332 1345 se
350 1276 532 1364 petierunt,
552 1276 730 1366 cupientes
750 1274 889 1344 liberari
906 1274 949 1343 ab
967 1275 1062 1343 omni
1080 1273 1256 1344 molestia:

19 1359 90 1426 licus
110 1374 209 1430 autem
232 1362 265 1432 id
284 1363 374 1450 quod
402 1365 496 1454 virgo
522 1367 677 1455 impense
701 1363 872 1453 cupiebat,
893 1362 974 1432 lacit
998 1374 1036 1462 ut
1050 1362 1079 1431 ei
1094 1362 1259 1432 succedat

16 1464 46 1512 cr
66 1448 112 1514 sui
131 1451 229 1519 animi
257 1452 436 1523 sententia.
470 1453 670 1523 Nesciebant
698 1455 863 1532 enimse,
890 1464 928 1521 ut
952 1451 1099 1531 dicitur,
1126 1471 1254 1540 equum

16 1531 42 1600 in
62 1555 203 1627 campum
225 1541 422 1623 immittere,
449 1553 481 1611 et
504 1541 709 1632 delphinum
729 1542 761 1610 in
782 1563 919 1628 aquam.
938 1539 1039 1609 audit
1057 1539 1138 1608 haec
1155 1547 1256 1610 Prae-

16 1618 111 1704 iectus,
131 1640 159 1696 et
174 1629 318 1720 cupiens
344 1631 415 1719 ipse
439 1653 577 1718 quoque
593 1630 732 1700 liberari
751 1628 815 1698 hac
833 1631 907 1719 ejus
924 1649 1019 1710 cura,
1040 1629 1154 1698 statim
1176 1651 1256 1698 san-

17 1723 88 1780 ctum
111 1715 302 1788 anthimum
327 1719 414 1809 (erat
434 1733 546 1789 autem
566 1719 623 1788 hic
640 1731 722 1789 tunc
738 1717 954 1788 Nicomediae
974 1717 1165 1806 Episcopus
1182 1730 1272 1807 post.

18 1801 168 1894 tyrillum)
182 1807 337 1877 accersit.
364 1809 531 1890 Quicum
557 1807 671 1877 statim
697 1806 908 1888 accessisset,
936 1818 978 1890 et,
1000 1818 1039 1874 ut
1062 1807 1122 1893 qui
1147 1829 1166 1875 a
1192 1811 1257 1876 lieo

17 1891 170 1979 accepisset
193 1897 347 1965 notitiam
374 1917 504 1978 eorum,
524 1919 612 1984 quae
628 1910 725 1966 erant
741 1896 775 1965 in
794 1895 965 1985 profundo
982 1894 1108 1976 cordis,
1129 1895 1256 1983 spiritu

17 1983 160 2066 cognoscit
181 1983 221 2052 de
247 1984 402 2074 virgine:
429 1997 461 2054 et
485 1987 577 2067 cuni,
627 2007 708 2054 uam
739 1983 907 2074 profunda
930 1984 1099 2072 sapientia
1123 1983 1188 2052 sub
1213 1983 1258 2052 si-

18 2065 171 2166 mulatione
194 2073 360 2143 stultitiae
381 2073 510 2156 lateret,
534 2007 767 2155 intellexisset,
787 2073 859 2162 ipse
879 2073 1019 2160 quidem
1042 2086 1159 2142 tacens
1175 2093 1256 2141 con-

18 2165 97 2250 stitit:
118 2161 207 2250 virgo
230 2185 311 2232 vero
335 2185 414 2232 cum
441 2162 600 2232 similiter
622 2162 764 2233 vidisset
787 2161 998 2241 Pontificem,
1022 2160 1158 2231 nullum
1184 2182 1257 2230 am-

19 2239 92 2340 plius
105 2267 173 2334 prae
188 2272 223 2319 se
240 2251 371 2321 larebat
386 2251 536 2321 furorem
555 2263 614 2321 aut
629 2251 833 2320 amentiam:
850 2250 909 2319 sed
926 2250 1068 2339 perinde
1085 2272 1124 2319 ac
1140 2250 1148 2316 i
1178 2271 1255 2318 sum

19 2327 94 2428 illius
112 2337 302 2428 adspectum
329 2340 484 2422 reverita,
504 2361 540 2409 se
558 2339 730 2410 moderate
747 2339 885 2430 gerebat
904 2353 935 2408 et
953 2337 1098 2429 placide,
1119 2360 1137 2406 a
1164 2360 1202 2407 eo
1220 2350 1258 2406 ut

20 2435 70 2503 ipsi
88 2425 133 2512 qui
149 2429 290 2498 aderant
307 2442 496 2518 stuperent,
519 2429 776 2498 considerantes
792 2442 956 2518 quantam
977 2429 1043 2496 vim
1067 2427 1189 2496 habeat
1204 2426 1255 2496 vel

18 2505 103 2578 solum
125 2531 326 2607 conspectus
343 2519 421 2618 pius
437 2517 571 2589 oculus.
591 2517 784 2587 Praefectus
801 2539 881 2606 ergo
901 2517 1031 2606 rogavit
1047 2516 1256 2606 Episcopum

17 2607 44 2690 tit
63 2619 232 2674 assumeret
266 2605 448 2696 virginem,
477 2627 555 2676 cum
581 2628 620 2675 ea
645 2619 758 2676 autem
788 2606 889 2674 etiam
917 2605 1034 2675 lndem
1049 2628 1060 2705 z·
1083 2618 1116 2674 et
1139 2616 1176 2673 ut
1191 2625 1258 2705 ¹eos

18 2703 40 2748 tn
58 2708 139 2760 sacra
153 2693 267 2782 aliqua
286 2694 369 2764 aede
385 2695 532 2764 traderet
548 2695 582 2764 in
600 2694 792 2765 custodiam
813 2695 1003 2763 honestam.
1029 2692 1137 2762 Simul
1153 2705 1256 2762 atram

16 2769 87 2844 dedit
112 2785 281 2866 pecunias,
310 2805 398 2871 quac
422 2784 464 2854 ad
491 2783 693 2854 alimentum
720 2782 916 2853 sufficerent
939 2796 972 2852 et
995 2804 1079 2851 usus
1103 2781 1258 2872 corporis

15 2868 204 2940 necessarios.
231 2872 295 2942 Ille
315 2885 429 2942 autern
456 2873 520 2942 hos
543 2872 684 2960 quidem
705 2871 803 2942 valde
824 2871 982 2942 lubenter
1006 2871 1168 2961 suscepit,
1197 2870 1256 2942 sed

14 2967 63 3049 ton
84 2957 175 3028 etiarn
194 2959 372 3050 pecuniae.
400 2965 464 3031 Eos
484 2983 563 3030 vero
588 2961 682 3031 misit
700 2960 741 3030 ad
760 2960 933 3048 quoddam
958 2961 1203 3031 monasterium
1224 2960 1253 3041 ⁴,

13 3035 64 3107 dm
85 3063 145 3114 non
160 3063 280 3136 potest,
299 3062 469 3138 quantum
488 3049 665 3129 laetaniae,
685 3049 775 3138 quod
795 3049 1016 3121 successisset
1031 3051 1080 3118 eis
1097 3062 1256 3140 coeptum

14 3148 42 3192 tr
56 3139 219 3206 sententia.

45 3218 119 3301 li).
142 3229 215 3294 lam
242 3237 357 3296 autem
383 3225 589 3297 Maximiano
623 3238 705 3297 tunc
738 3239 848 3297 erecta
877 3238 975 3295 erant
1004 3228 1166 3317 trophaea
1197 3225 1256 3296 ad-

11 3319 105 3377 versus
128 3311 298 3396 inimicae,
317 3319 383 3383 Deo
407 3315 436 3382 ei
458 3315 631 3404 sapienter
656 3316 743 3385 viam
769 3316 942 3404 aperiente
967 3314 1009 3383 ud
1035 3317 1195 3396 salutem,
1218 3328 1257 3383 ut

12 3412 70 3461 itm
88 3403 294 3485 quaesiisset,
316 3403 498 3488 cujusnam
523 3425 629 3474 manu
645 3404 729 3474 haec
750 3416 838 3474 reate
858 3417 1069 3495 gererentur,
1090 3425 1256 3495 agnosce-

14 3493 49 3576 ttt
68 3488 242 3562 raritatem.
271 3491 332 3562 Sed
354 3491 410 3560 ille
428 3493 461 3560 in
489 3492 543 3561 his
562 3493 662 3584 plane
686 3494 891 3570 caecutiens,
920 3493 1062 3563 deorum
1084 3495 1144 3581 qui
1168 3490 1255 3562 falso

11 3563 155 3660 licuntur,
174 3579 302 3651 auxilio
322 3580 540 3650 adscribebat
558 3583 750 3652 victoriam:
769 3596 801 3652 et
819 3594 950 3651 tantum
970 3585 1099 3663 aberat,
1121 3595 1159 3651 ut
1177 3603 1257 3651 vero

16 3657 62 3726 llio
81 3680 185 3754 ageret
236 3669 360 3751 retias,
390 3683 429 3739 ut
454 3671 555 3739 etiam
584 3683 780 3762 properaret
803 3671 968 3742 adversus
994 3675 1097 3740 [teum
1125 3665 1255 3740 bellurn

15 3763 121 3842 ittera:
145 3693 272 3828 stallis
298 3757 507 3848 postpositis,
534 3761 605 3828 acri
622 3761 739 3829 animo
756 3759 957 3829 armabatur
979 3757 1144 3830 adversus
1161 3759 1257 3829 Chri-

16 3843 139 3924 stauos,
164 3846 392 3917 daemonibus
409 3846 493 3918 lesta
542 3869 686 3938 erogans
710 3861 742 3918 et
766 3849 948 3930 sacrificia,
976 3849 1110 3919 etiamsi
1145 3849 1257 3938 primo

17 3922 160 4012 tuipinam
179 3935 301 4023 pellem
327 3935 487 4017 induens,
507 3869 607 4006 lonis
624 3951 656 4006 et
673 3937 862 4006 honoribus
882 3937 969 4006 clam
997 3959 1032 4006 se
1056 3937 1256 4006 insinuabat

19 4025 42 4073 tn
61 4021 163 4106 populi
186 4023 477 4104 benevolentiam,
504 4039 536 4096 et
560 4048 658 4096 suam
684 4048 759 4096 esse
784 4039 905 4096 tectam
932 4025 1065 4096 volebat
1090 4025 1255 4115 improbi-

19 4105 104 4172 tatem.
127 4109 305 4184 Theatrum
323 4113 438 4201 ltaque
457 4111 776 4202 frequentissimum
793 4115 836 4184 ab
856 4135 895 4184 eo
912 4113 977 4185 suit
991 4127 1251 4205 congregatum.

19 4239 48 4327 m*
58 4247 109 4292 tiano
120 4257 181 4300 audio
195 4260 223 4301 de
237 4259 383 4302 monastario
396 4259 522 4310 virgiuum,
539 4259 603 4300 houd
619 4261 643 4299 id
655 4258 698 4300 tibi
708 4261 816 4301 videatur
826 4259 918 4308 (scribit
928 4259 1044 4302 Batonius
1054 4263 1079 4300 in
1089 4263 1217 4306 Atinatibus,
1228 4262 1257 4320 ad

43 4303 84 4338 oum
96 4307 133 4354 tot,
145 4312 172 4352 de
186 4313 227 4352 hoo
241 4311 413 4354 nicomediensi
422 4313 587 4362 persecutione
599 4315 669 4354 rerba
683 4315 781 4364 socians)
793 4323 845 4355 osse
855 4325 949 4359 novum.
959 4315 1205 4364 quandoquidcmjam
1216 4315 1257 4354 dtu

19 4348 123 4450 illinita?
135 4364 243 4414 lerenius¹
259 4368 425 4418 Apostolorum
442 4365 582 4418 discipulus,
598 4365 707 4407 meminit
723 4367 753 4408 do
770 4366 878 4418 collegiis
895 4369 1013 4418 virginum
1029 4377 1073 4408 suo
1090 4369 1195 4417 tempore
1212 4370 1257 4408 ext-
