2932 4812
23 269 71 330 dt.
97 271 143 333 3t.
299 289 337 334 ou
361 289 388 336 s.
416 287 590 335 sruvasrno
615 288 694 333 rura
717 287 755 333 atr
778 285 926 334 ocurras.
1142 267 1205 332 593

23 371 169 440 scandum
195 384 227 441 et
252 372 389 441 tertium
415 393 484 452 coe,
510 372 570 459 qui
595 371 838 458 sequebantur,
858 381 890 439 et
905 369 1067 459 deinceps
1083 368 1248 456 reliquos;

23 473 113 528 ertum
139 471 251 530 autern
278 473 311 530 et
334 460 532 549 septimum,
560 461 587 529 si
613 471 747 550 spectes
768 480 864 540 eam,
890 479 978 545 quae
1005 480 1024 527 a
1050 459 1160 547 primo
1186 459 1249 538 tit,

23 549 287 630 numerationem,
314 548 413 618 illum
440 549 579 636 quidem
606 548 829 617 nominarent
849 567 1073 638 parasceven,
1097 568 1135 616 eo
1159 546 1253 634 quod

23 657 84 704 reo
107 636 218 708 abeis
243 638 480 726 parabantur,
514 659 601 725 quae
636 649 733 706 erant
756 635 798 706 ad
824 637 1008 727 septimum
1040 636 1253 721 necessaria;

23 725 144 794 uoniam
170 726 203 794 in
222 726 283 795 illo
307 727 448 796 vetitum
469 740 540 796 erat
556 725 695 795 ludaeis
718 726 864 815 operari,
885 725 1159 814 septimoautem
1179 745 1255 814 pro·

24 815 217 899 terquietem
240 817 285 885 ab
302 815 477 905 operibus
505 815 637 884 sabbati
659 835 783 884 nomen
804 814 1063 904 imposuissent,
1091 815 1254 901 quoniam

23 922 87 969 reo
108 905 248 973 cessavit
276 909 408 974 Deusa
438 905 608 974 creatione
640 925 758 974 eorum
794 923 882 990 quae
915 902 1075 972 videntur
1112 902 1257 971 Romani

23 1001 99 1059 utem
118 1005 287 1073 vocarent,
306 993 458 1081 primum
475 992 628 1080 quidem,
649 992 738 1061 diem
757 992 859 1073 Solis·
872 1013 929 1062 eos
949 1003 1062 1061 autem
1084 992 1145 1081 qui
1162 990 1257 1060 dein·

24 1098 75 1164 cps
94 1093 358 1169 consequuntur,
377 1082 509 1164 Lunae,
529 1083 656 1162 Martis,
675 1081 845 1162 Mercurii,
863 1080 969 1161 lovis,
992 1081 1132 1148 Veneris
1152 1092 1184 1148 et
1200 1085 1257 1150 Sa·

23 1167 98 1243 urni,
121 1169 188 1256 ipse
211 1171 336 1241 beatus
361 1170 540 1259 sylvester,
561 1169 696 1239 dierum
727 1171 880 1251 nomina,
912 1191 1038 1255 quaea
1069 1168 1256 1259 gentilibus

23 1268 91 1349 arant
106 1256 272 1348 imposita,
300 1259 477 1350 abrogavit
494 1272 631 1349 propter
654 1258 792 1328 illorum
813 1258 1035 1348 impietatem,
1056 1279 1144 1346 quae
1161 1256 1254 1347 apud

23 1343 154 1416 lebraeos
177 1360 293 1417 autem
327 1362 424 1416 erant
454 1369 572 1418 eorum
606 1348 770 1421 nomina.
798 1359 835 1416 ut
858 1368 949 1434 quae
971 1367 990 1416 a
1015 1352 1105 1416 Mose
1130 1348 1257 1436 scripta

23 1446 97 1512 nunt,
120 1436 175 1521 qui
200 1440 307 1506 neum
332 1436 430 1517 vidit,
457 1436 607 1516 admisit,
635 1435 743 1507 solius
769 1437 872 1525 primi
896 1446 1028 1506 mutato
1052 1437 1202 1517 nomine,
1225 1448 1258 1504 et

23 1534 156 1591 avocato
178 1526 379 1606 Dominico‚
399 1538 579 1616 propterea
602 1524 692 1612 quod
718 1526 753 1594 in
779 1547 818 1594 eo
843 1547 862 1593 a
887 1524 1031 1594 mortuis
1056 1526 1259 1593 surrexisset

23 1610 163 1682 lominus.
178 1613 226 1683 ub
239 1635 279 1684 eo
296 1635 366 1704 quo
392 1636 434 1684 ue
448 1627 499 1684 est
513 1614 751 1697 constitutum,
767 1635 810 1683 ne
829 1614 1046 1770 jejunaretur
1062 1613 1215 1684 sabbatis
1228 1612 1255 1677 *.

23 1697 164 1770 lamcum
191 1635 428 1773 Occidentalles
448 1703 645 1791 jejunarent
668 1703 839 1783 sabbatis,
889 1725 929 1771 oo
960 1701 1102 1771 minime
1131 1702 1260 1791 placuit

23 1784 226 1880 trientalibus,
255 1791 452 1862 dicentibus
480 1812 549 1872 eos,
579 1791 638 1878 qui
660 1792 709 1860 sic
737 1791 890 1872 faciunt,
924 1792 1021 1878 sequi
1050 1811 1178 1860 morem
1199 1790 1258 1858 lu-

23 1869 137 1945 laicum.
163 1881 224 1950 llic
248 1893 365 1952 autern
391 1901 445 1949 ma
474 1901 540 1950 nus
564 1891 681 1969 pater,
708 1903 787 1950 cum
821 1880 1025 1950 decrevisset
1052 1891 1092 1948 ut
1121 1879 1154 1947 in
1191 1898 1260 1946 uno

447 1903 506 2048 llas
538 1969 571 2037 in
597 1991 665 2056 quo
689 1971 855 2040 Dominus
879 1969 993 2038 adhuc
1018 1968 1105 2037 situs
1129 1979 1201 2036 erat
1224 1967 1260 2034 in

23 2051 169 2136 sepulcro,
198 2058 375 2146 jejunium
412 2057 589 2148 abrogavit
622 2057 657 2126 in
691 2058 845 2146 reliquis.
880 2059 967 2126 Hinc
1004 2057 1039 2125 in
1072 2077 1150 2125 eum
1181 2066 1262 2124 sunt

23 2151 125 2291 infimae
146 2146 235 2234 apud
261 2151 436 2217 Romanos
467 2147 691 2228 calumniae,
718 2156 756 2216 ut
779 2148 838 2234 qui
871 2147 999 2236 patrios
1022 2167 1141 2215 eorum
1175 2144 1261 2212 ritus

32 2243 132 2300 neret.

58 2313 118 2396 ll.
140 2325 220 2392 Cum
255 2336 372 2394 autem
402 2323 669 2413 congrederetur
698 2345 778 2392 cum
804 2323 1015 2414 gentilibus,
1042 2335 1075 2393 et
1102 2331 1262 2412 argueret

23 1959 131 2034 sabbato
149 1967 349 2056 jejunarent
376 1968 443 2040 lide

24 2418 68 2469 ros
88 2425 142 2476 non
167 2423 255 2482 recte
279 2412 406 2482 sentire
431 2411 473 2481 de
497 2417 575 2492 Deo,
602 2433 680 2482 cum
706 2410 834 2482 fabulis
857 2412 1045 2494 crederent,
1072 2423 1104 2479 et
1128 2409 1262 2496 eosqui

23 2507 73 2586 ¹th
94 2513 217 2581 essent,
244 2501 330 2572 deos
354 2513 538 2588 putarent,
564 2501 615 2569 illi
640 2501 780 2590 signum
806 2501 849 2570 ab
877 2523 916 2570 eo
941 2501 1113 2590 petierunt
1143 2500 1176 2568 in
1203 2519 1262 2566 no·

23 2597 94 2648 minc
113 2586 204 2674 ejus,
232 2591 293 2678 qui
317 2591 425 2660 abeo
453 2589 727 2680 praedicabatur.
765 2589 909 2679 Signum
941 2601 1055 2659 autem
1090 2588 1154 2657 tale
1185 2586 1261 2656 luit.

23 2666 106 2765 [traco
128 2678 295 2750 maximus
320 2677 496 2748 habitabat
519 2678 553 2746 in
580 2677 751 2766 profunda
776 2677 942 2769 spelunca
967 2678 1065 2768 juxta
1091 2688 1261 2756 montem,

23 2759 124 2864 [jurab
145 2764 191 2834 eis
215 2766 415 2838 nominatus
441 2765 553 2836 luerat
577 2767 752 2856 Tar-pejus
779 2767 814 2835 in
840 2789 909 2856 quo
931 2767 1034 2836 etiam
1058 2765 1263 2836 collocatum

24 2845 207 2938 lapitolium.
241 2857 278 2926 Ei
304 2866 418 2925 autem
444 2855 585 2925 draconi
617 2869 859 2944 quotoquoque
884 2877 1000 2925 mense
1030 2855 1193 2925 alimenta
1222 2853 1266 2922 ab

24 2947 61 3026 ns
74 2934 164 3032 ¹large
184 2943 510 3034 suppeditabantur:
535 2965 625 3032 quae
639 2943 780 3030 quidam
806 2946 1082 3035 praestigiatores
1102 2965 1180 3012 cum
1199 2944 1266 3012 vir·

26 3023 141 3103 gruibus
152 3029 433 3102 incantatricibus
445 3045 672 3115 assumentes,
689 3033 723 3100 in
741 3031 836 3102 illam
850 3033 1051 3123 speluncam
1066 3031 1267 3124 permultos

26 3109 130 3206 §lodus
146 3115 407 3202 descendebant,
435 3122 519 3191 etin
540 3143 579 3190 ca
596 3122 786 3191 execranda
802 3134 1003 3212 peragentes
1028 3123 1202 3213 mysteria,
1231 3119 1266 3188 in

27 3198 129 3276 lubus
150 3207 242 3279 nulla
266 3211 416 3302 insignis
441 3209 556 3280 deerat
580 3211 803 3291 abominatio,
830 3210 902 3281 illic
926 3211 1013 3282 cibis
1038 3211 1189 3289 relictis,
1217 3229 1268 3278 re·

28 3289 223 3366 vertebantur.
251 3300 358 3369 Certis
382 3310 496 3369 autem
523 3300 738 3388 temporibus
758 3299 861 3370 draco
891 3312 1029 3391 repente
1053 3299 1265 3380 ascendens,

28 3365 98 3444 iuras
112 3382 242 3466 quidem
270 3408 336 3457 non
362 3387 621 3479 egredicbatur=
647 3386 707 3456 sed
730 3387 848 3478 jacens
864 3389 898 3458 in
915 3389 1074 3481 ingressu
1091 3409 1266 3468 cavernae,

30 3473 165 3565 ltuenato
186 3475 341 3547 anhelitu
363 3476 608 3566 corrumpebat
630 3479 766 3558 adrem,
792 3499 832 3547 ex
857 3499 925 3566 quo
950 3499 1042 3549 mors
1066 3479 1270 3549 afferebatur

31 3563 143 3637 nornis,
168 3566 275 3656 magis
298 3577 412 3636 autem
437 3564 642 3635 imminebat
664 3566 824 3636 interitus
847 3567 1050 3637 infantibus.
1079 3568 1166 3637 Huic
1190 3587 1270 3658 crgo

33 3629 139 3730 beluae,
162 3651 306 3739 ajebant,
333 3656 361 3724 si
387 3654 445 3724 Dei
471 3654 520 3723 tui
543 3654 756 3724 invocatione
780 3675 962 3726 ascensum
989 3657 1217 3748 prohibueris,
1239 3669 1271 3725 et

35 3741 56 3787 ⁵¹
75 3747 130 3802 tlon
152 3743 299 3825 omnino,
322 3755 356 3813 at
379 3764 418 3812 eo
442 3755 532 3813 certe
556 3755 734 3832 tempore,
763 3755 793 3814 tc
816 3765 891 3815 esse
914 3745 983 3814 veri
1012 3745 1068 3814 Dei
1079 3745 1271 3836 opraedica·

38 3819 119 3888 torum
141 3831 381 3916 reputabimus,
408 3831 506 3901 etad
531 3853 609 3901 eum
636 3832 853 3914 accedemus,
879 3844 911 3902 et
929 3833 1140 3923 ipsum-esse
1165 3839 1271 3902 Deum

40 3916 85 3996 ¹¹98
105 3929 226 4002 quoqne
251 3919 505 3990 confitebimur.
531 3921 747 4010 Apostolicus
772 3934 885 3992 autem
913 3922 965 3992 vir
987 3922 1045 3992 illc
1068 3923 1117 3994 eis
1134 3942 1273 4010 respon-

41 3982 96 4055 l¹l²
118 4005 169 4088 {tl
190 4009 252 4078 lieo
274 4009 428 4098 quidem,
455 4009 514 4096 qui
539 4031 557 4078 a
584 4032 637 4079 me
662 4010 893 4100 praedicatur,
921 4010 1006 4081 nihil
1032 4023 1083 4082 est
1106 4011 1271 4094 omnino,

44 4081 111 4154 quod
130 4109 190 4160 uon
213 4099 319 4185 possit
341 4098 429 4168 lieri.
456 4103 530 4181 Quo
554 4099 645 4168 circa
663 4099 827 4171 facillime
843 4101 932 4170 lianc
947 4113 1098 4171 nostram
1118 4098 1276 4191 implebit

68 4271 222 4332 *lausonam
237 4293 278 4336 hoc
297 4303 406 4346 quoquest
422 4303 502 4336 omnes
518 4295 589 4342 entra,
606 4294 695 4338 summi
706 4294 837 4340 Pontifices,
847 4298 962 4347 simorum
977 4297 1115 4338 tredtttouea
1131 4298 1277 4340 fidelitaruc·

48 4324 121 4406 &aba
131 4337 213 4384 sabbati
224 4347 340 4396 jejunium
355 4349 528 4390 observandum
543 4359 636 4400 semper
650 4351 777 4394 curararum
790 4347 886 4399 ipseque
897 4352 1016 4400 sylvester
1027 4361 1080 4392 cum
1091 4351 1194 4398 Graecis,
1204 4354 1244 4402 qut
1254 4352 1277 4392 id

65 4375 118 4424 olere
129 4387 254 4447 nitebantur,
263 4403 350 4443 oerlter
360 4400 490 4442 contendit.

108 4468 590 4546 aerumnosa-tutan.
1161 4482 1199 4542 ³8
