2946 4798
227 289 292 354 itta
533 305 572 352 nr
595 305 641 352 ss.
669 303 833 352 rusonono
857 305 895 352 nr
918 303 1106 352 rusoraanrr
1297 283 1372 349 hitt.
1393 285 1423 346 'zi

183 393 258 482 ejus
275 389 570 480 reprehensiones.
583 389 718 490 ‚Deinde
740 389 843 459 etiam
868 410 950 459 eum
976 387 1146 469 accersiit,
1175 399 1206 457 et
1239 385 1426 456 familiariter

183 502 263 551 eum
280 493 331 550 est
345 478 526 554 allocutus,
547 499 673 570 rogans
688 478 849 566 quisnam
870 490 970 558 esset,
993 492 1026 549 et
1050 477 1144 548 unde
1160 476 1300 556 veniret,
1318 473 1423 561 etquid

184 568 249 639 sibi
279 567 378 637 vellet
397 567 457 636 illa
482 587 575 637 mera
599 580 632 638 et
655 568 794 637 incauta
829 565 968 636 dicendi
1004 566 1157 638 libertas.
1191 563 1253 635 ille
1286 575 1384 634 antem
1403 577 1426 630 et

184 657 358 750 significat
385 655 544 747 patriam,
573 668 606 726 et
636 677 738 726 suum
767 676 807 726 er
834 655 1026 728 Palaestina
1050 654 1237 726 adventum
1263 653 1424 724 renunciat

184 761 217 818 et
240 746 330 834 quod
356 745 526 815 statuebat
554 765 622 814 non
647 757 803 835 oportere
827 744 877 814 vel
903 745 994 836 apud
1021 749 1268 834 Imperatorem
1295 764 1329 812 se
1356 739 1425 810 adi-

185 835 293 908 cendo
317 834 513 924 reprimere,
540 832 679 991 guando
704 833 832 904 videret
860 838 1000 924 Regem,
1020 835 1079 922 qui
1105 845 1157 904 est
1176 833 1209 901 in
1239 829 1354 908 coelis,
1369 829 1425 898 alle

186 938 278 996 ctum
300 923 439 1013 injuria.
460 923 540 992 Dein
569 945 587 992 e
610 923 720 1013 aperit
743 923 926 1012 dogmata,
946 922 1044 992 docet
1069 922 1234 992 honorem
1261 920 1422 989 divinarum

188 1013 394 1102 imaginum.
414 1015 453 1080 Et
472 1033 552 1081 cum
573 1011 639 1082 alia
657 1010 810 1093 dixisset,
832 1023 865 1081 et
888 1010 1068 1096 adjecisset
1096 1011 1160 1080 hoc
1186 1031 1263 1080 esse
1290 1007 1421 1078 indicium

189 1101 293 1173 nostri
319 1101 353 1170 in
386 1100 558 1171 Christum
584 1100 772 1182 desiderii,
802 1112 834 1170 ei
857 1098 1106 1171 confessionem
1136 1098 1180 1168 ab
1209 1120 1252 1168 eo
1283 1108 1425 1184 susceptae

187 1189 313 1271 carnis,
331 1188 456 1258 deinde
473 1188 619 1260 destruit
640 1189 832 1280 propositas
852 1188 896 1258 ab
916 1189 975 1259 illo
991 1189 1223 1276 quaestiones,
1241 1185 1312 1256 lide
1324 1183 1427 1256 Christi.

187 1293 219 1350 et
235 1280 357 1348 virtute
374 1279 544 1348 sermonis
566 1293 599 1348 et
618 1279 774 1367 spiritus.
794 1283 976 1366 Postquam
997 1291 1111 1348 autem
1135 1288 1209 1367 posi
1233 1276 1351 1355 multa,
1368 1292 1430 1361 quae

189 1370 357 1438 intereos
381 1366 472 1436 dicia
500 1379 593 1450 sunt,
620 1366 788 1436 Theodori
812 1368 920 1436 oratio
945 1367 1123 1438 victoriam
1148 1376 1199 1435 est
1227 1364 1294 1435 ade
1321 1377 1359 1444 ta,
1383 1359 1431 1452 pri·

190 1479 283 1526 mum
314 1457 459 1525 miratur
482 1459 682 1546 Imperator.
714 1455 840 1524 Deinde
868 1455 970 1525 etiam
995 1457 1026 1525 ei
1051 1455 1174 1545 incipit
1198 1387 1361 1532 blandiri,
1386 1463 1431 1519 ton

188 1546 304 1615 animo
324 1545 536 1617 contendens
555 1545 654 1615 talem
675 1545 784 1613 virum
812 1545 846 1612 in
872 1565 970 1616 suam
997 1543 1151 1635 redigere
1168 1555 1378 1634 potestatem,
1394 1559 1433 1630 per

187 1655 289 1723 quem
318 1633 444 1706 multos
471 1645 560 1706 esset
583 1645 823 1722 superaturus.
842 1637 1025 1721 Postquam
1058 1655 1137 1704 vero
1161 1631 1249 1702 vidit
1282 1654 1357 1702 eum
1378 1645 1432 1696 ase

188 1723 264 1813 capi
287 1743 353 1794 non
381 1743 491 1814 posse:
517 1744 595 1792 nam
612 1721 678 1791 tale
692 1721 777 1810 quid
793 1722 895 1791 etiam
921 1721 1014 1812 apud
1031 1743 1110 1792 eum
1129 1721 1314 1812 adjecerat,
1331 1719 1431 1788 dicens:

189 1835 207 1878 c
232 1809 367 1882 Oblitus
391 1833 428 1882 cs
451 1831 569 1883 eorum
593 1833 682 1898 quae
708 1813 773 1880 ileo
798 1810 999 1900 promisisti,
1026 1832 1047 1880 o
1071 1815 1282 1900 Imperator,
1316 1825 1431 1898 quorun

190 1903 395 1972 intercessor
409 1899 475 1970 luit
495 1923 643 1992 magnus
660 1899 823 1981 Pontifex,
838 1899 978 1987 quando
998 1911 1057 1970 tuo
1073 1899 1178 1989 capiti
1203 1895 1431 1990 imperatoriam

189 1989 355 2080 imposuit
379 2011 539 2059 coronam
565 1989 594 2058 ⁴.
627 1993 730 2058 Parce
755 2001 832 2058 tuae
856 1989 1015 2070 animae,
1042 2001 1075 2058 et
1100 1989 1196 2078 prius
1219 1991 1432 2058 ornamentum

190 2079 330 2149 restitue
347 2078 528 2159 Ecclesiae,
551 2089 584 2148 et
608 2077 678 2148 noli
696 2099 851 2168 pugnare
870 2099 949 2148 cum
977 2083 1043 2146 Deo
1062 2078 1158 2166 justo
1172 2076 1297 2167 judice
1319 2088 1350 2146 et
1367 2073 1430 2142 lorti.

189 2168 323 2238 etiamsi
351 2189 418 2237 non
444 2166 598 2253 quotidie
626 2167 713 2236 iram
740 2165 863 2236 inserat
898 2178 1036 2256 propter
1064 2187 1238 2236 summam
1273 2163 1452 2254 benignita,

190 2271 271 2328 tem.
291 2279 310 2324 c
328 2261 418 2326 ilaec
441 2255 498 2325 ille
518 2255 657 2346 quidem
685 2257 735 2326 sic
754 2253 846 2345 apud
871 2275 950 2324 eum
971 2254 1077 2325 libere
1092 2267 1144 2325 est
1161 2254 1313 2326 locutus.

235 2349 253 2434 ξ
276 2347 315 2418 8.
339 2350 529 2434 Imperator
553 2356 666 2414 autem
693 2343 805 2414 soluto
826 2355 1000 2433 praetextu
1017 2343 1181 2425 lenitatis,
1201 2344 1237 2412 in
1261 2346 1346 2415 iram
1363 2342 1433 2410 eth·

191 2455 302 2504 rorem
328 2433 454 2524 erupit,
476 2443 509 2502 et
535 2433 666 2524 rogavit
690 2455 733 2502 an
759 2445 847 2504 esset
873 2431 1000 2520 aliquis
1021 2431 1175 2522 ejusdem
1201 2433 1313 2503 animi
1333 2445 1362 2500 et
1382 2447 1434 2521 sen·

192 2524 315 2593 tentiae
341 2523 374 2592 in
395 2521 529 2611 pietate,
549 2523 648 2612 cujus
665 2535 737 2592 erat
761 2520 970 2592 Theodorus.
989 2526 1171 2609 Postquam
1198 2543 1280 2594 vero
1304 2517 1434 2590 intellexit

191 2611 233 2682 de
255 2611 360 2680 fratre
383 2611 457 2700 ejus
481 2610 710 2700 Theophane,
741 2624 772 2680 et
797 2609 887 2698 quod
917 2631 984 2680 non
1010 2610 1130 2681 minus
1159 2631 1265 2696 quam
1294 2621 1434 2680 naturan.

191 2712 370 2772 conservat
405 2701 437 2768 in
477 2699 698 2790 dogmatibus
733 2699 973 2790 cognationem
997 2713 1030 2769 et
1058 2699 1321 2780 fraternitatem,
1345 2693 1437 2766 ambit

192 2789 253 2858 diu
277 2789 396 2879 llagris
420 2809 549 2868 caesos,
568 2789 776 2859 condemnat
799 2801 838 2859 ut
861 2787 1057 2878 relegentur
1080 2787 1122 2858 ad
1149 2789 1277 2858 ostium
1307 2784 1392 2858 Ponti
1404 2780 1427 2809 ⁸

188 2877 316 2968 jubens
341 2878 514 2948 neminem
539 2877 588 2947 eis
613 2878 788 2968 impertire
809 2899 871 2948 nec
895 2877 1026 2959 cibum,
1046 2899 1109 2946 nec
1134 2891 1267 2966 potum,
1288 2899 1348 2946 nec
1366 2881 1438 2940 resir-

196 2978 363 3036 mentum:
385 2988 403 3032 a
423 2971 463 3036 Ut
484 2965 577 3048 mali,
597 2965 720 3056 inquit,
741 2967 789 3036 sic
811 2967 900 3036 male
924 2977 1126 3037 atterantur.
1145 2965 1245 3036 »Sed
1269 2973 1436 3057 Tyrannum

192 3053 332 3142 quidem
360 3055 562 3144 improbitas
587 3056 636 3124 sic
660 3053 804 3124 docebat
827 3055 950 3126 lacere.
969 3055 1060 3126 Nihil
1085 3066 1136 3124 est
1151 3056 1243 3125 enim
1265 3055 1355 3136 mali,
1370 3041 1437 3136 qnod

194 3165 261 3213 non
283 3143 327 3214 sit
343 3143 495 3245 injustus
511 3165 587 3214 arre
614 3157 725 3214 turus.
745 3147 828 3213 Cum
854 3158 968 3214 autem
996 3165 1062 3214 non
1088 3144 1151 3216 diu
1169 3143 1358 3216 dIstulissct
1374 3142 1437 3209 irco

195 3237 303 3312 Dens,
326 3254 385 3334 qui
411 3233 503 3320 juste
533 3234 575 3324 ju
602 3233 693 3316 icat,
726 3253 793 3301 non
822 3233 970 3303 multum
1002 3234 1166 3324 temporis
1194 3231 1397 3304 intercessit.
1417 3233 1437 3288 et

195 3324 345 3409 iste,qu1
371 3333 403 3392 et
429 3343 551 3392 nomen
584 3336 616 3393 et
647 3345 717 3392 rem
744 3321 893 3392 habebat
924 3343 1004 3390 cnm
1031 3322 1111 3392 ieris
1139 3343 1368 3396 communem,
1387 3332 1438 3384 11111

194 3433 272 3480 cum
299 3410 480 3500 tyrannide
505 3410 581 3480 ilnit
601 3411 702 3480 vitam
717 3410 780 3479 aaa·
800 3415 845 3480 De
862 3409 976 3482 medio
995 3411 1087 3480 enim
1108 3411 1238 3482 tollitur
1256 3435 1274 3480 a
1290 3403 1436 3482 liichalh.

193 3501 249 3570 cui
266 3521 455 3602 cognomen
472 3511 544 3569 erat
567 3507 686 3584 τραυλός
701 3499 734 3568 id
752 3511 814 3580 est,
828 3499 955 3570 Balbus
972 3499 1055 3582 acca,
1077 3499 1177 3581 male,
1196 3514 1233 3570 ui
1248 3501 1353 3590 ajunt,
1371 3489 1438 3563 malo

196 3588 385 3659 remedium
412 3586 581 3658 adserens
603 3593 681 3658 Erat
704 3600 817 3658 autem
835 3589 909 3658 dies
929 3589 1056 3660 natalis
1073 3589 1210 3670 Christi,
1225 3589 1364 3680 ejusque
1380 3601 1438 3652 san·

195 3678 273 3768 guis
288 3676 488 3759 ellunditur,
507 3698 574 3747 non
600 3689 638 3747 nt
661 3677 812 3766 alicujus
829 3699 867 3746 ex
886 3675 1089 3760 insentibus,
1109 3679 1168 3766 qui
1193 3700 1255 3768 pro
1284 3677 1373 3748 nobis
1391 3675 1437 3740 Ilat

196 3778 274 3836 nato
286 3767 504 3838 offerebatur:
523 3765 580 3838 sed
601 3767 714 3857 potius
731 3778 768 3836 ut
784 3766 893 3837 Herod
901 3766 939 3850 is,
958 3779 996 3836 ut
1011 3766 1119 3837 lueret
1135 3788 1264 3857 poenas
1281 3765 1436 3853 multarunt

195 3868 392 3928 sanctarum
408 3855 619 3936 animarum,
638 3855 672 3924 in
687 3877 773 3943 ques
788 3855 845 3926 ille
858 3869 1055 3928 exercuerat
1070 3856 1302 3944 tyrannidem.
1315 3849 1435 3948 Suscipit

196 3969 273 4016 cero
298 3957 439 4016 sanctus
462 3943 559 4016 locus
587 3945 776 4034 piaculum,
794 3957 869 4016 eto
900 3944 1015 4015 divina
1050 3947 1103 4016 Dei
1125 3945 1271 4036 judicia,
1299 3947 1375 4034 ipsa.
1400 3955 1435 4001 m·

195 4055 312 4124 quam,
345 4056 402 4103 ara
428 4055 532 4120 quam
559 4034 632 4123 ipse
663 4033 838 4114 lelellerat,
872 4035 1075 4124 promittens
1106 4055 1144 4104 se
1170 4034 1254 4104 nihil
1290 4039 1434 4103 sacmruit

220 4215 233 4238 ⁰
247 4215 305 4257 cum
315 4219 379 4260 tunc,
389 4211 486 4259 scillcet.
495 4214 543 4255 Leo
553 4217 677 4256 Armenius
686 4225 713 4256 se
723 4215 865 4256 catholicam
874 4216 945 4256 iidem
954 4215 1105 4256 servaturum
1115 4213 1270 4266 promisisset

222 4269 249 4296 ¹¹*
264 4271 352 4318 Nempe
362 4270 386 4308 in
397 4267 511 4316 Bosphori
523 4270 624 4317 quadum
634 4269 719 4316 insuia.
729 4270 758 4309 sd
768 4267 856 4310 ostium
867 4270 935 4309 Ponti
945 4268 1037 4310 Euxini.

223 4320 264 4348 Μ
278 4324 312 4362 De
326 4323 430 4370 ejusdem
446 4321 516 4361 caede
530 4322 584 4362 cide
601 4323 719 4371 aripertus.
737 4323 784 4362 Leo
800 4323 927 4364 armenius
943 4323 1048 4374 optimus
1063 4319 1150 4362 inisset
1166 4324 1303 4370 imperator,
1313 4316 1331 4358 ri
1349 4313 1435 4353 ceramo

197 4379 255 4417 ques
265 4382 278 4410 e
288 4375 374 4413 natura
383 4374 505 4420 habuerat,
515 4373 655 4416 crudelitate
665 4377 688 4415 iu
698 4385 762 4420 anca,
770 4377 794 4416 et
804 4377 926 4424 impietate
936 4376 961 4416 ln
970 4378 1107 4420 veneramen
1117 4377 1241 4417 foedum.

224 4423 277 4451 m*
292 4427 316 4464 la
326 4435 338 4464 e
348 4427 442 4466 sordido
452 4428 503 4467 ioco
514 4429 583 4468 natus
594 4433 637 4470 cst.
647 4429 735 4470 Bcibna
745 4432 768 4470 et
780 4428 936 4471 avarissimus
946 4427 997 4470 iuit.
1008 4427 1071 4470 Obiit
1083 4439 1144 4470 anno
1153 4431 1198 4470 82⁹.
