2932 4812
233 271 295 336 568
504 288 543 335 na
567 287 593 335 s.
621 286 728 336 rantra
750 287 898 336 aacntnr.
925 287 1138 338 cantuarien.
1298 271 1370 336 ntt.
1391 271 1420 334 ‘ll

189 384 351 456 maneret,
378 373 590 459 ubicumque
614 372 679 444 sibi
704 373 817 444 visum
837 385 936 443 esset.
965 373 1028 443 Sed
1056 373 1089 443 id
1115 387 1187 445 tum
1208 375 1371 452 recusavit,
1389 395 1419 442 tte

92 547 97 556 ,
184 464 267 556 Regi
287 461 429 554 angliae
454 461 643 532 molestiam
669 461 854 543 exhiberet,
873 474 933 532 aut
956 461 1057 532 illum
1083 463 1211 554 injuria
1235 463 1370 532 allecissa
1385 461 1418 530 ti-

183 552 333 624 deretur.
362 555 529 622 Utautem
551 549 593 620 ad
620 550 830 621 Ludovicnm
858 571 970 641 regem
989 552 1074 622 haec
1091 551 1221 643 perlata
1245 565 1418 638 santonus

185 640 380 733 properavit
404 639 658 719 Pontiniacum‚
691 641 887 711 convocatis
915 639 1080 711 iratribus
1104 641 1234 732 gratias
1261 641 1336 732 egit,
1355 637 1418 727 qnod

183 745 277 802 tanto
301 728 495 820 colligendo
521 727 666 817 bospite,
687 729 866 800 Franciam
891 728 1129 801 honorassent.
1146 735 1230 800 Cum
1252 743 1356 801 autem
1374 733 1419 796 llet

186 820 284 890 illum
317 839 434 888 secum
459 815 655 897 abduceret,
683 816 847 908 lacrymis
871 837 948 886 eum
978 820 1150 908 prosecuti
1180 833 1263 892 sunt
1287 815 1419 888 monachi,

187 929 354 980 memores
376 928 446 995 qua
474 904 740 976 mansuetudine
772 918 805 975 et
830 904 1022 977 humililate
1052 907 1142 978 inter
1166 908 1273 1000 ipsos,
1301 920 1330 978 et
1349 903 1418 993 quasi

187 1019 280 1068 unus
294 1018 334 1066 ex
353 995 451 1084 ipsis,
470 993 608 1064 vixisset
622 994 724 1064 annis
739 993 879 1065 duobus
897 994 926 1062 ⁴.

234 1089 251 1174 ξ
275 1089 345 1157 Ιὸ.
373 1081 563 1154 Perductus
577 1096 628 1154 est
643 1097 756 1153 autem
773 1082 816 1153 ad
833 1082 929 1154 alind
947 1085 1194 1156 monasterium
1214 1090 1248 1156 S.
1265 1083 1418 1156 Columbo.

189 1175 423 1265 propinquum
449 1171 653 1254 Senonibus,
680 1185 783 1258 atque
806 1170 878 1241 illic
903 1171 1156 1244 officiosissime
1173 1187 1333 1266 exceptus
1350 1169 1422 1240 ani·

189 1263 306 1334 nistris
323 1263 436 1354 Regis.
456 1262 517 1347 qui
531 1283 570 1332 eo
587 1261 768 1352 praemissi
793 1259 941 1344 fuerant,
960 1275 1108 1349 quatuor
1132 1261 1207 1332 illic
1232 1265 1329 1334 annis
1351 1257 1422 1349 regiis

189 1353 356 1441 impensis
381 1363 591 1421 sustentatus
608 1361 669 1420 est.
688 1349 854 1420 Licuisset
879 1349 930 1420 illi
947 1350 1011 1420 hoc
1027 1352 1138 1442 spatio
1157 1353 1257 1442 apud
1277 1353 1422 1442 Episcopo

187 1454 219 1510 et
235 1441 516 1532 archiepiscopos
533 1438 715 1519 demorari,
735 1438 785 1507 uti
805 1439 906 1509 etiam
932 1438 1087 1511 oblatum
1111 1441 1142 1510 ei
1167 1439 1248 1526 luit,
1271 1441 1327 1514 sed
1340 1440 1420 1530 ignen

187 1529 296 1599 divini
319 1531 460 1608 amoris,
486 1549 555 1619 quo
572 1541 663 1599 totus
675 1527 746 1616 jam
772 1527 925 1607 ardebat,
944 1531 979 1597 in
1006 1527 1142 1599 silentio
1165 1528 1282 1601 fovere
1303 1529 1420 1618 cupiens

187 1619 315 1689 vitabat
334 1618 526 1709 publicum,
548 1638 650 1687 omne
666 1628 815 1705 tempus,
835 1615 944 1686 noctis
964 1619 1178 1707 praesertim,
1200 1621 1309 1690 sacris
1329 1619 1422 1706 inpet-

186 1706 273 1776 dens
298 1707 589 1786 meditationibus,
612 1704 839 1786 orationibus,
861 1707 1119 1796 compunctioni
1135 1718 1168 1778 et
1188 1708 1358 1800 lacrymis,
1373 1703 1421 1798 ott·

187 1797 252 1866 bus
277 1796 425 1866 multum
451 1793 650 1866 abundavit.
679 1791 742 1863 Sed
761 1792 850 1864 banc
874 1793 949 1884 ejus
975 1817 1090 1885 pacem
1117 1809 1149 1866 et
1173 1797 1263 1866 vidit
1285 1809 1317 1866 et
1337 1789 1420 1865 inridit

187 1883 378 1955 virulentus
398 1889 512 1965 Satan,
533 1903 721 1972 rursusque
738 1884 922 1952 commovit
938 1888 1062 1973 Regem
1081 1885 1253 1958 adversus
1274 1907 1348 1956 eum
1368 1901 1420 1951 cot·

188 1973 275 2044 siliis
286 1975 486 2065 impiorum,
498 1973 627 2060 quibus
638 1972 727 2041 hanc
737 1971 946 2042 discordiam
961 1973 1074 2062 potius
1087 1973 1349 2046 adscribendam
1364 1988 1419 2040 esa.

87 2087 92 2098 ·
187 2084 292 2150 quam
319 2064 413 2152 Regi,
435 2074 468 2132 et
483 2061 556 2150 ipse
571 2061 622 2130 vir
639 2071 780 2131 sanctus
797 2060 946 2152 scripsit,
972 2074 1006 2131 et
1021 2083 1083 2132 nos
1103 2063 1295 2136 oredimus.
1313 2067 1421 2134 donato

187 2165 237 2220 est
266 2157 334 2220 Rex
364 2151 576 2221 Ludovicnm
606 2147 768 2220 Francius
801 2169 915 2248 regem
946 2149 1142 2221 abalienare
1166 2153 1215 2223 ab
1245 2148 1421 2236 collidebat

186 2241 280 2310 enim
300 2239 385 2309 nibil
405 2261 439 2311 se
450 2239 480 2309 ei
499 2261 620 2309 nocere
638 2259 749 2330 posse,
768 2237 834 2306 nisi
848 2237 906 2307 tlle
921 2240 1140 2310 consentiret.
1163 2236 1422 2312 Instituitorduc

188 2351 266 2399 rum
291 2334 422 2420 Regum
447 2327 670 2415 colloquium,
695 2338 859 2396 tractatur
873 2326 915 2396 de
933 2349 1016 2417 pace
1038 2343 1071 2398 et
1094 2331 1285 2401 concordia
1300 2329 1422 2409 deinceps

187 2418 373 2488 servanda:
396 2417 536 2506 juratur
558 2417 733 2506 utrinque,
761 2427 922 2485 neutrum
948 2417 1088 2487 alterius
1113 2418 1250 2489 hostem
1272 2420 1305 2488 in
1328 2431 1421 2488 snare·

187 2529 255 2598 gno
280 2506 517 2577 toleraturum.
544 2511 662 2575 Postea
687 2503 781 2574 aliud
807 2503 914 2574 voluit
938 2527 994 2576 rex
1018 2506 1159 2596 angliae
1182 2531 1266 2578 cum
1292 2501 1420 2594 tudano

187 2618 265 2688 rege
289 2596 416 2666 habere
439 2594 672 2681 colloquium:
709 2593 766 2662 sed
792 2614 872 2663 cum
903 2615 971 2664 non
1000 2595 1151 2665 sinerent
1181 2595 1341 2668 Ludovici
1361 2607 1421 2677 rega

186 2685 376 2756 consiliarii
398 2705 477 2754 eum
504 2683 554 2752 illi
574 2682 746 2771 colloquio
773 2681 904 2762 adesse,
925 2683 1044 2754 videns
1067 2683 1212 2775 angliae
1240 2692 1308 2756 Rex
1330 2683 1420 2752 frustra

187 2796 222 2844 se
248 2775 321 2855 niti,
349 2773 468 2844 scribit
493 2771 662 2842 Ludovico
678 2771 763 2861 regi,
783 2771 896 2861 ipsum
917 2785 1036 2842 contra
1052 2788 1151 2862 pacta
1168 2785 1332 2844 conventa
1348 2783 1420 2839 suun

186 2876 219 2932 et
244 2862 341 2953 regni
362 2863 417 2933 sni
442 2861 571 2931 bostem
598 2859 777 2950 publicum
808 2857 932 2928 lovere.
958 2861 1153 2934 Ludovicus
1177 2885 1238 2934 rex
1265 2855 1420 2952 respondet

187 2950 317 3020 nullam
340 2949 592 3041 archiepiscopi
618 2949 652 3018 in
674 2949 716 3018 iis
735 2949 843 3037 pactis
866 2951 1044 3020 conventis
1061 2949 1215 3022 habitam
1235 2951 1419 3038 mentioned¹

230 3041 247 3127 ξ
271 3043 345 3112 16.
374 3039 437 3109 Sed
458 3041 531 3130 J'am
554 3036 617 3108 viri
641 3037 750 3107 sancti
777 3037 990 3108 conversatio
1010 3039 1239 3112 describenda
1258 3053 1317 3121 est,
1340 3030 1422 3124 qualo

185 3150 224 3198 ea
248 3127 398 3198 fueritin
420 3127 485 3198 boc
510 3127 641 3210 exsilio,
659 3137 697 3196 ut
714 3124 826 3195 videat
850 3124 965 3210 lector,
982 3127 1124 3220 dignam
1144 3129 1422 3218 commisceante

186 3218 350 3308 martyrio
374 3229 685 3287 consummaretur.
712 3213 834 3285 Nullus
858 3235 937 3286 eum
963 3215 1037 3287 dies
1061 3217 1288 3289 dormientem
1307 3221 1420 3304 repentg

186 3329 263 3377 raro
287 3308 321 3376 in
347 3305 434 3376 lecto
457 3305 607 3387 cubavit,
630 3304 698 3373 nisi
722 3303 837 3395 gravis
856 3303 1053 3377 immineret
1070 3305 1226 3378 morbus.
1249 3307 1383 3376 Primum
1401 3314 1421 3360 tt

186 3396 353 3478 studium,
372 3394 500 3464 divinis
518 3395 680 3464 interesse
698 3391 873 3473 laudibus,
890 3415 970 3463 cnm
996 3416 1135 3466 summa
1157 3396 1333 3466 devotione
1348 3401 1374 3459 et
1388 3403 1422 3452 rt

184 3486 336 3554 verentia
359 3483 474 3553 divina
503 3484 666 3572 mysteria
695 3481 879 3552 celebrare.
910 3487 988 3552 Post
1017 3484 1194 3555 absolutas
1247 3503 1334 3554 reces
1356 3492 1421 3546 con·

186 3593 321 3654 munes,
346 3573 435 3642 intra
449 3571 651 3643 cubiculum
671 3591 772 3642 suum
788 3570 891 3640 eorde
906 3572 1053 3643 contrito
1068 3585 1101 3643 et
1116 3507 1298 3644 humiliato
1313 3563 1420 3638 vacabat

184 3662 382 3764 gemitibus,
408 3661 552 3732 orationi
577 3673 611 3732 et
633 3659 809 3762 lacrymis,
837 3660 989 3750 seipsum
1004 3661 1158 3749 qnotidie
1182 3662 1323 3735 hostiam
1338 3656 1418 3723 ritant

184 3750 369 3821 tmmolans
395 3755 472 3820 Deo.
500 3751 569 3820 Sub
594 3748 731 3841 prandti
757 3747 911 3818 horama
940 3771 1065 3832 ressos,
1085 3771 1164 3821 cum
1191 3747 1382 3846 pauperibus
1398 3745 1419 3800 ct

184 3840 315 3910 familia
340 3839 498 3910 sumebat
521 3840 695 3911 cibuml
719 3836 816 3907 nullo
839 3837 899 3924 qui
926 3860 979 3908 em
995 3839 1162 3910 abstinuit
1186 3841 1273 3920 cibo,
1290 3833 1418 3926 qutesstl

184 3929 393 4020 propositus,
420 3940 457 3998 ut
480 3928 600 3998 vitaret
624 3925 805 3998 hominum
824 3925 963 3997 laudes:
989 3928 1048 3998 sed
1064 3950 1104 3999 ex
1120 3929 1281 3999 omnibus
1303 3920 1418 4006 sumptll

184 4019 396 4108 parcissime.
418 4020 569 4108 surgens
586 4039 604 4086 a
621 4037 752 4091 mensa,
775 4034 843 4084 non
869 4016 937 4086 otio
952 4029 1016 4087 'aut
1036 4016 1175 4102 fabulis,
1204 4015 1258 4088 sed
1283 4030 1366 4110 sacra
1384 4002 1415 4068 lt·

183 4109 295 4178 ctione
319 4105 481 4197 pascebat
504 4106 670 4187 animam,
698 4104 748 4174 vel
768 4103 974 4195 loquebatur
992 4105 1035 4176 de
1055 4107 1158 4178 rebus
1184 4118 1375 4195 necessarns.
1394 4097 1417 4185 tl

184 4192 370 4268 familiares
395 4216 477 4265 suos
493 4195 704 4265 instituebat.
720 4199 820 4263 Nocte
836 4215 916 4264 cum
935 4193 1055 4276 lectus,
1072 4207 1110 4266 ut
1126 4195 1263 4266 decebat
1278 4186 1415 4276 arctop-

185 4300 341 4370 scopum,
360 4283 502 4354 mundis
517 4295 550 4353 et
568 4283 726 4373 pretiosis
739 4283 905 4354 instratus
921 4295 1010 4354 esset
1027 4284 1151 4374 pannis
1167 4296 1200 4355 et
1217 4279 1412 4374 operimento·

210 4403 223 4428 ¹
237 4403 259 4443 s.
269 4404 369 4447 rhomo·
380 4409 547 4450 amonasterlo
556 4406 730 4452 Pontiniaccnrl
740 4409 861 4460 prolectns
872 4411 908 4452 est
918 4419 979 4451 anno
991 4408 1049 4450 tlte.
