2932 4812
225 275 288 338 562
498 291 536 338 ne
559 291 587 338 s.
614 286 721 336 raons
745 287 892 336 arentur.
919 288 1131 338 claruimus.
1287 269 1358 334 llEC.
1378 272 1408 332 att

181 378 377 465 dispereant
393 375 471 464 ipsi,
491 375 520 444 si
537 373 631 444 ullus
656 373 768 442 malus
791 373 891 442 dolus
908 374 953 443 sit
967 375 1002 442 in
1018 374 1135 443 animo
1159 375 1259 464 Regis
1277 373 1406 442 adsersus

180 487 273 535 eum:
302 464 478 552 multaque
495 463 549 532 his
568 461 634 532 alia
652 461 821 550 adjiciunt
843 483 922 531 curn
949 462 1124 552 lacrymis,
1150 463 1276 550 quibus
1293 460 1341 530 ille
1359 483 1407 529 non

183 575 304 643 parum
332 565 444 622 motus
459 550 534 631 luit,
554 551 645 638 quod
664 552 765 620 sciret
783 548 859 619 illos
875 573 949 620 esse
967 551 1047 621 fidei
1065 565 1098 622 et
1116 551 1263 622 veritatis
1278 563 1406 620 amantes.

181 642 328 712 Credcns
351 662 431 730 ergo
452 640 555 710 tantis
576 639 669 720 viris,
690 638 826 728 publice
844 639 1040 730 spopondit,
1067 661 1103 711 se
1127 639 1218 709 bona
1246 639 1308 710 lide
1326 661 1409 708 sena·
1461 665 1465 673 ·

182 745 297 801 turum
324 729 416 820 leges
439 741 471 798 et
498 728 766 798 consuetudines
792 728 901 818 regni.
931 733 999 798 Rex
1023 727 1225 799 confestim:
1245 727 1405 802 «Audistis,

182 820 305 905 inquit,
331 817 414 904 quid
433 817 629 907 promiserit
645 816 942 906 brchiepiscopus.
962 817 1042 886 llolo
1065 840 1158 908 ergo,
1179 831 1216 886 ut
1239 817 1321 886 idem
1339 835 1405 905 prae-

181 910 286 998 cipiat
301 908 403 976 etiam
429 907 506 976 aliis
530 907 720 995 Episcopis.
741 905 920 974 alitilia:
948 929 966 972 «
992 907 1163 986 Permitto,
1184 927 1201 972 »
1220 907 1406 994 inquiquor·

181 1019 248 1083 que
264 1016 440 1065 assensere
455 1015 585 1064 omnes.
605 999 708 1065 Porro
728 1007 840 1064 autem
859 999 927 1065 Rex
944 997 1045 1064 etiam
1062 994 1200 1084 adjecit,
1219 1009 1257 1065 ut
1270 995 1318 1064 avi
1331 992 1405 1082 ipsius

182 1083 319 1154 Henrici
346 1084 448 1174 Regis
473 1083 563 1172 leges
588 1081 891 1160 recitarentur,'et
915 1083 1028 1173 sigillo
1052 1083 1307 1173 archiepiscopi
1328 1079 1407 1150 nuni·

183 1187 311 1243 rentur.
331 1176 415 1240 Tum
433 1172 573 1241 demum
589 1173 740 1242 sentiens
759 1172 1045 1261 hrchiepiscopus
1061 1171 1195 1250 dolum,
1215 1194 1313 1259 quem
1329 1169 1409 1256 suspi-

182 1275 279 1332 catus
296 1273 379 1338 erat‚
399 1261 598 1348 interposita
619 1259 697 1340 lide,
720 1281 823 1348 quam
849 1261 994 1330 debebat
1019 1265 1103 1332 Deo:
1130 1284 1149 1327 a
1174 1263 1304 1343 Isthuc,
1320 1259 1411 1345 iuquit

183 1349 452 1438 haudquaquam
471 1349 538 1430 fiet,
557 1349 714 1436 quaudiu
733 1348 764 1416 in
785 1348 849 1418 boc
866 1347 1005 1420 vasculo
1026 1349 1170 1439 spirabit
1185 1349 1270 1419 haec
1284 1349 1412 1418 anima.»

182 1439 329 1508 Advertit
354 1437 465 1527 plane,
485 1461 588 1524 quam
616 1459 741 1506 vanum
766 1451 799 1505 et
823 1439 1095 1508 commentitium
1121 1453 1222 1522 esset,
1244 1439 1331 1526 quod
1346 1437 1413 1504 dire·

182 1541 259 1597 rant
283 1527 462 1597 domestici
490 1526 603 1616 Regis
626 1526 786 1612 quicum
809 1526 852 1594 ad
876 1525 1161 1596 consentiendum
1188 1527 1310 1597 hortati
1334 1537 1412 1599 erant,

183 1637 361 1702 nunquam
387 1614 464 1686 illas
489 1615 580 1706 leges
605 1615 639 1682 in
666 1615 794 1703 scripta
818 1614 994 1686 redactum
1025 1616 1079 1696 iri,
1105 1637 1285 1702 nunquam
1309 1613 1413 1684 illarum

181 1703 343 1804 deinceps
368 1704 577 1773 mentionem
602 1702 695 1785 lore,
726 1702 784 1773 sed
815 1708 965 1793 Regem,
994 1705 1022 1774 si
1047 1705 1149 1775 verbo
1174 1717 1307 1774 tantum
1328 1721 1414 1794 caran

183 1793 381 1883 proceribus
397 1793 585 1862 honoratus
600 1805 688 1861 esset
705 1791 748 1861 ab
764 1813 815 1870 eo,
834 1794 976 1863 omnino
995 1814 1174 1863 cessurum
1193 1790 1413 1882 Arcbiepiscopr

181 1881 359 1952 voluntati.
385 1885 515 1968 Itaque,
534 1880 747 1969 deprehensa
771 1879 902 1963 fraude,
930 1881 1130 1951 medullitus
1158 1881 1412 1952 contristabatur:

182 1993 242 2041 nec
261 1970 301 2039 id
325 1970 417 2057 quod
443 1970 605 2056 deceptus
637 1969 783 2049 lecerat,
814 1969 957 2059 impune
984 1971 1080 2040 abire
1108 1970 1237 2050 rolens,
1267 1971 1309 2040 ab
1332 1967 1416 2038 allicio

182 2059 302 2130 Missae
327 2081 362 2130 se
379 2059 571 2148 suspendit,
591 2081 695 2147 supra
722 2057 862 2128 modum
889 2059 996 2128 iratus
1020 2059 1087 2128 sibi
1118 2060 1126 2128 i
1155 2060 1197 2129 si·
1225 2059 1335 2150 ajebat
1361 2075 1414 2123 rero

181 2147 223 2217 ad
249 2170 351 2219 suos:
380 2169 397 2213 a
424 2148 499 2216 Scio
531 2147 743 2216 damnationi
767 2145 967 2228 obnoxium,
1000 2147 1092 2235 quod
1121 2083 1281 2226 iluimus,
1310 2148 1335 2216 si
1354 2163 1415 2212 sana

182 2237 324 2306 intentio
340 2235 373 2304 id
388 2257 454 2304 non
472 2248 657 2304 excusaret.
674 2235 816 2304 »Noluit
831 2250 944 2305 autem
961 2237 1081 2308 Missae
1097 2236 1208 2307 lacere
1224 2234 1413 2308 sacrificium.

182 2327 248 2394 nisi
299 2325 370 2393 rius
394 2337 481 2393 esset
504 2346 524 2392 a
548 2323 689 2394 domino
713 2329 803 2412 Papa
817 2324 1016 2408 absolutus.

225 2417 242 2502 §
265 2348 306 2486 g.
324 2418 475 2495 Quantas
495 2427 609 2482 autem
635 2413 795 2483 habuerit
816 2411 903 2493 lites,
920 2426 1068 2500 quantas
1084 2437 1104 2482 a
1120 2419 1213 2504 Rege
1232 2427 1265 2484 ct
1282 2409 1414 2496 ministris

181 2503 256 2604 ejus
282 2501 458 2602 pertulerit
482 2501 629 2588 injurias
654 2501 697 2572 ob
722 2501 977 2572 Ecclesiasticae
1007 2502 1174 2573 libertatis
1200 2502 1413 2574 defensionen,

180 2590 316 2662 srleutro
333 2590 570 2680 praeterimus.
588 2590 693 2660 hlulta
710 2603 781 2660 tum
799 2589 833 2658 in
848 2589 981 2660 Clerum
995 2590 1123 2661 fiebant
1135 2605 1258 2662 contra
1271 2597 1413 2662 uanonm

182 2680 402 2770 praescripta.
429 2683 532 2748 Erant
567 2701 649 2748 sane
685 2700 745 2768 per
773 2677 807 2748 id
843 2693 978 2768 tempus
1014 2701 1125 2749 mores
1160 2679 1416 2768 quorumdamt

181 2767 326 2848 Clarum,
348 2766 444 2836 valde
468 2765 646 2837 dissoluti:
673 2767 731 2838 sed
757 2781 794 2838 ut
817 2765 868 2836 illi
885 2768 927 2837 ad
947 2767 1116 2838 secularia
1135 2768 1273 2856 judicia
1289 2761 1416 2858 raperer

181 2873 247 2938 tur,
266 2869 298 2926 et
321 2879 341 2925 a
366 2856 462 2926 laicis
481 2855 805 2936 condemnarentur,
828 2855 863 2925 id
883 2857 1170 2947 Archiepiscopus
1189 2857 1279 2928 lerre
1303 2877 1361 2926 non
1376 2873 1428 2946 su·¹

179 2945 310 3016 stinuit.
329 2942 467 3014 Volebat
485 2949 564 3027 Rex,
582 2957 620 3014 ut
639 2945 746 3015 sacris
773 2944 898 3014 initiati
919 2945 1017 3034 prius
1043 2945 1326 3036 degradarentur,
1342 2947 1418 3036 atque

178 3035 225 3104 ita
250 3053 377 3122 poenas
402 3032 535 3104 luerent
553 3034 775 3190 promeritis.
796 3037 917 3103 Contra
933 3034 1221 3125 archiepiscopus
1234 3060 1282 3104 :a
1299 3039 1369 3124 Ego,
1383 3049 1418 3094 tt·

177 3121 263 3210 quit,
283 3122 339 3191 Dei
358 3121 532 3192 ministros
566 3123 659 3192 aicae
685 3123 839 3211 potestati
865 3144 931 3192 non
950 3145 1138 3213 exponam5
1161 3123 1222 3194 sed
1243 3126 1272 3194 si
1294 3127 1416 3214 peccent.

177 3233 196 3281 e
220 3231 311 3280 ocos
328 3211 377 3279 sic
391 3211 546 3300 puniam,
560 3224 598 3281 ut
615 3210 705 3301 leges
721 3209 856 3280 divinae
869 3224 902 3281 ct
920 3225 1053 3301 patrum
1073 3212 1210 3282 decreta
1225 3209 1417 3283 sanxerunt.»

178 3233 366 3390 objiciebat
389 3299 421 3368 ei
445 3304 513 3369 Rex
536 3322 650 3370 coram
676 3299 767 3381 aliis,
793 3298 885 3386 quod
911 3299 1116 3382 homicidas,
1135 3299 1231 3370 iures
1254 3315 1287 3372 et
1308 3293 1418 3387 sacrile¹

178 3412 239 3480 gos
263 3389 335 3479 ipse
357 3401 518 3469 tueretur,
540 3411 618 3458 cum
639 3402 751 3458 tamen
776 3388 841 3458 sub
857 3410 918 3458 avo
934 3389 1046 3479 ipsius
1064 3390 1173 3460 suncti
1190 3389 1418 3480 archiepiscop

178 3494 210 3547 et
234 3477 391 3567 Episcopi
416 3477 654 3567 permisissent
670 3478 753 3550 tales
779 3476 895 3566 puniri
911 3478 1105 3548 secundum
1131 3479 1230 3568 regni
1245 3489 1419 3550 communes

177 3566 281 3655 leges.
300 3574 337 3636 tt
362 3565 664 3656 archiepiscopus:
685 3589 703 3632 a
729 3571 859 3637 Poterat
884 3565 989 3648 istud,
1011 3566 1136 3655 inquit,
1160 3568 1419 3659 castigatiusate

177 3655 266 3736 dici,
297 3655 436 3725 domiue
461 3653 508 3724 nri
532 3659 612 3724 Rex.
640 3659 709 3744 Ego
744 3655 834 3724 enim
860 3654 1054 3726 homicidas
1084 3669 1116 3726 et
1139 3655 1234 3726 sures
1265 3653 1345 3727 tueri
1368 3665 1417 3718 non

177 3743 280 3826 solen,
300 3745 358 3814 sed
393 3744 570 3832 persequi:
601 3765 717 3812 verum
743 3743 775 3812 id
803 3743 897 3812 nelas
920 3743 1004 3824 dixi,
1028 3745 1145 3814 divino
1175 3745 1286 3815 cultui
1316 3727 1432 3813 manci'

178 3847 291 3924 patna,
321 3833 416 3902 laicis
441 3832 596 3923 legibuS,
626 3833 659 3901 in
685 3844 821 3902 sanctae
852 3832 970 3902 matris
995 3831 1165 3903 Ecclesiae
1196 3828 1414 3924 contemptum,

175 3921 410 3995 condemnari.
433 3921 529 4004 Quod
554 3935 668 3994 autem
695 3920 782 3992 dicis
806 3943 907 3990 avum
933 3935 1045 4003 tuum,
1065 3920 1115 3992 vel
1132 3920 1241 3992 alium
1258 3913 1417 4008 quemlibet

174 4014 209 4081 in
227 4011 430 4082 clericorum
457 3997 618 4083 saeviiss'e
639 4031 769 4092 necem,
791 4031 854 4080 nos
868 4008 1010 4098 quidem
1035 4009 1150 4082 subita
1169 4011 1314 4102 quadam
1335 4019 1417 4073 temr-

174 4101 271 4170 ritate
296 4099 400 4168 semel
425 4097 458 4166 id
484 4098 614 4170 sactum
634 4099 872 4188 cognovimus.
896 4097 957 4168 Sed
984 4099 1084 4168 valde
1103 4099 1291 4168 absurdum
1314 4105 1367 4170 est,
1382 4083 1415 4154 ab

173 4184 243 4283 illis
269 4201 381 4274 petere
397 4187 553 4344 exempla
568 4187 734 4276 justitiae,
757 4187 817 4274 qui
837 4185 1003 4278 quicquid
1028 4200 1150 4276 suapte
1177 4174 1415 4278 voluntatencle-

174 4286 315 4368 gissent,
340 4297 400 4364 pro
424 4275 491 4363 legi
518 4297 560 4344 us
579 4275 763 4346 ducebant.
783 4281 852 4366 Ego
868 4298 958 4357 vero,
978 4277 1039 4363 qui
1055 4276 1173 4346 divina
1189 4275 1415 4365 dispensatione-

174 4356 215 4422 ad
241 4358 275 4424 1d
301 4376 500 4452 assumptus
524 4385 614 4444 sum,
631 4377 668 4433 ut
694 4365 749 4432 Dei
774 4365 959 4434 Ecclesiam
985 4379 1016 4433 et
1045 4365 1180 4435 Clerum
1206 4379 1305 4442 tuear,
1330 4358 1357 4424 ir
1381 4370 1414 4417 ea
