2994 4832
241 257 301 322 lot
591 276 631 322 aa
655 275 683 322 s.
710 275 788 321 sana
812 274 883 320 naa.
910 273 948 320 aa
971 273 1063 321 conr.
1319 253 1393 318 llEC.
1415 256 1431 318 5

192 361 251 446 qui
280 379 347 428 non
374 370 463 428 recte
487 357 651 428 sentiunt.
678 362 748 427 Hoc
786 379 866 448 ergo
902 357 959 426 ille
993 379 1071 426 cum
1101 369 1274 443 tamquam
1297 355 1430 425 divinum
1478 371 1479 438 t

194 447 332 535 aliquod
359 449 496 536 signum
523 447 733 536 accepisset,
763 458 796 516 et
818 468 876 515 cor
900 445 1076 516 habuisset
1109 445 1273 534 repletum
1297 444 1429 522 audacia,
1478 444 1479 522 l

193 559 298 606 unam
324 536 446 605 emittit
470 557 585 604 vocem
608 557 687 605 cum
708 534 981 604 multitudine«
1008 535 1041 604 Si
1065 534 1145 621 quis
1164 555 1203 602 ea
1222 534 1348 614 sentiat,
1361 553 1432 619 quae

194 625 374 713 Eutyches,
390 623 575 704 Nestorius,
595 628 739 693 Severus
762 636 794 692 et
814 624 1008 694 Soterichus
1029 628 1208 692 Caesareae
1229 621 1433 711 Cappadociae

193 715 393 802 Episcopus,
421 713 465 781 sit
487 713 719 782 anathema.»
744 717 839 780 Tune
859 713 961 782 sentit
987 717 1056 780 Dux
1082 711 1250 790 fraudem,
1276 725 1307 778 et
1328 711 1434 780 veritus
1479 718 1480 805 l

219 801 316 890 opuli
338 823 545 870 consensum
572 801 771 870 unanimem
798 802 879 872 satis
907 801 1040 882 habuit,
1070 802 1097 870 si
1131 821 1166 869 se
1192 799 1378 868 subducens
1399 797 1435 865 si·
1479 809 1480 874 ξ

194 824 298 959 ldntio
322 888 474 980 lugeret;
500 904 530 958 et
556 889 640 958 abiit
657 893 867 958 Caesaream.
888 891 950 971 Qui
972 903 1084 958 autem
1111 901 1318 958 remanserat
1335 907 1436 956 conso·
1479 889 1480 932 3

192 979 315 1047 brinus
351 977 590 1066 Imperatoris,
626 978 853 1064 jurejurando
891 977 1074 1046 affirmavit
1111 977 1240 1047 divinis
1280 976 1434 1078 patribus.

194 1089 229 1136 se
267 1087 335 1135 non
371 1067 524 1149 venisse,
555 1080 592 1137 ut
620 1067 890 1135 communicaret
915 1066 1024 1136 malae
1049 1065 1160 1135 Severi
1192 1065 1365 1154 opinioni,
1391 1063 1436 1131 sed
1479 1139 1480 1142 Ἴ

194 1169 232 1224 ut
268 1154 340 1224 loca
376 1154 533 1226 adoraret
567 1154 782 1237 veneranda,
811 1157 915 1242 seque
945 1154 1029 1224 velle
1066 1155 1179 1244 potius
1205 1153 1439 1223 communicare
1479 1147 1480 1160 ’

194 1265 312 1313 eorum
340 1244 523 1313 sanctitati.
557 1248 618 1313 Dat
645 1243 759 1332 itaque
788 1244 894 1314 Sabae
928 1265 1087 1334 magnam
1115 1245 1184 1312 vim
1214 1241 1392 1331 pecuniae,
1416 1251 1439 1307 et

90 1387 96 1400 .
189 1332 288 1421 jubet
311 1353 385 1401 eam
411 1332 617 1402 distribuere
640 1332 815 1414 omnibus,
833 1332 893 1419 qui
917 1331 1115 1412 illicerent,
1135 1331 1333 1402 monachis:
1354 1327 1437 1400 simul

194 1420 334 1506 quidem
367 1421 550 1490 ostendeus
577 1443 675 1490 suam
704 1421 738 1488 in
778 1426 883 1490 Deum
916 1420 1042 1503 fidem,
1068 1434 1100 1489 et
1123 1441 1226 1507 quam
1252 1441 1333 1510 erga
1360 1417 1438 1486 illurn
1480 1463 1481 1494 ,

194 1509 342 1580 habebat
355 1511 513 1599 pietatem
532 1521 564 1578 et
579 1510 815 1590 reverentiam,
831 1508 984 1578 efficiens
1002 1509 1231 1578 manilestam.
1278 1571 1282 1582 .

238 1600 358 1684 §aa
385 1603 467 1667 Cum
493 1609 607 1668 autem
633 1598 731 1667 beato
764 1598 870 1667 Sabae
902 1599 950 1668 sic
986 1599 1207 1689 processisset
1238 1618 1259 1665 e
1295 1593 1437 1665 sententia

194 1697 379 1767 certamen,
394 1688 484 1773 quod
505 1708 566 1776 pro
584 1699 671 1756 recta
690 1686 757 1756 fide
777 1699 974 1776 susceptum
996 1687 1117 1767 luerat,
1137 1685 1249 1756 sciens
1274 1683 1332 1754 ille
1349 1688 1440 1772 lmpe·

196 1787 342 1844 retorem
358 1775 442 1844 haee
467 1797 533 1844 non
559 1797 633 1844 esse
658 1795 854 1864 passurum,
873 1775 931 1845 sed
958 1797 1018 1865 pro
1043 1775 1234 1866 ignominia
1251 1785 1284 1842 et
1300 1772 1441 1842 dedecore

195 1862 228 1931 id
256 1863 467 1950 habiturum,
489 1874 523 1933 et
546 1862 830 1954 aegrelaturum,
857 1875 890 1934 et
912 1865 1075 1934 omnibus
1100 1863 1211 1940 modis
1235 1883 1373 1952 operam
1396 1859 1441 1956 daj

196 1964 325 2032 turum,
342 1963 382 2022 ut
398 1973 433 2022 se
460 1952 661 2032 ulciscatur,
688 1965 894 2042 congregato
918 1964 985 2022 toto
1008 1964 1106 2022 coetu
1125 1951 1382 2030 monachorum,
1396 1948 1439 2016 ubi

195 2061 274 2110 cum
292 2040 341 2109 eis
359 2063 428 2111 rem
447 2041 659 2122 contulisset,
676 2041 779 2110 simul
805 2041 924 2112 scribit
939 2040 1118 2130 epistolam
1136 2041 1178 2110 ad
1204 2045 1440 2130 Imperatorem.

195 2150 282 2215 quae
299 2130 363 2199 hoo
379 2129 481 2200 modo
496 2129 653 2199 habebat:
671 2153 688 2196 a
706 2130 871 2200 Dominus
887 2142 1000 2200 noster
1011 2135 1112 2199 lesus
1128 2128 1296 2209 Christus,
1309 2126 1441 2198 omniun

196 2239 254 2287 rex
270 2230 430 2288 aeternus
448 2232 480 2288 et
500 2223 600 2297 Deus,
619 2218 742 2288 excelsi
784 2231 835 2288 ost
852 2217 951 2288 illum
978 2218 1074 2308 regni
1092 2231 1224 2308 sceptra
1243 2218 1321 2307 piae
1338 2227 1442 2310 vestrae

197 2308 351 2396 potestati
381 2327 443 2375 sua
467 2306 677 2398 benignitate
701 2242 864 2377 tradidit:
901 2329 936 2376 re
961 2329 1038 2375 vcra
1063 2307 1180 2376 volens
1203 2307 1367 2376 omnibus
1387 2321 1443 2388 qut·

195 2395 272 2462 dem
300 2395 527 2464 sanctissimis
552 2395 723 2476 Ecclesiis,
748 2394 931 2485 praecipue
954 2407 1068 2465 autem
1096 2396 1196 2464 matri
1220 2394 1442 2466 aeclesiarum,

195 2482 325 2552 bonum
356 2483 451 2572 pacis
478 2483 662 2554 conciliare
688 2505 747 2574 per
771 2497 916 2554 vestram
950 2485 985 2552 in
1011 2489 1116 2554 Deum
1147 2483 1321 2573 pietatem.
1349 2481 1446 2552 Sciunt

197 2591 274 2640 vero
298 2592 429 2652 omnes,
451 2573 541 2658 quod
568 2595 647 2643 eum
673 2573 716 2643 ab
741 2573 806 2643 hae
830 2572 979 2643 Ecclesia
1006 2573 1174 2662 coepisset
1198 2593 1274 2642 vere
1301 2585 1445 2660 magnum
1482 2541 1483 2618 l

198 2681 294 2728 verae
315 2660 492 2748 religionis
517 2661 731 2750 mysterium,
753 2663 900 2751 pervasit
923 2683 1034 2750 usque
1057 2660 1099 2730 ad
1126 2661 1212 2730 fines
1231 2660 1328 2730 orbis
1344 2670 1445 2728 terrae:
1482 2675 1483 2680 ¹

197 2747 286 2833 quod
313 2748 452 2834 quidem
477 2768 539 2818 nos
559 2749 681 2819 horum
706 2749 902 2820 divinorum
922 2750 1072 2820 locorum
1099 2749 1321 2831 habitatores,
1340 2748 1381 2816 ab
1396 2743 1448 2812 alto

195 2856 214 2902 a
241 2837 466 2906 sacrosanctis
491 2849 668 2926 acceptum
694 2839 873 2928 Apostolis,
892 2861 1016 2909 sanum
1034 2851 1066 2908 et
1085 2838 1259 2928 integrum
1278 2838 1312 2906 in
1331 2834 1447 2930 hodier-

196 2944 280 2991 num
306 2945 416 3080 ushue
441 2924 531 2994 diem
557 2927 846 3008 conservavimus,
877 2939 909 2996 et
940 2928 974 2994 in
1004 2939 1181 2996 aeternum
1207 2925 1333 2996 Christi
1356 2935 1448 3014 grana

196 3031 357 3082 conserva
387 3013 488 3094 imus,
515 3035 534 3082 a
559 3027 649 3084 recta
674 3015 768 3085 verbi
799 3016 919 3085 semita
945 3015 1088 3085 minime
1112 3013 1251 3085 deducti
1280 3014 1324 3084 ab
1348 3009 1448 3082 adver·

196 3100 309 3182 sariis,
329 3113 389 3171 aut
412 3103 564 3192 corrupti
591 3102 744 3192 profanis
766 3117 799 3173 et
816 3105 912 3174 vanis
931 3125 1049 3173 eorum
1071 3103 1223 3174 vocibus.
1243 3108 1283 3172 ln
1309 3103 1450 3196 hacergo

197 3189 409 3269 intemerata,
428 3203 459 3260 et
484 3191 644 3278 inquam
670 3191 766 3261 nulla
790 3193 881 3262 cadit
905 3192 1136 3282 reprehensio,
1155 3191 1233 3273 side,
1253 3213 1334 3261 cum
1358 3201 1450 3284 nntri-

198 3290 276 3379 tum·
297 3291 329 3348 et
351 3279 513 3351 eductum
535 3281 578 3350 ab
594 3281 734 3350 ineunte
752 3292 859 3352 aetate
875 3280 977 3350 suerit
995 3293 1142 3351 vestrum
1161 3281 1359 3370 imperium,
1377 3283 1451 3344 venit

197 3368 297 3436 nobis
322 3368 355 3436 in
383 3380 531 3437 mentem
561 3368 747 3450 admirari,
774 3369 1067 3457 quemadmodum
1105 3370 1141 3438 in
1178 3367 1301 3438 diebus
1338 3377 1451 3436 vestrae

196 3455 333 3612 pietatis
357 3467 473 3526 tantus
503 3456 672 3529 tumultus
707 3470 739 3529 et
764 3470 857 3528 tanta
890 3459 1100 3548 perturbatio
1131 3457 1293 3528 invaserit
1324 3465 1450 3548 matrem

221 3566 319 3614 arum
349 3545 591 3628 Ecclesiarum,
627 3557 664 3616 ut
688 3568 731 3616 ne
755 3560 916 3638 parcatur
939 3547 1079 3633 quidem
1104 3545 1160 3628 iis,
1186 3546 1245 3634 qui
1272 3551 1337 3614 beo
1362 3543 1451 3610 mim-

197 3646 328 3703 strant:
361 3632 419 3703 sed
454 3634 647 3706 sacerdotes
671 3647 704 3705 et
729 3636 915 3718 monachi,
948 3636 1009 3722 qui
1047 3636 1205 3704 virtutem
1234 3643 1453 3728 sequuntura

197 3724 336 3809 pueris,
368 3722 587 3811 modesteque
617 3735 649 3792 et
673 3723 807 3794 silentio
833 3725 936 3794 vitam
963 3724 1152 3813 transigere
1176 3721 1397 3812 delegerunt,
1423 3735 1450 3783 ¹ss

197 3823 383 3898 conspectu
406 3811 614 3882 ludaeorum
640 3823 673 3882 et
695 3813 925 3900 quorumdam
952 3811 1100 3882 aliorum
1121 3811 1316 3902 gentilium,
1332 3810 1374 3878 ab
1390 3808 1453 3896 ipsa

198 3911 315 3966 sancta
339 3900 431 3982 Sion,
452 3923 514 3991 per
537 3900 686 3971 mediam
711 3902 895 3982 civitatem,
915 3901 1061 3990 turpiter
1085 3901 1266 3971 trahantur
1289 3911 1321 3967 et
1345 3899 1452 3994 intem·

199 3998 380 4074 peranter,
406 4001 438 4058 et
462 3990 495 4057 in
520 3989 661 4078 prolana
694 3990 863 4077 quaedam
889 3991 961 4060 loca
987 4012 1027 4060 ex
1054 3988 1226 4059 ellantur:
1252 3987 1335 4075 quin
1360 3997 1451 4082 ettam

198 4087 367 4164 cogantur
391 4077 558 4148 nonnulla
583 4077 693 4146 lacere
717 4077 759 4148 ad
786 4091 896 4149 rectae
920 4079 1001 4149 fidei
1031 4011 1143 4147 hbent
1168 4090 1201 4148 et
1231 4073 1454 4167 reprehensio-

199 4183 290 4241 nem,
319 4163 410 4234 adeo'
428 4177 465 4234 ut
493 4167 553 4252 qui
578 4165 646 4234 huc
672 4167 814 4238 veniunt
840 4167 906 4238 voti
932 4189 1050 4249 causa,
1078 4187 1139 4256 pro
1163 4165 1308 4235 utilitate
1331 4161 1453 4232 animae

201 4249 361 4350 recedant
389 4251 508 4341 repleti
535 4253 709 4324 scandalis
732 4268 764 4324 et
787 4256 985 4326 offensione.
1013 4260 1190 4345 Rogamus
1217 4275 1295 4344 ergo
1320 4261 1452 4320 vestram

201 4347 411 4424 potentiam,
435 4352 473 4409 ut
496 4361 559 4410 nos
582 4362 719 4428 quoque
742 4344 930 4432 aliquando
958 4367 979 4414 a
1008 4343 1113 4414 tantis
1138 4342 1238 4414 malis
1263 4340 1450 4412 relaxemur,
