2954 4816
19 291 84 358 tut.
104 293 143 360 23
357 311 395 357 nx
419 309 518 359 nxcnu
541 310 661 358 csnrnr
688 311 884 358 enarramus
1147 293 1204 358 38t

19 397 140 486 rirgines
152 396 294 466 Domino
307 407 560 486 aggregaverat,
578 416 740 485 percussa
754 407 805 464 est
817 394 932 496 gladio
947 393 980 462 in
995 394 1097 465 corde
1109 417 1129 464 a
1141 395 1255 465 carni-

19 483 63 552 fiee
76 484 258 564 taliarcho,
284 505 384 570 quem
405 496 524 573 rogatu
543 484 687 574 Eugenii
712 504 828 572 sponsi
853 484 905 554 sui
923 483 1084 553 Julianus
1105 483 1255 574 pontifex

19 573 145 661 lapitolii
168 585 201 642 et
225 593 340 642 comes
365 573 584 662 templorum,
611 571 653 642 ad
680 571 855 661 hocopus
879 572 1058 642 direxerat.
1081 576 1184 642 Passa
1208 584 1259 642 est

19 673 105 728 tutem
122 661 256 731 decimo
268 660 431 730 Calendas
446 661 613 730 lanuarii.
631 665 762 750 Corpus
776 661 851 747 ejus
863 683 942 730 oum
959 661 1055 729 omni
1071 661 1257 730 reverentia

19 763 158 818 iuratum.
186 749 388 819 'taliarchus
413 771 492 820 vero
517 769 699 838 percussor
717 749 811 838 ejus.
835 748 990 840 leprosus
1014 747 1141 830 factus,
1170 750 1258 819 intra

19 858 57 906 rex
73 837 138 908 dies
153 850 383 928 consumptus
398 859 417 907 a
435 837 621 919 vermibus,
644 837 839 928 exspiravit.

54 1203 350 1307 lllllTYRlUll
383 1202 690 1306 streitruit
724 1201 889 1304 DECEM
923 1203 1210 1306 llAllllllllll
1259 1257 1261 1262 ·

243 1445 317 1524 0111
341 1445 382 1510 tlt
408 1444 537 1511 cauta
562 1444 736 1511 SUBIERE
762 1445 1005 1511 tttnrrnttttt

93 1675 228 1726 temon}
253 1675 391 1725 SfflONB
415 1674 649 1723 usraennxsrn.
681 1674 826 1722 HABETUR
849 1674 882 1722 lli
905 1674 999 1722 ῙΟΙΙΒ
1024 1675 1158 1725 anorstr.

255 1871 422 1938 Martyrio
436 1869 591 1928 coronati
604 1883 671 1926 seo.
687 1871 740 1926 111
753 1899 792 1911 —
807 1871 994 1927 cretenses.

53 2076 116 2161 tt.
139 2080 232 2150 llius
262 2079 404 2166 quidem
436 2078 568 2168 aliquid
597 2078 691 2148 aliud
723 2092 948 2167 persequatur
971 2079 1140 2160 oratione,
1168 2078 1263 2148 illius

22 2183 87 2246 quae
104 2167 199 2260 vulgo
220 2168 386 2256 jactatur,
405 2171 521 2237 Cretae
535 2167 571 2249 *;
597 2167 687 2237 alius
707 2167 846 2254 quidem
868 2167 1151 2258 pulcritudinem,
1173 2166 1263 2238 alius

22 2271 79 2352 terp
90 2257 370 2346 magnitudinem,
389 2268 422 2326 et
438 2256 527 2326 alius
540 2256 678 2344 quidem
696 2256 829 2326 moenia
843 2271 876 2327 et
892 2269 1023 2347 portus,
1041 2255 1131 2326 alius
1147 2267 1260 2329 autem

24 2359 88 2437 aens
105 2346 395 2434 temperationem,
414 2357 446 2415 et
460 2344 637 2415 fruetuum
655 2343 875 2415 fertilitatem.
902 2349 971 2435 Ego
995 2367 1073 2416 vero
1097 2344 1143 2422 td.
1171 2344 1262 2432 quod

24 2425 72 2496 alra
91 2432 186 2504 vineit
208 2434 349 2514 omnia,
375 2445 408 2502 et
430 2454 534 2520 quam
560 2432 668 2503 solam
699 2433 774 2524 ejus
797 2433 920 2523 opifice
948 2433 1088 2522 dignam
1118 2433 1262 2503 dixerim

24 2512 219 2604 leracitatem,
245 2543 325 2592 eam
357 2520 469 2591 dicam
494 2533 572 2592 ante
598 2521 677 2591 alia.
707 2522 873 2604 Quisnam
901 2535 951 2593 est
979 2521 1035 2592 hic
1066 2522 1209 2602 fructus,
1231 2533 1264 2592 et

24 2605 165 2686 quodnam
182 2624 232 2682 est
250 2621 386 2680 tantum
405 2609 539 2680 insulae
555 2615 820 2680 ornamentum?
843 2609 931 2693 Quid
951 2609 1060 2689 aliud,
1088 2611 1154 2681 nisi
1179 2609 1264 2678 divi-

23 2711 71 2791 nus
85 2696 199 2770 chorus
216 2710 424 2788 martyrum,
443 2699 550 2786 etqui
566 2698 728 2768 laudatur
748 2721 924 2781 numerus,
944 2711 977 2768 et
991 2698 1084 2786 quod
1106 2698 1262 2768 omnium

24 2781 132 2881 quidem
148 2799 196 2858 est
215 2786 492 2878 spectaculorum
503 2787 815 2876 jucundissimum,
833 2801 865 2858 et
881 2800 1094 2858 acromatum
1106 2787 1263 2857 omnium

25 2868 237 2968 utilissimum?
263 2881 405 2958 Decem,
432 2876 596 2962 inquam,
624 2875 675 2944 illi
704 2897 766 2965 pro
791 2876 922 2946 Christo
948 2875 1104 2966 martyrii
1127 2875 1263 2947 coronis

27 2956 162 3062 redimiti:
187 2966 247 3050 qui
272 2986 314 3034 ex
337 2985 377 3034 ea
400 2963 538 3055 quidem
567 2977 824 3054 processerunt,
851 2963 1036 3034 fortissime
1064 2976 1178 3034 autem
1206 2985 1265 3054 pro

28 3042 130 3118 thrrsto
144 3052 277 3123 subiere
294 3053 520 3142 martyrium;
546 3052 606 3140 qui
631 3073 706 3122 eam
735 3073 796 3143 pro
813 3053 987 3122 alimentis
1008 3073 1122 3122 revera
1147 3052 1267 3142 pulcre

28 3147 85 3202 sunt
100 3141 314 3220 remunerati,
334 3161 413 3210 aum
441 3163 517 3210 eam
545 3151 636 3211 tanto
662 3141 790 3212 honore
809 3141 995 3223 affecerint,
1022 3152 1060 3210 ut
1083 3145 1180 3210 inea
1204 3163 1265 3242 per

30 3228 197 3322 martyrium
213 3229 598 3302 lueriutconsummati.
625 3229 803 3312 Quomodo
828 3251 915 3310 vero,
938 3231 1059 3320 paucis
1078 3230 1149 3320 jam
1177 3229 1267 3300 dicet

30 3323 120 3382 aratro.

59 3399 123 3497 id·
139 3407 254 3476 Decius
267 3404 339 3484 ille,
358 3405 418 3493 qui
437 3391 560 3496 magud
576 3403 639 3474 luit
655 3403 768 3476 lurore
785 3407 945 3496 percitus,
963 3405 1053 3475 etad
1070 3404 1265 3495 puniendos

32 3481 203 3575 ¹Christianos
226 3495 383 3564 omnium
411 3492 476 3564 luit
499 3493 792 3576 violentissimus,
823 3495 852 3564 is
878 3507 959 3565 tune
987 3507 1121 3583 sceptra
1146 3504 1265 3563 tenens

34 3579 136 3660 noent
154 3585 398 3662 Romanorum,
415 3583 523 3670 hujus
547 3582 679 3653 insulae
694 3582 871 3654 constituit
890 3581 1133 3654 Proconsulem
1152 3581 1265 3652 virum

35 3667 193 3768 luendam,
207 3672 266 3758 qui
284 3670 403 3740 eodem
421 3692 557 3762 quoque
571 3671 709 3741 nomine
724 3671 973 3762 appellabatur,
993 3693 1117 3760 nempe
1129 3670 1263 3753 Desine,

36 3761 82 3848 1101}
102 3775 207 3828 minus
229 3770 370 3840 autem,
396 3781 499 3846 quam
526 3760 743 3842 innomine,
770 3760 991 3830 conveniebat
1025 3759 1060 3828 in
1097 3759 1262 3830 moribus.

38 3833 158 3912 Quicum
178 3847 297 3920 luisset
319 3849 352 3916 in
372 3852 477 3928 Creta,
499 3871 567 3918 rem
586 3869 724 3939 parvam
740 3849 955 3929 existimavit,
976 3861 1008 3918 et
1024 3869 1112 3935 quae
1133 3847 1265 3918 nullam

43 4027 201 4115 mcltltrnnuc
216 4043 310 4087 oannis,
324 4041 475 4083 celeberrima
492 4042 562 4084 maris
577 4044 741 4084 Martsterrenel
757 4045 841 4085 insule.
856 4045 954 4085 contum
968 4046 1039 4086 nrbes
1049 4046 1104 4085 olim
1114 4044 1225 4084 nebulosa
1235 4041 1269 4084 di·

58 4091 85 4138 [τι
97 4086 185 4132 nictus
199 4097 221 4134 et
236 4096 331 4146 ssgtttts
348 4097 410 4143 potis
427 4097 480 4136 tuit.
498 4099 575 4137 Prtma
589 4100 683 4138 litteras
690 4099 797 4148 jungere.
807 4101 833 4137 ut
842 4099 925 4142 tertnr.
935 4099 1036 4138 edocuit.
1048 4095 1148 4147 Optimts
1159 4099 1269 4138 utebatur

46 4125 109 4219 ΨΜ·
120 4153 171 4190 <tuas
185 4149 258 4207 ¹ltlnos
272 4151 302 4188 ab
318 4149 370 4196 ipso
388 4150 445 4189 tono
464 4155 570 4201 acceptas
586 4153 737 4191 Cretensibus
755 4153 838 4191 tulisse
856 4153 918 4190 tems
933 4154 989 4192 erat.
1000 4151 1111 4201 Sequenti
1122 4161 1179 4190 acro
1190 4155 1269 4192 tumen

49 4194 193 4268 mlllrroltpsr
207 4207 271 4250 sunt,
287 4205 416 4251 Gretseqne
432 4204 521 4243 lneotac
537 4205 611 4244 hnbtti
626 4207 682 4244 eunt
700 4205 781 4252 perfidi
797 4209 821 4244 et
837 4203 990 4246 vitiosisslml.
1006 4209 1032 4254 Q.
1045 4205 1154 4245 Metellus
1165 4205 1266 4246 insulam

50 4245 115 4326 „glut
126 4253 247 4297 provincius
258 4258 358 4296 formam
369 4257 466 4304 redigit:
477 4267 551 4306 eaque
563 4260 648 4297 mansit
659 4259 704 4298 sub
716 4259 930 4306 impenderimus:
944 4261 1047 4298 Romsno
1062 4259 1145 4298 deinde
1155 4258 1266 4298 Constan-

49 4302 99 4380 ΜΝ
114 4303 167 4350 ῑῑῦῠ.
178 4309 248 4349 donee
263 4320 276 4349 s
290 4308 426 4350 Sarrsccnis
438 4315 551 4360 occupata
561 4310 613 4351 fnit.
627 4310 709 4351 Veneti
720 4311 796 4352 autem
807 4321 867 4351 enno
878 4313 936 4358 teos,
945 4322 958 4351 s
968 4310 1088 4352 Bonitaclo
1097 4310 1267 4352 uouttrremu

101 4298 113 4336 tr

50 4346 138 4440 ωηῑξθῦθ
153 4369 200 4402 eam
212 4364 307 4404 mercati
328 4364 391 4402 eunt.
402 4362 510 4403 Pervenit
521 4361 604 4404 deinde
616 4364 640 4403 tn
649 4366 777 4405 'terreorum
789 4365 937 4414 potestatem,
947 4367 987 4414 qut
998 4367 1069 4406 ctiam
1078 4377 1140 4407 nunc
1154 4377 1205 4407 eam
1215 4375 1265 4417 pos·
1305 4411 1310 4422 ¹
