2946 4798
29 255 97 319 inu.
120 255 159 318 ai
356 274 395 320 nn
420 273 447 320 s.
474 273 594 321 ioanni
619 275 669 319 in.
697 275 734 320 nr
758 272 910 320 itineri.
1161 259 1225 323 475

28 371 88 426 inte
114 355 229 438 solem,
263 356 324 443 qui
355 358 484 427 caecati
516 357 662 428 suntad
694 356 895 427 lucernam?
918 358 1095 437 Quomodo
1128 359 1270 428 tonitrui

27 447 193 514 sustineant
217 445 381 527 sonitum,
402 446 462 534 qui
486 445 679 536 clangentis
696 445 799 516 tubae
819 446 955 536 pondus
974 444 1061 517 serre
1081 460 1266 535 nequeunt,

26 533 113 691 imrgo
138 535 195 621 qui
231 555 439 624 suppressae
468 557 507 604 ac
545 547 752 625 temperatae
785 536 958 604 humanae
995 537 1086 605 vocis
1121 536 1269 606 exilitate

25 645 71 690 sur
93 635 218 692 escunt.

56 713 131 798 §a
156 717 337 802 Propterea
361 713 467 803 igitur
487 711 693 803 Redemptor
718 725 832 784 noster
850 711 1015 782 dilectum
1040 713 1107 782 sibi
1127 715 1270 804 speciali

24 801 235 892 praerogativa
256 801 485 892 Discipulum‚
504 801 545 870 ad
565 801 810 872 declarandam
831 823 914 872 suae
936 802 1126 872 divinitatis
1152 823 1270 873 essen-

24 889 89 958 tiam
104 890 273 976 quoddam
300 891 399 978 quasi
415 912 585 981 organum
602 889 693 972 serit,
709 904 813 982 atque
829 903 867 960 ut
892 890 947 960 hic
972 891 1158 982 suppleret,
1177 892 1269 978 quod

23 977 56 1044 ad
71 991 195 1066 tempus
212 980 289 1068 ipse
305 980 471 1050 Dominus
495 978 726 1068 dispensative
749 993 1000 1081 suppresserat,
1022 981 1161 1050 sibimet
1177 981 1269 1050 vica-

23 1066 97 1136 rium
119 1065 316 1156 dereliquit,
348 1080 520 1156 quatenus
543 1067 674 1158 expleto
709 1068 903 1157 passionis,
931 1091 971 1139 ac
995 1069 1267 1150 resurrectionis,

23 1157 280 1244 ascensionisque
299 1157 472 1246 mysterio,
493 1169 568 1246 post
588 1156 750 1227 tredecim
771 1157 840 1227 sere
864 1179 1034 1228 annorum
1049 1157 1170 1242 lustra,
1187 1180 1269 1228 cum

20 1243 80 1398 Lam
101 1245 249 1316 videlicet
274 1245 433 1316 homines
457 1245 651 1316 liberiorem
677 1247 720 1316 ad
745 1246 993 1348 capessendam
1014 1247 1187 1317 veritatem
1208 1248 1270 1317 ha-

43 1346 121 1401 erent
144 1335 269 1404 mentis
294 1335 464 1416 obtutum,
493 1335 550 1403 liic
576 1335 793 1406 coessentiali
817 1347 850 1404 et
880 1335 1049 1405 coaeterni
1078 1341 1143 1406 Deo
1171 1337 1270 1406 Verbi

23 1421 162 1505 panderet
176 1437 448 1505 sacramentum,
467 1423 606 1494 dicens:
624 1429 665 1494 Iri
686 1427 853 1516 principio
877 1435 950 1494 crot
978 1426 1128 1506 Verbum,
1144 1436 1174 1496 ct
1196 1431 1270 1496 Ver-

22 1509 83 1577 lori
104 1523 169 1582 erat
193 1513 290 1605 opud
314 1517 429 1592 Deum,
453 1523 484 1582 et
507 1517 595 1582 Deris
618 1523 692 1584 crat
719 1515 858 1583 Verbum
880 1514 992 1603 (Jooo.
1009 1512 1047 1601 i).

55 1600 128 1684 §tl-
153 1606 337 1671 Humanae
359 1601 489 1702 quippe
517 1600 765 1672 imbecillitatis
787 1601 871 1672 ordo
896 1601 1077 1693 poscebat,
1108 1615 1146 1672 ut
1165 1604 1269 1692 ¹prius

23 1685 123 1757 Christi
139 1689 366 1761 humanitatis
383 1690 584 1780 primordia,
606 1713 761 1772 cursum,
778 1689 1179 1778 consummationemque
1194 1715 1269 1781 per-

24 1791 161 1860 nosceret,
195 1777 368 1848 miracnla
396 1779 626 1867 etiam,quae
656 1779 890 1850 inhominem
922 1779 1038 1880 gessit,
1065 1779 1266 1862 addisceret,

26 1862 119 1960 sicque
133 1868 301 1957 paulatim
323 1866 365 1936 ad
384 1867 745 1956 comprehendendum
762 1867 952 1938 divinitatis
975 1867 1129 1938 occultae
1146 1881 1270 1969 myste-

26 1971 106 2034 rium,
123 1957 191 2026 siiis
211 1969 367 2047 vegetata
394 1957 611 2045 provectibus
627 1956 831 2046 adspiraret.
851 1962 1064 2046 Quapropter
1079 1957 1188 2024 divini
1205 1956 1272 2026 luit

26 2059 109 2112 causa
124 2045 271 2126 consilii,
294 2059 332 2114 ut
351 2045 475 2115 caeteri
498 2051 588 2115 Evan
616 2045 744 2127 elisiae,
762 2045 823 2132 qui
847 2049 881 2114 in
907 2045 1133 2115 describenda
1158 2045 1269 2114 Salva·

28 2130 91 2198 toris
110 2133 322 2204 humanitate
345 2135 467 2205 versati
490 2147 583 2216 sunt,
593 2068 702 2224 ionga
727 2134 987 2224 praecederent;
1005 2134 1155 2226 loannes
1178 2155 1267 2216 vero,

29 2236 91 2283 cuni
109 2221 259 2294 homines
278 2237 456 2310 tamquam
484 2224 596 2312 primo
618 2223 782 2294 lactantes
802 2223 956 2293 firmiora
972 2223 1044 2311 jain
1062 2225 1097 2291 in
1115 2223 1168 2290 via
1186 2224 1269 2292 reri-

32 2306 93 2372 tetis
115 2313 249 2404 vestigia
275 2311 433 2402 figerent,
455 2334 512 2382 eos
544 2312 585 2382 ad
603 2311 916 2382 'conscendendam
942 2311 1076 2381 divinae
1108 2312 1271 2381 scientiae

28 2396 143 2491 gratiam
161 2415 387 2490 promoveret.
408 2405 504 2470 Hanc
519 2400 669 2488 denique
685 2401 997 2491 supereminentem
1012 2401 1149 2470 divinae
1162 2402 1270 2471 soien-

27 2491 77 2577 tiae
94 2487 328 2560 celsitudinem
354 2503 437 2561 tunc
460 2489 627 2560 divinitus
651 2490 821 2560 illustrata
848 2502 959 2559 mente
983 2491 1159 2580 concepit,
1189 2511 1268 2558 cuin

26 2587 51 2636 in
72 2592 298 2650 sacrosanctae
328 2579 491 2669 mysticae
511 2601 637 2648 coenae
660 2579 816 2649 convivio
840 2599 945 2669 supra
967 2591 1086 2667 pectus
1113 2579 1271 2648 recubuit

28 2659 246 2756 Redemptoris.
274 2673 315 2737 Et
337 2667 419 2756 quia
444 2669 477 2736 iii
505 2681 640 2757 pectore
669 2673 754 2738 Jesu
777 2681 859 2737 sunt
883 2687 1004 2736 omnes
1037 2667 1187 2736 thesauri
1215 2689 1270 2737 sae

27 2752 148 2830 pientiae
162 2769 193 2824 et
208 2757 373 2828 scientiae
393 2756 598 2838 absconditi,
616 2779 656 2826 eii
681 2756 739 2826 illo
755 2755 893 2826 coelesti
913 2755 1158 2846 gazophylacio
1175 2777 1270 2824 surii-

27 2855 97 2933 niam
112 2845 218 2927 traxit,
238 2845 332 2915 unde
350 2857 485 2915 nostrae
502 2845 714 2936 paupertatis
735 2845 890 2935 inopiam
909 2845 1047 2934 copiosa
1068 2844 1271 2915 liberalitate

26 2921 132 2998 ditarit.
151 2936 194 3002 Ei
218 2933 280 3003 illo
301 2933 478 3023 (inquam)
497 2934 598 3005 nobis
620 2933 753 3004 aerario
776 2933 975 3003 divitiarum
1001 2934 1117 3023 copias
1142 2932 1268 3013 attulit,

26 3024 49 3107 et
68 3016 95 3082 iri
118 3040 335 3092 communem
360 3023 464 3092 totius
489 3023 612 3092 mundi
637 3024 782 3093 salutem
808 3023 894 3092 bene
919 3021 1085 3112 prodigus
1105 3023 1268 3113 erogavit:

28 3119 110 3173 imino
132 3130 234 3199 super
257 3110 384 3180 fontem
407 3112 568 3202 perennis
583 3112 671 3180 vitae
696 3112 864 3192 recubuit,
884 3125 922 3180 ut
938 3125 970 3180 et
990 3110 1063 3200 ipse
1084 3123 1165 3180 tunc
1183 3133 1271 3180 sem-

27 3207 72 3272 llt
94 3201 259 3270 manantia
277 3200 403 3270 fluenta
430 3200 567 3270 divinae
583 3199 760 3270 doctrinae
787 3199 951 3282 hauriret,
970 3212 1003 3268 et
1025 3198 1144 3268 eadem
1172 3200 1271 3268 nobis

28 3285 219 3360 postmodum
245 3288 395 3378 praefixo
419 3289 503 3359 certi
528 3290 692 3378 temporis
712 3288 858 3359 articulo
881 3289 1090 3379 propinaret.

60 3369 131 3468 §lb
155 3379 299 3478 llagnus
324 3375 481 3448 videlicet
510 3379 659 3467 paradisi
689 3379 828 3460 lluvius,
854 3378 914 3464 qui
938 3399 978 3446 ex
1003 3374 1187 3467 principali
1217 3375 1272 3445 sui

28 3449 108 3546 lentis
135 3465 266 3556 origine
304 3466 491 3555 prolluens,
524 3488 563 3536 ac
595 3467 747 3538 uberiori
780 3466 979 3538 coelestium
1019 3465 1271 3564 charismatum

28 3546 225 3642 inundatione
250 3555 451 3644 procedens,
478 3555 673 3642 squalentia
697 3557 829 3626 deserta
847 3555 1080 3626 humanarum
1104 3564 1271 3622 mentium

31 3647 144 3722 irrigat,
171 3657 204 3711 et
226 3643 269 3712 ad
296 3641 498 3734 proferenda
526 3645 694 3714 bonorum
721 3666 863 3734 operum
897 3657 1070 3731 tamquam
1104 3662 1272 3711 novarum

29 3713 141 3812 sttrgum
161 3733 328 3885 germina,
355 3733 533 3803 uberrima
552 3731 726 3802 fertilitate
749 3731 922 3802 fecundat.
942 3737 981 3800 Et
1005 3753 1072 3802 non
1100 3729 1272 3799 immerito

32 3815 366 3900 temperandarum
393 3822 656 3910 supereminens
680 3821 839 3890 revelatio
861 3820 999 3890 Deitatis
1020 3819 1144 3908 virgini
1169 3818 1273 3888 debe-

33 3887 118 3989 blfflt,
143 3920 177 3976 ut
200 3909 258 3994 qui
281 3910 396 3980 carnis
413 3911 551 3980 sibimet
567 3910 759 4000 amputavit
779 3907 971 3987 illecebras,
990 3907 1082 3978 felici
1104 3929 1273 3977 commer-

33 4000 81 4062 iio,
97 4009 149 4076 pro
165 3998 295 4066 carnali
315 3998 510 4080 dulcedine,
528 3999 727 4069 coelestium
742 3997 924 4088 epularum
942 3997 1072 4067 divitiis
1087 3995 1270 4066 frueretur.

37 4069 68 4134 ld
88 4086 205 4152 tantuin
226 4086 358 4156 scilicet
380 4088 511 4179 gratiae
537 4100 716 4175 provectus
738 4101 790 4158 cst
819 4086 1051 4177 privilegium,
1069 4099 1108 4156 ut
1133 4104 1271 4154 omnem

39 4165 259 4254 transgrediens
289 4189 494 4258 creaturam,
515 4177 599 4246 illuc
624 4176 696 4245 acie
727 4177 850 4245 mentis
874 4176 1079 4266 attingeret,
1108 4195 1177 4262 quo
1201 4195 1270 4242 iioii

40 4243 194 4353 Propheta,
223 4284 289 4331 non
316 4265 531 4347 Patriarcha,
560 4286 628 4335 non
653 4265 802 4351 denique
826 4263 1010 4351 quisquam
1037 4263 1179 4352 abipso
1204 4265 1273 4353 pri-

41 4341 144 4413 ttttrdio
165 4363 388 4441 cognoscatur
413 4355 447 4422 in
473 4375 575 4424 carne
605 4355 736 4443 positus
767 4351 975 4442 adspirasse.
996 4357 1062 4423 Nec
1088 4353 1214 4422 mirum
1243 4352 1271 4424 si
