2932 4812
1461 205 1463 272 l

263 311 328 374 590
536 327 575 374 nn
600 327 626 373 s.
655 327 830 374 srnrssrno
855 328 933 374 mm
957 329 996 376 nr
1019 327 1167 376 consess.
1311 307 1379 372 ott.
1407 309 1436 371 :n
1462 291 1463 300 ¹

220 411 366 502 figuram
385 412 473 482 beati
507 413 667 502 martyris
692 413 809 482 Sabini
830 412 1002 502 depictam
1027 413 1263 502 conspexisset,
1291 433 1349 480 mor
1365 431 1440 478 cun¹

213 502 411 590 juramento
430 499 623 582 affirmarit,
653 499 753 570 talem
778 502 921 571 omnino
944 523 1024 571 eum
1049 502 1161 571 virum
1185 502 1241 588 qni
1264 521 1295 568 sa
1314 501 1340 568 in
1360 499 1443 566 bell.

220 602 417 679 protexerat,
444 587 602 669 lormam,
630 589 856 678 habitumque
883 590 1057 661 babuisse.
1088 595 1246 680 Tuumne
1268 586 1442 657 intellectum

216 692 280 835 est',
301 678 436 748 beatum
464 691 647 768 martyrem
666 678 832 748 Sabinum
853 679 1015 748 eidemin
1033 678 1162 769 proelio
1181 677 1362 765 adjutorium
1373 697 1444 743 cou-

219 779 255 838 tu
272 787 350 838 isse.

359 1079 473 1178 titt
509 1081 552 1180 S.
588 1078 865 1180 St'ttttstttt
900 1069 916 1100 ⁴
951 1080 1120 1180 tritri
1158 1079 1335 1180 llillldtll

251 1337 392 1385 AUCTORE
417 1337 551 1385 stercoris
574 1337 810 1392 uerarflnasre,
839 1337 878 1384 UT
902 1338 1047 1386 ueneror
1071 1338 1188 1394 QUINTO
1211 1337 1291 1386 totto
1312 1335 1419 1382 ttotstt.

579 1533 673 1589 obiit
693 1546 783 1590 auno
805 1535 864 1590 8³5
886 1563 923 1574 -
944 1534 1130 1590 Romanus.

260 1743 338 1828 §1-
368 1740 557 1810 venerandi
580 1739 732 1828 quidem,
758 1752 791 1811 et
850 1740 885 1810 ui
910 1745 1016 1810 Deum
1044 1739 1203 1812 viderunt
1225 1739 1373 1830 sposntt,
1394 1757 1442 1804 on·

216 1849 293 1898 nem
315 1829 433 1900 orbem
459 1841 567 1898 terrae
586 1829 764 1910 obeuntes,
785 1761 1017 1915 inlominum
1033 1830 1159 1899 animis
1175 1829 1352 1900 salutarem
1372 1845 1441 1894 sem

216 1929 344 1989 narunt
368 1917 671 2008 praedicationem,
697 1931 730 1991 et
754 1917 882 1989 multos
907 1917 1133 1989 traduxerunt
1159 1918 1203 1988 ab
1227 1939 1336 1988 errore
1356 1915 1390 1984 ad
1408 1917 1440 1978 tt<

214 2007 466 2098 cognitionem:
493 2007 553 2076 sed
580 2006 734 2076 nondum
765 2005 870 2077 libere
893 2019 925 2078 et
949 2005 1093 2077 fidenter
1118 2028 1154 2077 se
1180 2008 1319 2097 gerebat
1346 2006 1425 2095 pieta

215 2097 324 2166 donec
348 2095 496 2186 insignis
520 2099 721 2185 Imperator,
748 2107 781 2164 et
808 2094 857 2165 rel
884 2095 969 2196 ipsis
992 2095 1273 2186 aequiparandus
1296 2091 1440 2186 lpostols.

215 2185 458 2256 Constantinus
475 2183 532 2253 ille
549 2188 705 2276 Magnus,
734 2183 791 2254 Dei
816 2184 1031 2343 providentia
1049 2205 1090 2254 ex
1113 2185 1241 2276 agresti
1264 2184 1335 2255 olea
1356 2185 1440 2250 insen·

217 2288 310 2345 retur
324 2275 359 2342 in
383 2273 539 2342 sativam.
566 2274 631 2357 Qui
659 2285 773 2343 autem
798 2295 815 2342 a
865 2271 1067 2344 infidelitate
1090 2293 1171 2343 eum
1196 2273 1344 2344 traduxit
1363 2269 1397 2339 ad
1421 2265 1442 2332 l·

216 2362 306 2444 dem,
334 2363 364 2432 is
375 2362 454 2452 jure
477 2359 654 2448 judicetur
677 2383 752 2433 esse
775 2383 899 2444 causa,
926 2374 964 2434 ut
991 2382 1027 2431 se
1055 2360 1162 2432 libere
1185 2375 1283 2454 gerat
1311 2363 1408 2453 pietas.
1427 2387 1443 2414 r-

215 2473 335 2522 omnes
358 2451 427 2520 sere
460 2472 496 2522 se
519 2449 745 2522 submiserint
772 2449 908 2521 divinae
938 2449 1199 2541 praedicationi.
1233 2455 1267 2521 Is
1290 2464 1339 2521 est
1363 2459 1444 2518 aum

215 2540 355 2610 divinus
380 2539 571 2631 sylvester,
598 2540 655 2610 cui
685 2539 734 2608 vel
760 2539 824 2609 hoo
845 2539 958 2610 solum
984 2539 1156 2608 suffecerit
1186 2538 1230 2608 ad
1254 2541 1331 2630 ejus
1362 2531 1446 2607 laudes

215 2628 449 2700 celebrandas.
469 2628 506 2697 Ei
526 2639 640 2698 autem
660 2639 712 2698 est
727 2629 888 2698 universa
905 2627 971 2698 vita
988 2640 1021 2697 et
1036 2626 1222 2698 laudabilis
1242 2641 1276 2698 et
1301 2633 1437 2716 beogratr

214 2725 246 2789 'et
265 2739 352 2807 quae
370 2718 423 2799 iis,
449 2717 510 2804 qui
536 2717 646 2786 virum
672 2717 790 2788 volant
814 2716 966 2799 laudare,
997 2717 1136 2806 praebet
1158 2716 1314 2807 amplam
1337 2731 1429 2786 encom

216 2808 405 2878 materiam.
425 2811 465 2875 Et
487 2805 530 2875 iis
545 2803 700 2896 quidem,
722 2807 783 2896 qui
807 2817 889 2877 sunt
912 2817 1069 2876 amantes
1097 2806 1251 2886 virtutis,
1288 2805 1358 2876 lans
1383 2799 1446 2897 illin¹

215 2895 376 2967 laetitiam
401 2893 529 2964 adseret
552 2906 584 2964 et
602 2893 798 2965 utilitatem.
825 2899 908 2966 Nam
929 2894 1147 2984 juvabuntur
1172 2894 1333 2983 quidem,
1358 2891 1405 2980 qui
1423 2900 1449 2952 ar-

215 2984 309 3054 illius
326 2983 394 3054 vita
414 2983 544 3054 incitati
562 2982 689 3054 suerint
712 2983 756 3052 ad
781 2983 1008 3054 imitationem
1025 2982 1195 3053 bonorum
1216 2982 1312 3054 illius
1326 2999 1436 3078 opertu

214 3073 458 3144 Convenienter
471 3084 585 3144 autem
603 3072 645 3152 ei,
666 3072 758 3158 quod
781 3072 866 3144 dicit
889 3072 1170 3162 sapientissimus
1186 3072 1359 3154 Salomon,
1378 3083 1461 3140 errant

214 3161 442 3233 laetabuntur.
472 3167 554 3233 Com
579 3162 742 3232 tondatur
757 3164 885 3253 joarin,
913 3161 1026 3249 inquit
1043 3160 1112 3242 ille,
1143 3163 1360 3232 laetabuntur
1381 3157 1446 3226 noli

212 3253 456 3411 populibsmt
478 3272 559 3341 ergo
575 3249 683 3318 divini
702 3251 807 3341 hujus
822 3250 930 3341 patris
954 3271 1010 3321 res
1026 3248 1221 3320 narrandae
1234 3263 1268 3320 et
1294 3245 1448 3321 laudanda

240 3362 356 3412 ronrr
384 3363 436 3411 us.

216 3365 276 3519 βξ
302 3434 346 3502 2.
374 3434 479 3516 itque
494 3428 636 3515 quinam
661 3427 801 3517 quidem
818 3426 947 3497 luerint
972 3428 1088 3518 magni
1113 3426 1208 3498 illius
1225 3427 1289 3496 viri
1315 3437 1460 3516 parentes„

214 3532 282 3591 eta
306 3519 434 3607 quibus
458 3518 502 3588 sit
527 3516 561 3585 in
580 3516 691 3587 lucem
716 3516 840 3597 editus,
868 3517 969 3586 reteri
1001 3516 1089 3587 libro
1113 3515 1155 3586 de
1185 3537 1224 3587 co
1249 3529 1410 3587 tractante.
1428 3527 1447 3572 tt

214 3631 316 3695 quem
343 3606 540 3688 incidimus,
564 3627 630 3676 non
656 3604 721 3676 luit
744 3605 977 3686 declaratum,
1005 3607 1065 3695 qui
1097 3605 1208 3696 prisce
1243 3603 1413 3674 admodum
1430 3606 1460 3684 dt

216 3697 419 3788 simpliciter
435 3707 485 3766 est
503 3694 728 3786 compositus.
742 3694 908 3777 Quocirca
931 3715 970 3764 ea
982 3715 1120 3783 quoque
1140 3706 1221 3765 sunt
1239 3717 1259 3763 a
1276 3693 1372 3764 nobis
1385 3705 1448 3780 prat·

215 3787 383 3860 termissa.
411 3789 494 3856 Cum
515 3795 628 3854 autem
650 3796 739 3854 esset
763 3783 878 3854 adbuc
894 3783 1046 3872 juvenis,
1073 3792 1211 3854 secutus
1227 3793 1279 3852 est
1301 3777 1438 3870 quemdatj

215 3877 396 3949 Curionem
423 3873 673 3964 presbyterum,
697 3873 807 3942 virum
832 3883 864 3942 et
879 3870 947 3941 fide
971 3884 1114 3953 rectum,
1134 3885 1166 3942 et
1182 3872 1217 3940 in
1235 3871 1338 3942 rebus
1357 3867 1447 3939 dirius

214 3966 401 4046 eruditum,
428 3975 459 4032 et
474 3964 541 4033 vita
556 3963 664 4053 pium:
691 3982 792 4050 aquo
816 3961 917 4031 etiam
935 3959 999 4030 suit
1014 3959 1239 4032 confirmatus
1258 3972 1290 4031 et
1313 3957 1459 4098 stabilitati

241 4131 253 4156 *¹
269 4130 384 4170 Habemus
399 4127 612 4176 praeclarissimum
626 4125 745 4170 Sanctum.
758 4125 907 4174 primumque
925 4125 1061 4175 pacificatae
1079 4135 1092 4166 ι
1108 4121 1265 4166 constantino
1280 4124 1391 4164 Ecclesiae
1401 4121 1427 4157 it

214 4181 286 4222 ficem.
302 4183 390 4228 mugnis
405 4180 476 4218 robus
491 4180 564 4228 gestie
580 4181 603 4218 ot
620 4176 746 4218 sanctitate
762 4179 928 4218 venerandum.
947 4176 1041 4218 Utinam
1059 4179 1106 4218 tam
1122 4187 1178 4217 ver-a
1196 4183 1259 4218 asset
1274 4175 1430 4228 rjosbtsrorsj
1458 4195 1459 4222 2

214 4235 310 4280 ncrtptts
325 4235 387 4274 ultro
403 4231 507 4280 citroque
522 4233 616 4280 agitato.
630 4235 654 4271 at
669 4241 716 4271 non
732 4231 763 4272 ica
777 4231 867 4278 pridem
878 4233 931 4280 post
940 4233 1029 4272 multos
1039 4232 1097 4272 sltos
1107 4233 1215 4272 eruditos
1224 4233 1294 4276 viros,
1303 4242 1318 4270 a
1327 4230 1405 4278 Peptbr
1417 4233 1431 4260 ἰΥ
1458 4223 1459 4242 ¹

215 4287 239 4320 ct
252 4285 369 4341 innrrtngo
384 4296 426 4334 pro
440 4297 487 4325 nou
501 4287 584 4332 exiguo
595 4285 729 4332 perterriti
740 4285 856 4324 convicta:
868 4295 928 4333 quac
938 4285 1053 4324 cathodte
1064 4285 1223 4325 litteratorum
1237 4285 1285 4324 scre
1300 4287 1395 4324 omnium
1410 4289 1420 4314 r
1441 4287 1444 4292 ’

215 4336 322 4380 piissima
337 4341 422 4384 opimo.
432 4360 457 4368 -
466 4341 502 4378 ltu
516 4337 628 4377 sollerius
640 4339 664 4377 ln
674 4337 854 4378 diremptionibus
864 4339 894 4378 td
905 4339 1003 4378 ttsnardi
1016 4336 1215 4386 blsrtymlonium,
1224 4338 1268 4377 hsc
1277 4333 1321 4377 dle.
1333 4359 1353 4365 -
1366 4337 1430 4374 literni

216 4387 298 4444 routus
312 4391 335 4427 tn
346 4392 367 4430 S.
380 4392 494 4439 sylvestri
506 4390 568 4432 Actia
579 4402 592 4430 o
602 4391 761 4440 bictaphraste
773 4392 851 4436 oditis,
863 4393 963 4432 nonnette
973 4393 1103 4436 desiderari,
1113 4389 1182 4432 immo
1194 4390 1340 4432 emendarit*
1349 4389 1417 4428 utun

215 4445 266 4482 ipss
276 4439 400 4489 deturpata
411 4455 470 4490 osse,
480 4446 574 4485 tutetur.
586 4445 670 4484 Censet
680 4441 794 4484 Boionius
806 4446 861 4484 Acts
870 4445 1006 4494 hujusmodi
1017 4447 1162 4484 adtitamrntu
1171 4448 1305 4485 extrinsecas
1314 4445 1403 4492 nesapiu-
