3046 4838
213 289 234 352 6
576 307 616 353 mc
640 305 667 354 s.
690 305 794 354 ruram
818 307 867 354 ur.
893 304 1024 354 novrou.
1302 283 1387 351 DEC.
1416 287 1429 349 t

168 391 291 462 etenim
318 391 370 460 vir
389 402 539 476 sanctus,
558 412 598 460 ac
617 391 775 484 degente
795 414 857 462 sua
871 390 1010 474 electus,
1029 387 1273 477 vocabiturque
1289 410 1436 480 magnus

169 481 204 550 in
224 480 373 551 Ecclesia
391 479 513 552 Christi
531 481 733 552 sacerdos.»

212 573 230 658 ξ
253 575 299 642 8.
326 570 435 662 Igitur
458 569 588 662 Eligius
613 571 762 641 nutritus
786 582 836 641 est
853 570 887 638 in
913 568 981 639 lide
1004 580 1106 647 recta,
1125 579 1226 656 atque
1242 567 1397 638 imbutus
1416 588 1436 635 a

167 661 367 750 parentibus
388 660 589 732 Christianis
610 660 668 730 reli
698 661 773 730 ioue
796 659 975 729 catholica.
995 658 1123 728 Exinde
1142 659 1249 748 igitur
1270 655 1436 748 pueritiae

167 771 277 819 annos
299 748 481 832 excedens,
511 772 631 820 aevum
653 685 900 820 adolescentiae
925 770 1004 818 cum
1025 747 1195 818 industria
1218 749 1378 837 gerebat,
1405 757 1438 814 et

166 838 331 927 quicquid
357 840 470 931 operis
493 839 593 909 aetati
611 861 693 910 suae
711 860 902 930 congruum
929 837 1146 928 arripuisset,
1177 837 1264 906 mira
1284 836 1439 937 agilitate

167 928 377 1018 perficiebat.
403 933 486 999 Cum
504 950 585 1019 ergo
602 929 728 998 videret
745 943 839 1019 pater
852 928 926 1014 ejus
945 939 1074 996 tantum
1097 925 1352 1017 tiliiingenrum
1371 937 1439 994 tra-

167 1017 256 1088 didit
278 1018 416 1088 eumad
435 1017 663 1088 imbuendum
682 1017 874 1088 honorabili
895 1017 977 1097 viro,
995 1015 1127 1086 dbboni
1148 1014 1323 1094 vocabulo,
1341 1012 1439 1082 labro

167 1107 303 1177 aurifici
319 1107 571 1198 probatissimo:
589 1107 649 1194 qui
665 1128 704 1177 eo
718 1122 868 1197 tempore
884 1107 917 1175 iu
934 1105 1019 1175 urbe
1036 1104 1249 1174 Lemovicina
1261 1103 1437 1193 publicam

168 1194 297 1267 fiscalis
312 1208 465 1267 monetae
480 1194 652 1266 officinam
670 1196 820 1299 gerebat.
842 1200 950 1284 hquo
966 1195 1001 1263 in
1019 1194 1111 1263 brevi
1130 1194 1235 1283 hujus
1250 1191 1354 1262 officii
1370 1214 1441 1262 usu

168 1286 368 1374 plenissime
384 1286 517 1368 doctus,
542 1286 652 1374 coepit
676 1299 764 1356 mter
788 1286 916 1355 ricinos
936 1296 968 1354 et
992 1283 1203 1374 propinquos
1232 1283 1266 1352 in
1293 1281 1439 1351 Domino

168 1375 387 1446 laudabiliter
411 1375 583 1446 honorari.
607 1377 750 1448 Gerebat
768 1377 859 1444 euim
885 1371 1139 1464 simplicitatem
1165 1370 1368 1453 columbae,
1396 1393 1441 1440 ne

167 1467 329 1553 cuiquam
352 1464 606 1534 machinaretur
628 1465 735 1535 dolos.
764 1463 917 1534 Habebat
939 1477 972 1532 et
995 1461 1163 1553 serpentis
1183 1461 1367 1542 astutiam,
1395 1481 1441 1529 ne

166 1554 312 1624 aliorum
332 1554 612 1645 supplantaretur
628 1553 777 1624 insidiis.
797 1554 1015 1644 Dignumque
1033 1551 1067 1622 in
1083 1551 1216 1620 cunctis
1236 1549 1366 1619 habens
1382 1549 1442 1618 in-
1496 1585 1499 1593 v

165 1645 319 1736 genium,
337 1657 369 1714 et
385 1642 484 1714 sacile
499 1643 714 1731 loquebatur,
740 1655 773 1713 et
798 1665 893 1734 pure.
916 1641 1143 1711 Ecclesiarum
1165 1641 1267 1709 etiam
1292 1659 1441 1708 conven-

166 1733 281 1803 ticulis
297 1732 491 1821 frequenter
506 1733 677 1815 intererat,
695 1745 727 1802 et
742 1751 980 1819 quaecumque
993 1731 1041 1800 ibi
1057 1728 1235 1800 exdivinis
1252 1727 1442 1818 Scripturis

164 1822 407 1905 recitabantur,
427 1844 544 1892 aurem
565 1821 710 1892 libenter
733 1820 1009 1901 accommodans,
1029 1818 1227 1889 avidissime
1242 1817 1437 1898 hauriebat,

164 1926 266 2001 atque
290 1913 336 1982 ita
357 1913 391 1982 in
408 1911 510 1982 corde
526 1933 589 1981 suo
607 1911 770 1982 memoria
797 1909 1011 1990 recondebat,
1030 1919 1069 1978 ut
1086 1909 1187 1978 etiam
1213 1929 1291 1978 cum
1313 1907 1442 1978 absens

165 2015 265 2084 esset,
287 2025 326 2072 aa
346 2023 434 2090 quae
448 2001 626 2082 didicerat,
651 2000 871 2071 meditatione
886 1998 1115 2068 intentissima
1133 1997 1332 2067 ruminaret.

209 2093 228 2180 ἓ
252 2096 293 2165 4.
321 2095 454 2162 Interea
471 2102 547 2181 post
562 2089 693 2177 aliquot
717 2111 826 2160 annos
850 2089 958 2158 extitit
980 2086 1149 2176 quaedam
1166 2107 1293 2167 causa,
1321 2085 1442 2156 divina

167 2179 299 2271 (credo)
322 2182 536 2272 gubernante
560 2179 784 2269 providentia,
810 2191 860 2260 ut,
884 2177 1000 2248 relicta
1024 2178 1133 2268 patria
1156 2188 1189 2247 et
1212 2174 1439 2266 parentibus,

47 2263 59 2290 ⁰
167 2275 375 2341 Francorum
406 2270 515 2340 adiret
534 2268 671 2351 solum;
698 2269 767 2370 uhi·
784 2267 903 2358 paucis
926 2265 1055 2358 degens
1081 2266 1229 2348 diebus,
1255 2264 1366 2334 faetus
1388 2279 1443 2335 est

168 2373 269 2430 notus
286 2359 423 2429 cuidam
453 2359 555 2450 Regis
579 2358 802 2438 thesaurario,
827 2356 977 2428 Bobboni
998 2355 1185 2434 vocabulo,
1205 2355 1276 2424 viro
1295 2353 1442 2424 honesto

166 2463 198 2520 et
217 2463 405 2519 mansueto.
426 2448 529 2538 Cujus
547 2469 582 2518 se
598 2447 787 2537 patrocinio
804 2446 1032 2526 committens,
1051 2447 1117 2516 sub
1136 2443 1212 2532 ejus
1228 2442 1357 2514 ditione
1381 2441 1443 2513 de-

166 2538 278 2631 gebat.
291 2543 433 2608 Strenue
445 2537 536 2606 enim
551 2537 593 2606 ad
606 2559 707 2606 omne
718 2559 807 2627 opus
819 2557 854 2605 se
864 2536 1013 2626 aptabat,
1026 2549 1058 2604 et
1070 2555 1201 2616 omues,
1215 2555 1294 2604 cum
1308 2533 1442 2620 quibus

166 2628 315 2715 colloqui
333 2627 509 2715 potuisset,
528 2647 591 2696 suo
605 2649 720 2696 amore
736 2626 948 2695 annectebat.

209 2719 294 2804 55.
322 2721 398 2786 Post
429 2714 568 2803 aliquod
601 2727 714 2785 autem
747 2715 910 2806 temporis
935 2712 1176 2793 intervallum,
1209 2711 1363 2802 pervenit
1391 2711 1439 2782 ad

166 2807 321 2876 notitiam
347 2805 482 2876 Clotarii
501 2804 741 2874 *Francorum
758 2805 871 2894 Regis,
893 2802 1091 2892 hujusmodi
1108 2823 1279 2872 excausa.
1298 2800 1442 2872 Volebat

164 2897 255 2966 enim
275 2895 364 2964 idem
379 2900 449 2964 ltex
468 2893 586 2964 sellem
605 2895 736 2963 urbane
755 2915 839 2963 auro
856 2893 1070 2984 gemmisque
1084 2891 1272 2962 fabricare:
1289 2890 1347 2960 sed
1368 2911 1440 2960 non

165 2984 403 3054 inveniebatur
426 2985 461 3052 in
487 2983 563 3072 ejus
589 2983 733 3073 palatio,
764 2984 825 3070 qui
853 2980 1054 3072 hujusmodi
1078 3003 1183 3070 opus,
1211 2982 1299 3051 sicut
1324 2993 1443 3050 mente

164 3086 377 3164 conceperat,
395 3087 507 3163 posset
518 3094 619 3174 opere
635 3071 809 3163 perficere.
829 3077 910 3141 Cum
929 3071 1029 3142 sciret
1045 3092 1126 3161 ergo
1146 3069 1319 3161 praelatus
1333 3070 1442 3158 Regis

164 3163 400 3234 thesaurarius
418 3161 515 3254 Eligii
537 3160 756 3243 industriam,
772 3161 884 3252 coepit
897 3159 1073 3251 explorare
1084 3182 1177 3241 eum,
1193 3158 1442 3246 siquominus

163 3275 251 3346 opus
275 3265 428 3344 optatum
456 3265 569 3343 posset
593 3251 767 3342 perficere.
795 3255 833 3322 Et
856 3273 934 3321 cum
957 3249 1055 3320 lacilc
1079 3249 1112 3319 id
1139 3248 1229 3339 apud
1255 3269 1334 3318 eum
1360 3246 1441 3317 lieri

162 3343 395 3424 intellexisset,
417 3342 595 3432 ingressus
609 3341 650 3410 ad
668 3341 874 3431 principem,
902 3339 1066 3409 indicavit
1088 3339 1121 3408 ei
1136 3337 1308 3407 invenisse
1328 3357 1364 3406 se
1380 3358 1441 3406 ar-

163 3434 289 3505 tificem
315 3433 539 3514 industrium,
563 3431 624 3520 qui
643 3429 848 3521 dispositum
869 3430 942 3498 sine
956 3427 1176 3498 cunctamine
1193 3426 1441 3518 aggrederetur

161 3527 236 3612 ejus
259 3545 359 3614 opus.
386 3527 480 3590 'lunc
498 3526 567 3592 Rex
592 3533 703 3590 mente
721 3519 916 3610 gratissima
938 3517 1079 3587 tradidit
1102 3517 1134 3586 ei
1159 3517 1333 3605 copiosam
1358 3517 1440 3586 auri

162 3612 354 3703 impensam
372 3633 379 3680 τ
395 3610 500 3682 sedet
516 3612 590 3701 ipse
603 3609 832 3679 nihilominus
847 3607 986 3678 tradidit
999 3605 1120 3696 Eligio.
1135 3607 1174 3675 dt
1185 3605 1243 3674 ille
1255 3617 1437 3695 acceptum

160 3722 248 3791 opus
267 3705 358 3771 cum'
374 3700 545 3770 celeritate
564 3699 749 3779 inchoavit,
776 3711 877 3785 atque
895 3719 975 3766 cum
992 3695 1171 3785 diligentia
1186 3695 1340 3766 celeriter
1355 3715 1441 3764 con-

134 3811 140 3826 ·
160 3791 358 3860 summavit.
386 3790 538 3876 benique
554 3788 644 3875 quod
664 3788 705 3857 ad
723 3787 830 3858 unius
843 3786 973 3876 opificii
996 3799 1172 3875 acceperat
1187 3805 1304 3864 usum,
1332 3784 1379 3853 ita
1395 3806 1440 3854 ex

78 3877 82 3886 '
159 3901 199 3948 eo
218 3879 288 3948 dam
311 3880 516 3969 composuit,
543 3892 581 3947 ut
600 3876 804 3948 incredibile
826 3875 923 3956 iuret,
949 3877 1063 3944 omnia
1084 3896 1122 3944 ex
1139 3872 1257 3944 eodem
1285 3871 1440 3963 pondere

158 3969 233 4038 lieri
249 3969 413 4070 potuisse.
441 3973 523 4038 Nam
549 3967 680 4054 absque
705 3965 778 4036 ulla
801 3964 933 4045 fraude,
962 3963 1010 4034 vel
1036 3964 1142 4036 unius
1165 3964 1266 4032 etiam
1289 3962 1439 4048 siliquae

158 4058 413 4140 imminutione,
429 4057 652 4127 commissum
670 4056 736 4125 sibi
755 4055 885 4145 paravit
898 4075 1008 4144 opus:
1031 4075 1099 4123 non
1115 4066 1327 4124 caeterorum
1340 4049 1438 4122 frau-

157 4146 347 4217 dulentiam
371 4160 516 4228 sectans,
547 4168 615 4216 non
645 4144 816 4215 mordacis
841 4143 944 4213 limae
972 4143 1022 4213 ira
1050 4143 1143 4212 mina
1166 4141 1336 4232 culpans,
1364 4161 1436 4210 non

157 4235 223 4306 soci
248 4237 385 4308 edacem
400 4236 577 4306 llammam
595 4235 773 4306 incusans:
793 4233 850 4304 sed
867 4232 984 4304 omnia
1000 4165 1147 4302 fideliter
1166 4230 1357 4322 complens,
1375 4251 1438 4334 ge-

159 4326 289 4396 minam
309 4326 435 4397 meruit
458 4325 538 4395 felix
562 4324 887 4394 remunerationem.
906 4327 1001 4413 Opus
1020 4343 1101 4413 ergo
1118 4320 1306 4413 perlectum
1325 4319 1438 4389 delert

185 4453 198 4480 ⁸
212 4453 289 4504 Batus
297 4453 400 4498 nomana
409 4454 439 4502 11,
448 4449 490 4505 qui
499 4453 528 4494 ab
538 4461 599 4494 anuo
609 4451 648 4493 sat
657 4459 732 4502 usqae
742 4451 773 4492 aa
783 4461 870 4493 annum
881 4451 1030 4500 alerannum
1040 4447 1126 4492 tenuit.
