2934 4810
179 1828 320 1906 diverit
338 1828 425 1904 dmm
463 1826 540 1904 Nos
559 1827 599 1903 in
631 1825 702 1904 hac
727 1825 765 1902 S.
788 1825 950 1902 Maximi
968 1824 1160 1921 cathedra,
1188 1825 1256 1900 etsi
1272 1821 1402 1921 indiguis·

182 1946 284 2038 simi,
308 1945 489 2041 sedemus3
518 1948 556 2022 et
578 1948 683 2022 tuam
715 1943 813 2021 hanc
831 1943 932 2021 Surii
963 1944 1167 2021 editionem
1185 1941 1403 2021 consideramus

180 2067 238 2142 uti
258 2091 376 2142 unum
395 2066 439 2141 de
458 2063 709 2141 monumentis
730 2063 1081 2167 Archiepiscopatus
1106 2065 1246 2140 Nostri.

289 2189 368 2265 Nos
389 2190 587 2291 propterea
606 2213 733 2266 omnes
765 2187 919 2266 clericos
938 2191 976 2264 et
995 2175 1264 2265 Christifideles
1279 2182 1402 2261 crhono-

185 2332 284 2405 mur,
307 2311 350 2385 ut
368 2307 437 2386 has
455 2309 568 2384 Vitas
585 2307 815 2410 {Sanctorum
848 2307 918 2384 sibi
936 2309 1169 2410 comparent,
1192 2329 1310 2408 easque
1324 2299 1403 2406 perle-

182 2433 290 2533 gant,
312 2433 351 2507 et
383 2431 422 2506 in
441 2431 488 2506 iis
516 2430 683 2507 ediscant
701 2454 784 2531 quae
816 2430 866 2504 sit
899 2429 963 2507 via
993 2453 1077 2529 quae
1096 2429 1199 2506 ducit
1217 2429 1259 2506 ad
1275 2429 1401 2504 aeterum

182 2555 464 2648 beatitudinem,
486 2557 524 2631 et
543 2556 682 2656 quanta
714 2553 764 2630 sit
781 2553 840 2630 vis
872 2554 958 2631 fidei
980 2553 1175 2632 catholicae
1204 2553 1243 2630 in
1258 2543 1400 2628 evehendis
1438 2598 1441 2605 ·

184 2673 396 2753 hominibus
414 2699 438 2751 a
456 2677 565 2751 rebus
596 2673 836 2750 terrestribus
869 2672 915 2750 ad
937 2697 1251 2776 quarumcumque
1266 2665 1401 2776 perfectis·

180 2795 363 2874 simarum
382 2797 569 2873 virtutum
586 2821 768 2886 amorem,
800 2799 910 2898 atque
934 2798 979 2872 ad
998 2797 1121 2900 ipsum
1139 2797 1278 2875 culmen
1304 2787 1400 2869 sancii·

181 2919 283 2997 tatis.
306 2921 424 2996 Deum
443 2919 557 2996 etiam
581 2919 775 3023 Optimum
801 2921 1011 2998 Maximum
1038 2922 1119 2997 toto
1136 2922 1243 2998 corde
1260 2930 1400 2996 exorant<

181 3041 223 3115 ut
237 3039 449 3138 justissimo
468 3041 533 3116 tuo
552 3041 641 3116 voto
661 3039 908 3117 obsecundare
926 3039 1117 3140 dignetur,
1133 3044 1173 3116 et
1186 3035 1400 3143 quamprimum

181 3157 284 3260 Opus
304 3158 374 3234 hoo
395 3160 503 3235 tuum
521 3183 589 3263 per
606 3162 728 3236 totum
748 3160 876 3236 orbem
893 3157 1134 3238 diffundatur.

237 3367 287 3427 Ex
299 3365 424 3430 sedibus
453 3367 819 3446 ArchiepiscopolibuS,
838 3367 890 3429 die
916 3367 999 3429 festo
1023 3369 1179 3447 Corporis
1195 3363 1304 3447 ¹Christi
1319 3373 1361 3419 seu
1376 3333 1408 3408 '27'

182 3464 261 3543 maji
285 3481 372 3527 anno
390 3467 477 3543 1880,
496 3465 805 3544 Auchiepiscopatus
827 3465 939 3527 Nostri
960 3481 1063 3530 nono.

414 3775 460 3866 ἦ
495 3776 894 3848 [AUREN'HUS
939 3773 1343 3864 Arcnuepuscopm·
