2994 4832
260 277 301 340 90
578 293 616 338 uit
640 293 667 338 s.
695 293 821 339 iuuenis
845 292 990 339 incursi.
1018 291 1127 339 coion.
1342 273 1447 337 ritui
1485 259 1486 352 l

215 378 431 456 innotuisset,
461 397 553 446 nunc
578 375 716 462 quidem
744 375 908 466 gaudium
935 376 977 444 de
1004 377 1078 466 ejus
1100 376 1212 446 adbuc
1232 376 1387 463 ereptione
1407 396 1450 464 ge·

215 478 338 546 rentes,
367 487 460 534 nunc
486 485 563 533 vero
581 464 754 534 horrorem
781 465 1053 535 consideratione
1073 467 1157 534 tanti
1181 464 1317 552 periculi
1337 485 1393 532 non
1414 463 1450 530 le·
1485 471 1486 552 l

216 568 339 634 rentes,
361 576 440 623 cum
463 567 678 623 sacramento
699 555 808 622 testati
830 566 922 633 sunt,
945 576 981 622 sc
999 554 1142 622 minime
1162 554 1273 623 sinere
1289 552 1375 622 illurn
1394 573 1452 618 an·
1485 572 1486 642 i

215 643 308 732 plius
329 642 439 711 taliter
463 641 592 731 egredi,
617 663 658 711 ne
677 641 762 711 sorte
781 643 993 733 extingueret
1017 642 1193 712 lucernam
1216 641 1327 711 lsrael.
1350 645 1451 708 Eorum
1485 647 1486 730 l

215 753 294 800 vero
309 731 463 801 consiliis
480 743 511 799 et
532 730 692 819 precibus
709 753 906 820 persuasus,
927 753 1110 800 numerum
1126 731 1315 800 orationum
1330 727 1451 818 singulis
1485 731 1486 812 l

215 822 249 888 in
268 820 351 888 locis
376 819 627 902 habendarum,
650 819 770 888 deince
797 821 862 888 sin
882 819 966 890 lecto
988 820 1168 900 recubam,
1189 820 1240 889 vel
1257 821 1291 888 in
1308 839 1371 886 una
1387 839 1452 902 qua·

215 909 298 978 libet
314 907 457 978 ecclesia
472 908 675 988 consistens,
698 843 924 977 nibiibiniuus
943 908 1166 996 persolvebat.
1183 909 1230 978 ilb
1247 908 1326 977 binc
1341 925 1452 992 quoque

215 997 281 1066 tale
297 997 378 1083 quid
397 997 608 1086 excogitavit,
633 996 724 1066 uode
755 1018 820 1066 iioii
846 999 994 1086 inJuriae
1016 1019 1110 1076 suae,
1135 997 1191 1068 sed
1208 997 1292 1084 justi
1315 995 1372 1065 zeli
1391 993 1454 1062 soli·
1485 1005 1486 1058 t

215 1087 292 1154 citis
310 1087 505 1174 pastoribus
520 1097 608 1156 esset
627 1085 783 1156 imitatio.

259 1177 367 1261 §ssl-
386 1179 468 1243 Cum
488 1196 548 1262 per
564 1195 684 1244 omnes
698 1197 801 1244 curae
816 1195 899 1244 suae
916 1175 1208 1264 congregationes,
1232 1175 1455 1262 cujuscumque

218 1263 438 1352 professionis
462 1274 585 1342 esseut,
616 1263 783 1352 regularis
807 1262 1011 1352 disciplinae
1031 1265 1200 1332 tramitem
1227 1262 1359 1331 licentia
1376 1259 1454 1355 depe·

217 1352 302 1422 risse
317 1351 457 1432 doleret,
477 1349 555 1419 aliis
572 1373 633 1440 pro
650 1352 737 1420 vitae
762 1353 1033 1432 necessitatibus,
1057 1351 1134 1420 aliis
1160 1373 1220 1440 pro
1241 1351 1358 1420 mundi
1381 1369 1455 1434 cupi-

215 1439 381 1518 ditatibus
404 1453 498 1509 extra
521 1441 749 1530 vagantibus:
776 1442 1015 1510 universorum
1040 1439 1254 1510 Praebendas
1274 1462 1332 1528 pro
1349 1457 1457 1532 suppu-

218 1529 343 1598 tatione
360 1528 564 1598 annualium
589 1528 784 1598 reddituum
813 1530 905 1620 large
930 1529 1113 1618 disposuit,
1138 1529 1324 1599 nonnullas
1346 1548 1383 1596 ex
1403 1545 1457 1592 suis

215 1617 416 1706 adaugeris:
444 1629 480 1686 ut
503 1619 683 1686 occasione
707 1618 874 1687 libertatis
889 1632 1016 1707 erepta,
1038 1618 1273 1688 necessitatem
1288 1616 1362 1707 jugi
1384 1613 1457 1682 clau·

216 1706 330 1776 stralis
353 1707 487 1775 cunctis
511 1706 699 1774 induceret.
726 1711 764 1774 lii
795 1706 848 1776 bis
875 1706 1083 1794 exequendis
1108 1706 1309 1795 Apostolicis
1325 1703 1457 1774 utebatur
1485 1723 1486 1790 p

219 1795 419 1885 praeceptis,
439 1795 623 1865 obsecrans
647 1807 684 1864 ut
709 1806 815 1884 pater,
839 1795 1021 1886 increparis
1041 1806 1078 1864 ut
1100 1797 1283 1952 magister:
1311 1791 1459 1862 interdum

216 1882 374 1953 stimulos
405 1882 675 1952 exorbitantibus
708 1907 747 1953 ac
773 1883 1069 1954 recalcitrantibus
1103 1883 1144 1951 ad
1174 1903 1258 1964 ens,
1286 1896 1319 1952 et
1345 1893 1460 1951 eatenus

218 1993 258 2040 ne
285 1970 405 2040 lectam
431 1972 636 2062 disciplinae
659 1972 815 2041 coelestis
844 1972 995 2042 scholam
1023 1972 1235 2061 temporibus
1255 1973 1329 2042 suis
1355 1965 1486 2064 mundol

219 1995 419 2130 redirmaus.
447 2061 580 2144 Quibus
604 2060 817 2148 studiisque
838 2061 1095 2149 pluscliaritate
1119 2061 1280 2138 fervebat,
1308 2083 1347 2130 eo
1370 2055 1459 2127 solici·
1485 2069 1486 2142 i

217 2149 284 2219 tius
300 2151 474 2229 insistens,
492 2149 533 2218 ad
553 2150 681 2238 maiora
706 2149 843 2218 divinae
864 2149 977 2220 laudis
997 2170 1100 2238 opera
1118 2150 1228 2240 magis
1249 2151 1461 2219 inflammatus
1485 2157 1486 2240 }

214 2239 366 2318 accessit,
386 2238 541 2325 quinque
567 2239 852 2308 monasteriorum
883 2249 1074 2308 structuras
1103 2239 1145 2308 ab
1166 2240 1251 2326 ipsis
1276 2237 1486 2307 fundamen-t

216 2341 326 2396 torum
347 2328 454 2396 initiis
474 2326 515 2396 ad
536 2326 721 2414 perlectum
747 2326 924 2407 deductas,
954 2348 1019 2396 nori
1037 2327 1189 2396 animam
1210 2339 1356 2404 tantum,
1377 2321 1462 2394 sedet

215 2437 340 2504 corpus
358 2416 643 2514 omnequiuisa
668 2416 843 2485 conditore
870 2415 1031 2486 sensibus
1057 2416 1265 2496 institutum,
1290 2416 1397 2506 ipsius
1418 2407 1486 2510 adp

214 2503 333 2572 dicens
351 2503 509 2574 servitiis.
1485 2519 1486 2566 i

258 2595 358 2679 §lt
385 2597 502 2679 ltaque
525 2591 615 2679 quod
639 2593 788 2680 primurn
805 2605 878 2662 erat
895 2593 1154 2672 monasterium,
1172 2591 1264 2679 quod
1282 2592 1417 2668 dicitur,
1434 2583 1462 2652 ad

215 2679 360 2760 Gradus,
389 2682 423 2748 iii
450 2681 612 2749 bonorem
634 2695 771 2750 sauctae
796 2683 852 2751 Dei
877 2681 1057 2751 Genitricis
1086 2682 1221 2762 Mariae,
1235 2683 1340 2768 jactis
1364 2675 1467 2748 lurida-

217 2769 341 2836 meiitis
360 2769 475 2850 erexit,
495 2768 658 2854 omnique
684 2771 767 2840 varii
791 2769 923 2840 decoris
944 2769 1113 2871 elegantia
1139 2770 1256 2860 pulcre
1280 2770 1464 2840 distinctum

216 2859 447 2936 consecravit,
476 2856 625 2943 praediis
645 2857 687 2926 ad
714 2859 851 2948 triginta
879 2863 1128 2929 Canonicurum
1159 2857 1400 2928 sufficientiam
1423 2871 1466 2920 οῦ·

219 2945 310 3032 piose
325 2945 500 3034 delegatis:
516 2967 602 3030 quos
615 2946 769 3032 undique
785 2947 940 3027 scientia,
963 2949 1029 3016 vita
1046 2946 1094 3016 vel
1116 2948 1270 3016 moribus
1285 2945 1466 3033 exquisitos.
1485 2977 1486 3004 i

218 3032 298 3100 illuc
328 3032 548 3103 adunaverat.
576 3039 652 3122 lpse
684 3057 759 3104 vero
788 3035 927 3122 speciali
956 3035 1134 3104 devotione
1162 3036 1306 3104 dilectae
1333 3035 1395 3106 sibi
1417 3036 1465 3098 llo·

219 3119 331 3190 ruinae
347 3134 436 3192 totus
461 3123 653 3203 inhaerens,
681 3145 759 3191 cum
784 3125 859 3214 ejus
881 3125 1080 3214 patrociniis
1099 3124 1250 3193 animam
1268 3123 1468 3194 credidisset,

215 3209 315 3278 etiam
342 3209 554 3300 sepulturam
581 3212 614 3279 iii
643 3212 760 3282 eodem
795 3213 859 3281 sibi
889 3213 1117 3292 monasterio,
1148 3212 1262 3281 adliuc
1286 3212 1486 3288 futurorum,

217 3299 364 3380 nescius,
383 3301 540 3380 extruxit,
557 3313 589 3369 et
605 3301 703 3388 quasi
727 3301 940 3392 jamjamque
959 3303 1180 3390 migraturus
1197 3301 1311 3370 locum
1330 3297 1486 3386 frequen-l

216 3388 317 3468 tabat,
343 3409 466 3490 pernox
483 3389 517 3457 iu
536 3390 761 3470 orationibus,
780 3412 844 3458 sua
860 3411 1073 3477 suorumque
1094 3402 1232 3479 peccata
1249 3383 1486 3479 lacrymarunl

215 3476 420 3546 fluminibus
438 3479 592 3567 expians.
619 3482 771 3565 Cumque
796 3491 927 3548 noctem
954 3491 1056 3550 totam
1089 3500 1188 3569 saepe
1215 3478 1372 3548 duxisset
1395 3477 1486 3552 insu-l

217 3587 342 3643 mirem,
371 3565 435 3637 sub
460 3567 534 3655 ipso
559 3565 646 3636 lucis
671 3580 788 3636 exortu
805 3589 909 3656 super
927 3566 1119 3646 mattulam,
1148 3566 1195 3635 vel
1222 3589 1328 3656 super
1354 3563 1471 3635 nudant

216 3654 361 3724 liumum
383 3655 563 3742 aliquoties
579 3676 683 3744 super
723 3655 826 3726 radus
842 3657 875 3724 in
898 3655 1057 3744 ingressu
1072 3655 1225 3744 capitolii
1241 3675 1277 3724 se
1296 3655 1486 3742 reclinans}

216 3743 269 3810 vix
290 3756 416 3831 puncto
446 3743 608 3833 temporis
631 3679 742 3813 ocuiis
767 3744 801 3813 iri
827 3765 982 3834 soporem
1013 3743 1164 3824 clausis,
1193 3746 1352 3814 surrexit.
1382 3741 1486 3830 Cujusl

215 3832 429 3901 contritionis
460 3844 492 3902 et
520 3831 721 3918 abjectionis
755 3833 862 3902 virtus
888 3855 954 3902 noii
989 3832 1087 3902 lacile
1118 3833 1320 3904 credebatur
1353 3833 1388 3901 in
1420 3841 1486 3924 eoq

215 3918 495 4006 quandoquidem
513 3920 795 3990 familiarissimis
808 3922 881 3992 suis
902 3943 968 3992 nori
981 3943 1126 4010 -semper
1144 3922 1341 4001 innotuerit,
1363 3933 1396 3988 et
1413 3920 1486 4006 ipset

217 4004 365 4096 publicis
379 4008 554 4094 obsequiis
578 4008 723 4078 vallatus
749 4009 922 4090 incedens,
950 4010 1114 4100 adspectu
1131 4011 1206 4098 ipso
1231 4008 1429 4078 tremendus
1450 4013 1476 4070 et

139 4145 148 4166 .
216 4094 388 4194 gloriosus
421 4097 528 4166 seculi
555 4095 782 4186 dignitatibus
807 4097 933 4167 luerit:
959 4099 1019 4185 qui
1051 4110 1165 4168 tamen
1196 4099 1284 4168 inter
1314 4113 1486 4186 pauperesi

217 4183 340 4251 tibristi
360 4184 499 4270 degens,
520 4183 614 4254 mitis
628 4199 660 4255 et
676 4186 817 4256 humilis
838 4209 973 4276 semper
988 4188 1106 4258 extitit.
1126 4192 1208 4258 Nam
1231 4199 1268 4257 ut
1283 4209 1302 4255 a
1317 4185 1486 4264 fratribus}

217 4270 343 4368 nostris
358 4272 567 4358 accepimus,
589 4295 668 4342 cum
687 4275 736 4343 eis
754 4275 918 4356 residens,
939 4296 1186 4363 nonnunquam
1204 4273 1417 4346 subridendo
1435 4271 1486 4364 in}

218 4356 314 4426 tulit:
341 4381 358 4423 «
374 4363 480 4440 Quam
513 4381 700 4448 magnum,
730 4384 905 4450 quamque
929 4363 1115 4434 terribilem
1145 4365 1307 4434 omuibus
1329 4361 1486 4432 aulicis.
