2960 4824
51 283 113 346 but.
138 283 174 347 ta
387 301 423 348 na
447 302 474 348 s.
500 301 662 348 Anausaro
686 303 735 348 nr.
762 301 916 348 canarias.
1104 325 1108 334 ·
1179 285 1242 349 335

47 387 216 467 construxit,
236 398 391 454 statuens
412 385 586 456 ministros
604 387 637 454 in
654 386 853 458 executione
877 385 1133 456 Ecclesiastioae
1150 387 1287 457 institu-

47 475 145 542 tionis:
169 488 199 544 et
221 497 311 562 quos
326 488 403 544 ante
426 477 536 546 socios
561 474 728 545 habuerat
751 475 951 556 criminum,
972 475 1190 566 postmodum
1208 475 1288 545 fecit

44 576 250 652 cooperatores
282 563 480 633 divinorum
512 564 769 653 mysteriorum.
797 569 911 647 Quae,
943 563 971 633 si
998 565 1077 651 quis
1101 564 1188 633 vitae
1211 565 1287 653 ejus

43 653 162 732 seriem,
193 665 392 740 textumque
426 653 695 723 conversationis
727 651 928 742 diligentius
960 653 1155 742 inspexerit,
1186 651 1287 721 facile

42 739 165 810 inveniet
186 741 214 809 ⁴⁵:
243 741 443 830 praesertim
468 763 548 812 cum
567 741 824 812 monasteriales
844 741 1085 822 habitationes
1105 762 1192 829 quas
1212 741 1287 829 ipse

40 831 215 911 construxit,
239 831 478 920 praesentibus
504 830 617 920 potius
641 842 842 920 appareant,
862 851 966 916 quam
993 843 1109 901 nostro
1129 851 1286 900 sermone

38 916 239 1002 explicentur.
266 923 349 988 Nam
375 930 414 988 ut
436 919 478 987 de
498 918 641 1006 reliquis
665 919 798 1000 sileam,
816 941 904 1006 quae
926 919 1070 990 lortasse
1094 940 1161 988 non
1183 918 1287 988 bene-

39 1006 106 1074 mlis
120 1007 334 1078 auditoribus
351 1007 489 1078 fastidio
504 1008 584 1088 sint,
604 1007 696 1098 apud
713 1007 859 1078 Laubias
876 1009 1023 1078 extruxit
1040 1008 1285 1077 monasterium

37 1095 62 1160 in
84 1093 201 1165 honore
226 1096 317 1165 beati
341 1097 429 1166 Petri
452 1096 621 1186 Apostoli:
645 1097 737 1184 quod
766 1098 988 1168 cernentibus
1003 1097 1144 1184 quidem
1171 1097 1212 1166 ad
1235 1096 1286 1165 in-

36 1183 143 1252 dicium
167 1185 297 1276 egregii
323 1184 452 1255 laboris
476 1185 634 1254 sufficere
659 1197 778 1276 potest,
798 1185 889 1272 quod
914 1186 1016 1254 etiam
1044 1186 1147 1275 regiis
1167 1185 1287 1254 ditavit

37 1273 230 1354 niuneribus,
249 1297 289 1343 ac
313 1273 472 1343 villarum
499 1273 718 1364 familiaeque
742 1275 884 1364 replevit
900 1275 1018 1364 copia:
1045 1275 1102 1344 cui
1119 1273 1284 1362 quicquid

36 1359 168 1446 priorum
193 1368 329 1454 Regum
357 1363 593 1433 munificentia
625 1364 753 1454 passim
778 1383 839 1452 per
866 1368 1075 1433 Francorum
1105 1363 1287 1450 acquisivit

36 1471 133 1538 regna,
157 1450 340 1542 delegavit,
358 1473 402 1520 ne
418 1450 563 1521 lratrum
588 1453 809 1543 congregatio
834 1451 962 1521 ibidem
992 1451 1155 1532 serviens,
1174 1463 1287 1542 egeret

34 1537 86 1619 his,
101 1561 184 1626 quae
209 1540 393 1610 monachis
417 1539 576 1612 seruntur
599 1563 672 1612 esse
697 1561 862 1630 congrua.
881 1545 955 1624 Quo
976 1539 1008 1608 in
1027 1540 1101 1611 loco
1119 1541 1286 1628 regendae

33 1628 182 1699 Ecclesiae
198 1628 339 1706 beatum
356 1633 556 1698 Ursmarum
570 1629 605 1665 ⁴²*
621 1629 794 1720 praefecit,
811 1629 922 1700 virum
941 1631 1094 1700 moribus
1110 1643 1283 1711 ornatum,

32 1717 125 1804 signis
142 1731 175 1789 et
188 1716 372 1787 miraculis
388 1740 584 1788 coruscum:
602 1719 703 1806 cujus
722 1718 833 1788 dotem
854 1718 1052 1789 meritorum
1072 1719 1158 1788 vitae
1175 1719 1286 1809 ipsius

34 1803 151 1875 libellus
174 1807 290 1876 editus
309 1807 481 1904 insinuat.
515 1812 552 1876 In
587 1807 776 1897 praesentis
809 1817 923 1876 autem
954 1806 1100 1896 exempli
1137 1807 1283 1898 negotio,

32 1895 94 1977 quis
111 1917 174 1964 non
197 1895 351 1966 similem
367 1896 492 1964 loanni
510 1895 734 1966 arbitraretur
752 1895 965 1976 lutbertum,
984 1896 1068 1964 dum
1095 1895 1152 1964 ille
1171 1917 1211 1964 ex
1236 1895 1286 1963 la-

32 1993 110 2051 trone
134 1997 244 2055 tutum
281 1983 452 2054 Ecclesiae
483 1985 704 2072 provisorem.
733 1985 797 2054 iste
824 2007 863 2054 ex
890 2006 999 2072 aeque
1022 1984 1164 2065 latrone,
1192 1997 1224 2053 et
1247 2006 1287 2052 ex

32 2069 121 2160 impio
145 2088 294 2162 raptore,
323 2095 440 2143 verum
472 2073 550 2143 lecit
575 2074 710 2143 Domini
733 2073 972 2143 sacerdotem?
997 2072 1060 2142 Sed
1093 2073 1193 2142 nobis
1222 2072 1286 2140 ista

32 2159 147 2230 interim
172 2161 427 2252 replicantibus
448 2163 623 2251 pensanda
644 2164 793 2232 occurrit
817 2163 986 2231 immensa
1004 2163 1112 2252 pietas
1129 2160 1286 2230 Condito-

33 2247 77 2328 ris,
98 2251 155 2338 qui
180 2266 259 2341 post
284 2249 421 2341 lapsum
449 2264 642 2340 peccatores
665 2251 706 2320 ad
735 2251 965 2320 innocentiam
992 2251 1106 2320 venire
1132 2249 1282 2318 donavit.

30 2336 87 2404 lam
111 2361 148 2408 ex
171 2339 273 2408 illius
298 2341 465 2409 sententia
498 2338 671 2409 maxillam
708 2340 890 2410 Leviathan
925 2339 1061 2410 armilla
1096 2339 1285 2408 divinitatis

31 2445 96 2520 suae
119 2427 326 2518 perforatam
346 2441 377 2498 et
393 2427 579 2507 credimus,
597 2441 630 2497 et
653 2428 858 2529 gaudemus,
876 2427 960 2498 dum
987 2429 1058 2499 viro
1078 2429 1160 2498 huic
1180 2427 1285 2497 semel

32 2535 55 2579 tn
78 2515 186 2588 lauces
211 2518 292 2608 ejus
313 2516 419 2606 lapso,
439 2531 471 2587 et
495 2516 663 2587 evadendi
686 2517 819 2588 aditum
844 2517 991 2606 aperuit,
1010 2531 1053 2600 et,
1073 2539 1116 2586 ne
1140 2515 1285 2586 ulterius

32 2601 231 2686 relaberetur,
251 2605 449 2675 custodivit.

63 2696 161 2778 §AL
187 2693 332 2765 Athenis
364 2716 442 2764 vero
474 2695 559 2766 urbe
582 2699 789 2765 Graecorum
817 2693 1054 2776 nobilissima,
1085 2691 1285 2762 adolescens

29 2781 149 2862 quidam
167 2783 312 2872 inclytis
331 2797 426 2854 ortus
443 2783 627 2866 natalibus,
647 2783 841 2870 studiisque
857 2782 1047 2852 litterarum
1066 2781 1282 2864 exercitatus,

29 2868 73 2937 sed
96 2884 125 2940 et
151 2872 232 2943 fidei
256 2873 414 2942 moribus
439 2871 638 2952 adornatus,
660 2893 700 2941 ex
733 2873 958 2962 inspiratione
987 2871 1128 2961 superni
1157 2871 1285 2940 amoris

31 2961 157 3048 patriam
176 2974 408 3051 parentesque
431 2960 598 3043 deserere,
617 2981 829 3048 cursumque
855 2960 975 3050 longae
999 2960 1285 3050 peregrinationis

30 3047 242 3120 meditabatur
269 3071 463 3119 assumere:
483 3063 654 3137 quatenus
672 3049 839 3139 impensis
855 3049 1054 3140 temporalis
1070 3048 1180 3118 exsilii
1198 3071 1285 3118 mer-

30 3152 146 3207 caretur
168 3152 331 3210 aeternae
356 3140 545 3227 portionem
572 3138 803 3208 haereditatis.
827 3139 937 3230 Igitur
961 3143 1104 3208 Romam
1131 3137 1282 3218 veniens,

29 3227 156 3297 astatoria
187 3227 430 3318 Apostolorum
464 3227 628 3298 orationis
660 3229 769 3318 gratia
804 3226 995 3308 lustrando,
1028 3225 1284 3313 aliquantulum

32 3319 176 3403 temporis
197 3315 360 3406 explevit.
393 3316 457 3400 Qui
488 3329 587 3385 nocte
617 3316 766 3403 quadam
800 3314 1066 3386 lassescentibus
1093 3337 1133 3384 en
1166 3315 1285 3383 itinere

31 3404 155 3475 artubus
175 3406 210 3474 in
230 3426 396 3475 somnum
416 3404 599 3486 resolutus,
617 3405 753 3474 divinae
767 3405 935 3493 jussionis
957 3425 1036 3474 voce
1053 3416 1212 3473 monetur
1228 3424 1284 3471 oc·
1349 3402 1355 3420 '

30 3489 131 3562 ciduos
158 3493 353 3565 Galliarum
379 3493 466 3564 fines
489 3507 659 3584 expetere,
693 3515 890 3584 pagumque
913 3498 1057 3582 Hagnon
1087 3504 1282 3582 penetrans,

31 3597 203 3670 congruum
233 3603 319 3654 suae
344 3583 563 3652 habitationis
594 3580 706 3652 locum
732 3603 912 3670 quaerere,
942 3583 1003 3653 ubi
1034 3582 1181 3652 oratorio
1204 3601 1285 3648 con-

30 3679 150 3754 structo,
169 3671 363 3740 vocationis
387 3693 470 3742 suae
495 3684 559 3741 tem
582 3687 631 3740 'us
651 3681 871 3762 exspectaret.
893 3671 1009 3741 Sciens
1029 3692 1110 3760 ergo
1130 3669 1282 3738 divinam

32 3759 263 3849 providentiam
287 3759 353 3828 sibi
378 3781 546 3850 sempera
576 3773 725 3842 uturam,
747 3759 907 3830 laboriosi
923 3782 1046 3830 cursus
1066 3781 1131 3828 rion
1151 3768 1286 3848 paveret

31 3845 187 3931 tnjuriam,
218 3849 331 3918 donee
356 3849 396 3917 ad
423 3839 537 3918 locum
565 3849 779 3939 perveniret:
811 3849 873 3918 ubi
907 3850 1094 3929 inveniret,
1125 3847 1184 3938 qui
1219 3845 1286 3922 sibi

33 3938 303 4022 peregrinationis
330 3949 464 4024 portum
491 3938 695 4029 indulgeret,
723 3951 755 4006 et
774 3958 888 4006 rerum
916 3937 1114 4026 adjumenta
1135 3948 1286 4034 praesta-

32 4035 77 4090 ret.
95 4029 163 4108 Qua
185 4048 269 4095 voce
293 4025 409 4096 divina
435 4027 571 4096 beatum
596 4027 752 4117 portendi
767 4025 981 4106 Autbertum‚
999 4026 1176 4112 sequentia
1195 4023 1286 4091 indi-

32 4125 104 4180 cant.
122 4115 184 4186 sed
201 4115 398 4205 jussionem
415 4117 548 4186 Domini
561 4116 694 4206 explere
708 4114 908 4186 desiderans
924 4115 975 4183 vir
995 4117 1048 4184 Dei
1067 4112 1286 4184 Gislenus***

52 4310 59 4322 '
71 4309 170 4351 liabetur
181 4314 246 4353 enim
257 4314 312 4360 ejus
322 4309 375 4352 Vita
386 4311 409 4352 in
420 4313 469 4353 Vol.
479 4323 510 4359 vr,
519 4323 570 4363 pag.
580 4315 627 4360 35³,
638 4315 680 4353 etc.

53 4361 73 4382 ”
87 4366 106 4402 a,
116 4367 220 4406 tremat-l
231 4367 311 4405 l‘ltam
322 4366 373 4414 lage
382 4368 406 4406 ln
418 4368 467 4407 Vol.
479 4376 508 4412 tv,
517 4378 568 4416 pag.
578 4369 624 4413 34⁷,
634 4370 677 4406 etc.

53 4415 86 4436 '¹‘
100 4419 172 4468 liujus
182 4422 258 4461 vitam
269 4423 368 4468 quaerut
377 4419 450 4462 lector
459 4423 484 4461 in
495 4421 544 4462 Vol.
556 4431 638 4472 ωας.
650 4423 695 4467 305,
704 4421 749 4461 etc.
