2932 4812
16 312 88 376 titt.
114 313 158 378 29
325 331 363 376 na
387 329 415 377 s.
442 331 548 378 rnoxx
573 331 719 378 naeniae.
746 329 956 378 canruxnrnv.
1168 317 1230 379 567

14 415 153 502 cognatis
169 415 248 503 ejus
262 412 444 483 sufficeret.
455 419 577 483 Verum
593 414 651 484 ille
664 416 776 484 sciens
789 416 916 494 beatos,
927 415 988 502 qui
1003 416 1271 503 persecutionem

15 505 182 592 patiuntur
203 515 343 591 propter
353 503 538 593 justitiam,
555 515 663 573 totum
688 524 724 572 se
741 502 783 572 ad
802 503 963 574 coelestes
983 503 1169 592 capiendas
1193 527 1276 575 con-

14 592 185 660 solationes
210 594 446 671 convertebat;
468 591 774 682 contemplansque
799 597 1001 662 Sanctorum
1024 593 1191 683 exempla,
1213 595 1274 663 da-

12 703 81 747 mna
106 701 223 749 rerum
250 679 439 749 labentium
459 701 586 770 magno
606 682 723 750 animo
739 679 878 750 ferebat.
898 681 1002 750 llulta
1020 682 1156 751 interim
1181 683 1275 752 inso-

13 767 108 836 lenter
132 769 167 838 in
189 767 332 868 Angliae
356 790 462 860 regno
487 769 625 850 fiebant,
649 781 681 838 et
704 770 793 838 inter
819 769 897 848 alia,
925 769 1004 839 licet
1027 770 1061 838 id
1089 770 1279 840 Alexander

13 856 152 926 Pontifex
164 867 342 937 vetuisset,
361 858 463 948 Regis
480 857 575 927 filius
591 871 774 928 coronatus
794 870 844 926 est
864 858 907 926 ab
927 858 1094 948 Episcopo
1109 858 1272 946 quodam,

12 967 81 1012 cnm
107 959 220 1015 tamen
247 967 286 1016 ea
310 967 431 1038 regum
456 947 574 1016 unctio
586 948 665 1036 jure
689 949 831 1032 antiquo
848 947 1109 1036 drohiepiscopo
1133 953 1278 1017 Cantua-

13 1034 106 1102 riensi
130 1037 302 1104 servanda
329 1049 428 1106 esset.
463 1038 628 1126 Suspensi
658 1045 739 1104 sunt
767 1047 880 1104 autem
909 1034 952 1105 ab
980 1035 1092 1106 officio
1117 1037 1274 1126 Episcopi

14 1124 196 1211 omnesqui
213 1123 266 1193 illi
287 1124 497 1194 coronationi
517 1123 751 1213 irregulariter
766 1122 1010 1193 interfuissent.
1027 1129 1131 1194 Erant
1150 1126 1184 1193 in
1200 1127 1276 1215 Epi·

16 1211 118 1298 scopis
139 1212 302 1283 nonnulli
329 1213 368 1292 *‚
400 1213 462 1300 qui
489 1212 659 1282 Ecclesiae
686 1213 874 1282 libertatem
907 1226 1053 1282 evertere
1088 1227 1273 1295 conantes,

20 1303 127 1385 ttegem
141 1303 357 1371 concitarent
381 1302 414 1370 in
441 1315 597 1371 sanctum
625 1313 822 1391 martyrem,
850 1300 935 1368 nibil
954 1303 1075 1402 magis
1095 1323 1199 1388 quarn
1219 1323 1277 1392 pa·

16 1409 78 1454 rem
105 1387 343 1460 formidantes.
373 1390 592 1480 Scripserunt
622 1411 758 1479 quoque
790 1389 967 1458 mordaces
997 1388 1125 1459 litteras
1160 1403 1277 1462 sancto

16 1477 87 1556 viro,
107 1479 236 1564 quibus
266 1479 324 1549 ille
349 1481 484 1569 egregie
509 1479 696 1567 respondit.
724 1479 812 1548 inter
843 1477 909 1546 alia
937 1478 1102 1560 scribens,
1134 1481 1277 1549 terrenis
1331 1515 1332 1520 ι

15 1569 229 1650 potestatibus
255 1589 321 1637 non
347 1590 421 1637 esse
440 1569 644 1638 commissas
668 1568 781 1636 claves
806 1567 903 1656 regni
927 1566 1113 1647 coelorum,
1141 1568 1198 1638 sed
1225 1591 1278 1638 sa·

15 1655 172 1738 rrrdoti03
190 1670 224 1726 et
245 1669 472 1746 postpauca:
495 1679 513 1722 r<
532 1662 602 1725 lion
628 1655 874 1726 obliviscamur
893 1654 1088 1725 districtum
1109 1655 1274 1743 judicem,

15 1757 81 1810 ante
104 1747 204 1832 cujus
230 1745 384 1815 tribunal
403 1745 607 1815 constitutos
623 1745 695 1814 sola
710 1767 772 1814 nos
788 1746 910 1813 veritas
922 1742 1105 1834 judicabit.
1127 1767 1144 1808 v

53 1835 153 1916 §¹1
181 1840 222 1904 Et
255 1833 313 1903 ille
342 1834 481 1921 quidem
508 1833 591 1903 dum
623 1844 712 1904 esset
736 1834 923 1903 Pontiniaci
943 1831 998 1914 *Ἃ
1025 1853 1150 1920 corpus
1175 1854 1277 1901 suum

17 1921 120 1989 multis
135 1921 259 1992 afflixit
275 1922 398 2003 modis
417 1922 475 1992 sed
494 1922 637 2004 celabat,
656 1935 824 2009 quantum
843 1923 952 2010 potuit
972 1921 1070 1991 alios.
1092 1925 1278 1990 Contentus

17 2009 95 2076 enim
112 2010 266 2081 oleribus
279 2024 312 2081 et
324 2011 504 2082 vilioribus
522 2013 700 2101 magisque
716 2010 930 2101 parabilibus
947 2011 1045 2090 cibis,
1064 2007 1278 2078 delicatiores

18 2095 72 2163 sibi
89 2099 322 2182 subtrahebat,
343 2113 375 2170 et
395 2099 631 2190 indigentibus
650 2099 896 2169 ministrandas
913 2100 1066 2170 curabat.
1083 2102 1121 2165 ln
1139 2119 1276 2165 amnem
1375 2121 1379 2130 ·

18 2207 148 2272 quoque,
169 2191 233 2278 qui
253 2211 314 2279 per
331 2190 530 2258 monasterii
554 2189 711 2259 officinas
735 2189 950 2268 decurrebat,
972 2186 1198 2265 descendens,
1224 2187 1277 2253 in-

20 2273 156 2348 credibili
172 2302 209 2348 se
227 2278 345 2347 dolore
361 2278 542 2357 alliciebat,
565 2277 626 2346 diu
647 2277 681 2345 in
706 2275 842 2367 frigidis
859 2277 960 2362 aquis
980 2277 1194 2345 immoratus.
1217 2278 1282 2343 [le--

21 2359 141 2434 claravit
156 2368 190 2435 id
220 2368 364 2437 morbus
387 2366 467 2436 inde
492 2379 644 2436 secutus.
672 2371 755 2435 Nam
782 2387 848 2436 non
876 2365 985 2434 multo
1007 2376 1082 2456 post
1106 2363 1212 2432 altera
1236 2385 1277 2432 ex

20 2451 102 2530 genis
123 2457 303 2537 intumuit,
325 2467 357 2524 et
384 2455 555 2545 usquead
589 2455 767 2523 interiores
798 2453 914 2524 fauces
940 2452 1164 2543 computruit,
1184 2452 1278 2522 unde

20 2537 135 2612 fistulae
150 2547 296 2614 morbus
311 2556 444 2625 enatus,
463 2545 524 2613 diu
539 2565 616 2612 eum
636 2543 812 2613 cruciavit.
825 2543 974 2612 Tandem
986 2543 1123 2611 duobus
1140 2541 1276 2612 ossibus

20 2648 74 2694 non
91 2633 160 2701 sine
177 2632 289 2702 multo
306 2632 422 2702 dolore
441 2633 580 2714 evulsis,
600 2644 741 2701 sanatus
765 2645 826 2702 est.
854 2631 973 2701 Oblata
997 2651 1134 2718 quoque
1158 2629 1188 2698 ei
1212 2629 1278 2698 fuit

18 2717 90 2785 visio
105 2721 273 2807 quaedam
296 2721 471 2801 terribilis,
489 2743 568 2792 cum
586 2719 747 2811 fatigatus
767 2720 884 2790 multis
904 2720 1063 2810 precibus
1076 2732 1108 2788 et
1121 2739 1274 2809 genuum

17 2811 262 2882 narrationibus
281 2809 535 2891 obdormiisset,
557 2831 646 2896 quae
671 2809 820 2878 futuram
839 2809 915 2896 ejus
936 2809 1073 2878 caedem
1098 2806 1274 2898 significa-

18 2906 67 2959 ret.
93 2900 320 2978 Quamobrem
348 2899 458 2988 magis
483 2899 663 2988 magisque
688 2898 745 2966 ille
769 2919 804 2966 se
829 2898 956 2967 divinis
982 2896 1191 2986 mancipavit
1215 2895 1274 2964 ob-

18 2987 144 3067 sequiis‚
156 3002 188 3056 et
201 2987 246 3056 ad
262 2987 454 3057 tolerandas
469 2987 614 3075 injurias
629 3007 749 3056 omnes
764 2987 918 3055 animum
931 2985 1157 3055 confirmavit.
1174 2989 1277 3054 Porro

18 3073 141 3160 ,trigliae
162 3081 229 3146 Rex
255 3075 395 3146 moleste
419 3075 531 3146 ferens
554 3076 744 3146 Pontiniaci
762 3097 840 3145 eum
862 3075 997 3163 degere,
1017 3075 1137 3144 scribit
1152 3073 1193 3142 ad
1212 3074 1275 3142 tb-

17 3155 113 3252 batem
140 3165 408 3246 cisterciensem,
435 3166 492 3235 cui
520 3165 799 3234 Pontiniacenses
823 3184 942 3251 aeque,
971 3175 1010 3233 ut
1032 3163 1090 3232 alii
1120 3161 1275 3251 ejusdem

18 3249 150 3344 instituti
167 3253 339 3333 monachi,
368 3256 544 3345 parebant,
572 3254 599 3324 si
625 3253 724 3323 illum
753 3253 902 3342 patiatur
926 3273 1063 3320 manere
1087 3252 1138 3321 vel
1164 3251 1277 3350 Ponti-

20 3339 107 3413 maci.
134 3341 181 3410 vel
208 3342 290 3413 alibi
316 3344 349 3412 in
377 3365 440 3414 suo
465 3343 603 3422 Ordine,
623 3365 658 3412 se
680 3341 867 3411 monachos
891 3361 1011 3410 omnes
1035 3339 1109 3428 ejus
1137 3337 1277 3408 Ordmrs

21 3423 59 3490 vel
83 3429 238 3512 instituti,
265 3432 324 3518 qui
343 3433 411 3500 sint
429 3433 463 3500 in
485 3431 625 3521 Angliae
642 3451 758 3530 regno,
778 3429 820 3498 ad
839 3429 953 3518 ipsum
972 3428 1274 3527 transmissurum.

21 3511 49 3577 ld
73 3516 125 3584 ubi
150 3541 189 3588 ex
213 3520 340 3590 Abbate
364 3519 578 3590 cisterciensi
604 3518 739 3588 rescivit
764 3519 815 3587 vir
847 3530 1009 3589 sanctus:
1037 3540 1054 3582 ιι
1081 3515 1196 3596 Absit,
1224 3537 1276 3583 ιιι-
1304 3551 1306 3558 v

21 3601 92 3696 quit.
111 3605 192 3676 baec
212 3631 230 3676 a
252 3628 306 3677 me
323 3608 562 3699 transgressio,
584 3619 623 3677 ut
640 3629 711 3675 mea
729 3629 834 3677 causa
861 3607 971 3695 patiar
991 3617 1038 3674 tot
1058 3605 1148 3674 viros
1170 3605 1278 3673 virtu-

23 3697 57 3756 trs
72 3691 100 3760 in
122 3695 207 3764 banc
227 3696 455 3766 calamitatem
475 3695 638 3774 incidere,
658 3706 691 3765 et
708 3708 755 3764 tot
772 3695 980 3764 monasteria
997 3695 1031 3762 in
1050 3693 1278 3782 sempiternas

24 3780 115 3868 redigi
135 3783 348 3854 solitudines.
366 3784 498 3855 Reddat
514 3785 610 3856 vobis
627 3797 723 3875 pater
738 3783 1053 3854 misericordiarum
1078 3803 1138 3870 pro
1154 3780 1277 3882 officiis

25 3861 179 3939 claritatis
208 3895 296 3960 quae
322 3874 408 3943 mibi
432 3874 661 3964 praestitistis.
678 3895 695 3940 v
711 3872 837 3942 Deinde
852 3871 992 3962 scripsit
1006 3869 1047 3940 ad
1065 3869 1277 3940 Ludovrcum

28 3951 167 4044 franciae
182 3983 307 4051 regem,
322 3983 391 4050 qua
406 3974 478 4032 arte
493 3963 634 4054 Angliae
651 3967 719 4031 Rex
734 3984 752 4031 e
765 3961 965 4031 Pontiniaco
978 3959 1091 4049 ipsum
1107 3959 1274 4048 ejecisset,

29 4040 236 4138 tudiravitque
260 4051 386 4138 sejam
417 4061 575 4142 paratum
601 4050 651 4120 uti
676 4050 787 4139 ipsius
815 4051 917 4139 Regis
943 4047 1189 4118 benevolentia.
1217 4045 1279 4115 Ille
1375 4063 1380 4074 ·

31 4143 104 4198 enim
130 4139 194 4207 ltex
215 4140 288 4226 jam
313 4149 391 4209 ante
415 4160 636 4230 summopere
663 4152 839 4228 rogaverat
863 4161 956 4218 eum,
978 4148 1017 4206 ut
1044 4134 1136 4226 apud
1162 4136 1279 4226 ipsum

54 4269 126 4322 fied·
136 4277 174 4328 qni
184 4279 208 4320 in
218 4279 370 4324 interioribus
379 4284 435 4325 sunt
447 4283 559 4334 gradibus
575 4279 706 4326 constituti.
715 4291 840 4331 personam
857 4286 961 4322 vestram
979 4290 1084 4321 aurumne
1102 4281 1224 4320 charitatis
1235 4285 1281 4321 tra·

33 4319 95 4361 ⁰l¹b¹¹⁵
107 4332 267 4382 meterentur,
282 4337 344 4382 altts,
357 4338 399 4378 aad
413 4339 438 4378 tn
449 4335 552 4384 silentio,
562 4336 718 4386 tmptoranteo
729 4333 845 4383 auspirtie,
855 4338 882 4374 ut
892 4339 947 4376 vota
956 4337 1036 4376 vestro
1045 4334 1213 4376 recantantur.
1224 4363 1233 4382 ,
1245 4334 1281 4374 Ita

33 4371 145 4426 ”lilibus
153 4385 306 4430 Luxortonats
316 4391 356 4439 Ep.
366 4391 393 4430 erl
404 4391 482 4438 tpaurn
493 4391 515 4430 8.
527 4390 642 4430 'rhomum
653 4387 776 4428 nortbebct.

56 4427 77 4454 ⁸⁸
90 4431 141 4476 Gall.
152 4435 254 4494 Pontt'm
263 4443 327 4493 apud
336 4445 445 4484 Auxerre.
