2932 4812
233 127 262 158 Ἷ

297 261 336 306 nr
360 262 387 307 s.
416 261 591 309 srnrxsrno
615 260 695 308 narn
719 263 756 308 nr
780 259 930 310 consess.
1144 249 1207 312 595

243 354 332 413 'rtem
359 359 519 435 procurat
545 347 723 426 Dominus,
745 347 859 416 volens
877 346 996 416 sedare
1014 359 1249 439 tempestatem

278 433 332 513 is,
358 435 474 521 quiin
498 436 611 524 ipsum
637 435 795 517 credunt,
821 449 853 506 et
876 435 1010 505 efficere
1032 449 1070 506 ut
1094 438 1247 508 libereet

329 535 379 592 ret
403 524 522 613 pietas,
544 523 633 593 malo
653 522 769 594 ulcere
788 525 864 594 ferit
883 528 1165 614 Imperatorem‘a
1190 549 1249 617 pe-

370 633 396 690 r,
423 625 454 682 et
473 611 608 682 maleel
625 613 784 682 allectum
800 625 872 682 erat
889 615 1088 684 universum
1107 635 1246 706 corpus.

440 701 620 781 incubuit,
647 715 680 770 et
707 703 823 771 lloruit
848 701 940 790 lepra
968 725 1027 791 per
1050 703 1247 774 universam

477 811 586 876 neque
612 789 718 859 valuit
742 813 798 859 ars
823 791 1048 873 medicorum,
1069 813 1131 861 nec
1149 814 1248 883 prae-

114 911 139 951 e
484 879 748 951 'neantatorum
777 878 859 966 Ejus
888 881 978 949 enirn
1004 882 1192 951 curationis
1217 894 1249 950 et

30 966 83 1051 -n‘
97 995 118 1034 ·.
134 950 190 1078 *4
212 935 261 1024 ἦ
468 980 660 1054 pecarent,
687 981 719 1036 et
744 968 869 1036 medici
898 968 1105 1058 indigenae,
1132 983 1164 1038 et
1187 971 1248 1057 qui

116 1049 136 1089 ·””
175 1041 222 1122 ‘b
416 1061 554 1125 edum
579 1067 693 1124 antem
718 1058 762 1126 ab
786 1057 835 1125 eis
859 1055 1035 1146 deplorata
1060 1069 1149 1127 essct
1171 1060 1248 1146 ejus

105 1163 132 1223 ξ,
161 1188 166 1202 ·
358 1144 449 1213 ,ovis
474 1143 517 1212 ad
541 1165 620 1213 eum
646 1145 815 1214 accedunt
838 1167 876 1214 ex
902 1145 1076 1235 capitolio,
1096 1147 1249 1216 dicentes

75 1245 81 1256 ’
300 1292 304 1298 .
325 1243 514 1312 curaretur,
535 1233 601 1302 nisi
618 1232 803 1304 lactaesset
816 1235 948 1322 piscina
963 1233 1064 1323 plena
1078 1236 1248 1326 sangnine

245 1343 306 1407 ,ne
320 1321 434 1391 adbuc
458 1321 623 1391 bulliente
643 1334 675 1390 et
700 1321 880 1392 exhalante
899 1324 933 1390 in
953 1324 1027 1412 ipso
1053 1324 1245 1394 lavaretur:

200 1409 228 1479 si
256 1409 385 1480 sactum
412 1422 510 1490 esset,
534 1409 604 1480 lore
636 1423 672 1480 ut
700 1412 767 1480 cito
790 1424 981 1490 curaretur,
1013 1423 1086 1481 ete
1115 1415 1248 1502 piscina

128 1549 135 1564 ,
149 1509 179 1566 et
192 1519 299 1568 sanus
319 1499 434 1568 exiret.

77 1588 142 1656 ao.
167 1590 255 1656 llaec
280 1610 359 1656 cnm
385 1587 566 1657 execrandi
591 1587 641 1656 illi
665 1600 698 1657 et
722 1587 876 1658 scelerati
894 1588 1087 1659 sacerdotes
1104 1612 1248 1680 sugges·

30 1683 107 1740 ssent
124 1677 333 1765 Imperatori,
359 1697 421 1766 per
439 1677 635 1748 universam
667 1677 763 1747 missi
792 1689 873 1747 sunt
902 1699 936 1746 re
964 1679 1088 1758 ionem,
1111 1680 1169 1765 qni
1195 1680 1248 1746 in-

30 1773 95 1826 intes
114 1761 318 1854 colligerent,
345 1777 377 1834 et
400 1763 527 1834 lerrent
551 1765 586 1833 in
612 1765 828 1855 Capitolium.
848 1767 907 1835 His
924 1699 1059 1847 altaris,
1083 1766 1157 1855 jam
1174 1766 1247 1836 dies

30 1867 117 1933 noque
134 1853 244 1923 caedis
264 1867 336 1924 erat
360 1855 595 1943 praestitutae,
618 1867 650 1923 et
674 1856 706 1922 in
727 1855 929 1942 Capitolium
952 1877 1117 1924 ascensus
1137 1859 1249 1943 Impe-

30 1938 99 2003 rtori.
126 1945 162 2009 Et
191 1941 250 2011 illo
280 1942 421 2029 quidem
446 1943 501 2012 die
525 1943 609 2012 abiit
632 1947 822 2030 Imperator
843 1942 884 2011 ad
903 1942 1015 2012 locum
1042 1943 1245 2011 definitum:

30 2027 91 2109 :qui
105 2043 194 2098 erant
208 2032 392 2102 mactaturi
408 2031 568 2113 inlantes,
586 2031 695 2121 parati
712 2045 810 2100 erant
824 2033 865 2100 ad
883 2033 1103 2102 occisionem.
1122 2037 1248 2100 Eorum

30 2125 97 2180 ntem
113 2131 232 2187 matres
249 2141 328 2189 cum
347 2121 549 2210 Imperatori
568 2121 811 2201 occurrissent,
840 2121 995 2210 lugentes
1015 2134 1046 2190 et
1066 2121 1245 2209 ejulantes,

30 2219 101 2272 onas
114 2206 289 2290 vellebant,
316 2220 348 2278 et
365 2207 468 2278 lanies
494 2208 689 2296 pulsabant,
716 2222 748 2279 et
772 2232 877 2294 genas
903 2210 1098 2279 lacerabant
1122 2209 1248 2298 ungui-

31 2307 71 2369 us,
93 2308 255 2384 vestesque
283 2296 535 2386 discerpebant,
562 2308 594 2366 et
613 2299 721 2368 ubera
744 2298 968 2367 ostendebant
990 2299 1118 2386 quibus
1143 2297 1249 2366 lacta-

30 2389 71 2446 ant
95 2381 252 2468 inlantes‚
283 2385 505 2473 molestisque
534 2401 566 2456 et
595 2385 852 2456 miserabilibus
884 2388 1024 2456 vocibus
1058 2386 1248 2475 implebant

30 2485 115 2564 ¹grem:
139 2487 303 2563 erantque
325 2475 380 2557 iia,
407 2475 469 2562 qni
492 2473 664 2556 videbant,
691 2489 934 2564 argumentum
962 2477 1126 2545 moeroris
1142 2487 1175 2543 et
1190 2477 1248 2544 tri-

32 2567 103 2626 mae.
127 2563 251 2643 Quidni
276 2563 368 2632 enim
389 2576 513 2644 essent,
540 2586 621 2633 cnm
645 2577 759 2633 essent
783 2577 920 2644 matres,
947 2565 1074 2650 quibus
1092 2564 1179 2632 nihil
1197 2575 1248 2633 est

33 2645 93 2732 agis
111 2651 330 2722 misericors?
353 2656 543 2742 Imperator
566 2665 681 2722 autern
706 2673 786 2722 cnm
812 2653 928 2723 lleturn
948 2653 1114 2723 audiisset
1129 2666 1161 2723 ct
1176 2653 1249 2742 eju·

32 2743 102 2814 turn,
118 2741 243 2829 rogavit
257 2763 316 2812 eos
331 2743 393 2827 qui
408 2740 561 2822 aderant,
587 2761 758 2828 quaenam
783 2754 872 2812 esset
887 2763 1003 2811 eorum
1021 2763 1136 2812 causa.
1155 2746 1247 2811 Post-

30 2843 85 2890 ram
104 2839 210 2898 autem
235 2830 368 2900 audivit
392 2829 548 2921 lugentes
579 2851 653 2900 esse
682 2840 807 2899 matres
842 2829 1025 2898 inlantium
1063 2831 1122 2917 qui
1151 2841 1248 2900 erant

34 2911 209 2998 terimendi,
236 2939 386 3007 quorum
412 2919 582 3009 sanguine
605 2930 677 2988 erat
701 2917 882 2998 lavandus
909 2929 941 2988 et
964 2940 1095 2990 usurus
1120 2941 1248 3010 purga-

30 3017 74 3068 tne
96 3005 307 3088 morborum,
333 3007 462 3094 quibus
485 3007 725 3088 detinebatur,
749 3019 924 3096 tamquam
951 3006 994 3075 ab
1018 3008 1180 3077 ebrietate
1204 3007 1247 3076 ad

43 3109 214 3183 reversus,
248 3107 281 3166 et
306 3108 419 3164 mente
451 3096 565 3183 quieta
589 3107 621 3164 et
645 3094 831 3182 tranquilla
859 3094 1023 3164 effectus:
1056 3119 1074 3162 c
1100 3097 1248 3166 Actionis

30 3176 128 3262 uilem,
147 3183 269 3270 inquit,
297 3183 457 3273 impietas
480 3197 531 3254 est
553 3183 693 3254 evidens
716 3197 749 3255 et
773 3183 977 3255 manilesta:
1006 3185 1174 3254 incertum
1196 3195 1247 3253 est

30 3275 105 3348 rtem,
121 3291 161 3340 an
179 3272 207 3341 si
220 3283 438 3353 eventurum,
453 3284 491 3342 ut
508 3272 650 3362 polliciti
667 3285 759 3354 sunt,
785 3273 845 3359 qui
865 3273 930 3342 hoc
945 3273 1093 3362 impium
1111 3273 1246 3342 facinus

30 3372 231 3443 {egesserunt
259 3362 357 3445 Quod
378 3361 407 3431 si
423 3362 525 3432 etiam
542 3373 631 3432 esset
650 3362 884 3443 manifestum,
913 3363 1020 3433 satius
1044 3383 1118 3432 esse
1142 3360 1243 3441 duco,

30 3443 106 3530 ipse
119 3450 225 3537 patiar
242 3451 373 3521 morbis
392 3462 543 3532 vexatus,
565 3471 670 3536 quam
688 3463 734 3520 tot
751 3449 948 3531 infantium,
969 3451 1031 3550 qui¹
1052 3450 1138 3520 nibil
1164 3449 1246 3550 mali

30 3549 138 3619 cerunt,
158 3539 274 3609 rolens
289 3539 427 3609 caedem
449 3539 583 3619 faciem,
610 3551 642 3608 et
667 3552 814 3608 matrum
834 3560 950 3609 eorum
977 3539 1103 3609 animis
1118 3539 1249 3608 doloris

30 3637 150 3696 immam
171 3628 381 3708 accendam,
408 3650 496 3715 quac
514 3649 693 3715 nunqnam
720 3629 842 3718 poterit
869 3649 1130 3697 marcescere.»
1156 3632 1246 3697 Ilaec

30 3711 221 3800 indixisset,
240 3739 398 3787 reversus
414 3729 465 3786 est
490 3718 523 3785 in
543 3718 685 3806 regiam,
712 3729 744 3786 et
759 3715 907 3787 infantes
927 3715 1024 3786 reddi
1043 3717 1149 3805 jussit
1174 3739 1247 3816 ma-

32 3794 109 3881 rbns3
125 3807 238 3876 statuit
252 3820 381 3887 autem,
400 3819 436 3874 ut
456 3806 645 3893 unicuique
661 3826 779 3876 eorum
801 3805 1049 3892 praeberentur
1064 3825 1244 3893 pecuniae,

30 3891 148 3984 leornm
166 3894 276 3964 dolori
296 3916 336 3964 ex
356 3913 464 3980 aequo
491 3893 752 3985 respondentem
778 3894 914 3963 allerret
942 3892 1132 3972 laetitiam,
1161 3913 1246 3981 gan-

30 3976 138 4049 annbns
152 3987 239 4070 quod
258 4003 327 4052 non
345 3982 456 4052 solum
477 3981 567 4053 filios
594 3983 812 4072 recepissent,
840 3980 898 4051 sed
917 3997 1050 4071 praeter
1071 4000 1128 4049 eos
1142 3981 1245 4050 etiam

30 4067 186 4150 coepissent
202 4073 386 4160 pecuniam
403 4073 429 4137 *.
542 4129 555 4146 ,
943 4101 945 4106 ’

47 4148 128 4230 III.
151 4165 255 4246 Itque
285 4165 474 4248 Imperator
505 4159 646 4247 quidem
682 4161 731 4229 sic
766 4160 872 4229 evasit
903 4159 1039 4242 scelus;
1075 4159 1162 4226 Deus
1185 4178 1247 4226 au-

30 4250 64 4299 ³¹tt
85 4244 106 4310 ei
126 4247 297 4338 duplicem
320 4248 515 4338 procuravit
538 4247 697 4328 salutern,
730 4261 762 4316 et
794 4269 949 4317 summos
972 4246 1016 4316 ad
1040 4265 1119 4314 eum
1142 4245 1246 4316 mittit

56 4361 96 4407 Iar
103 4388 108 4406 ι
116 4381 157 4415 nan
165 4375 229 4418 eldea
237 4377 301 4417 hano
310 4375 470 4416 narrationem
482 4373 542 4416 inter
550 4374 715 4416 commannis
724 4383 823 4424 morene
833 4372 984 4424 rejiciendam
994 4381 1054 4416 eeec.

118 1191 151 1264 'r
