2954 4816
26 285 100 348 bdt'.
126 287 169 350 20
373 304 410 350 or
434 303 462 350 s.
490 302 679 350 aaruooouro
704 304 751 350 rr.
780 303 929 351 aurrocu.
1181 287 1245 351 {tob

23 387 112 456 luerit
135 387 258 458 delecti
283 387 529 476 comprobatio,
554 399 691 477 propter
708 388 795 476 rJus,
811 388 870 475 qui
888 386 1014 477 delegit
1034 389 1284 458 auctoritatem.

24 481 115 544 Porro
134 475 228 566 quod
253 473 395 566 elegerit
422 475 520 546 illurn
548 481 659 556 Deus,
693 475 741 546 vel
767 497 806 546 er
832 476 907 566 ipsa
932 497 1066 548 ruorum
1094 477 1164 548 inte
1191 478 1287 546 ritate

22 564 237 654 perspicuum
263 579 333 636 est:
360 565 488 654 quippe
505 586 607 651 quem
631 587 671 636 et
693 564 806 634 medio
831 567 1011 656 abreptum
1029 564 1113 648 soro,
1133 500 1286 636 adthro·

23 675 95 722 num
122 653 220 726 bunc
243 654 411 723 evexerit:
437 653 522 724 adeo
546 666 675 724 castam
701 666 733 724 et
757 653 929 744 insignem
956 654 1053 743 prius
1077 655 1147 756 egit
1167 655 1284 734 vitam,

19 763 116 826 quum
137 764 281 812 uxorem
308 743 448 812 baberet
468 765 507 812 ac
527 741 648 822 filiam,
667 755 699 812 et
723 743 758 811 in
784 741 980 816 forensibus
1001 745 1147 834 negotris
1172 767 1287 814 versa-

20 844 114 906 retur,
135 832 224 902 adeo
241 832 348 904 solem
369 832 483 922 ipsum
506 829 689 921 splendore
705 831 794 910 vicit,
817 844 854 902 ut
872 831 1028 922 protinus
1048 832 1091 902 ab
1105 831 1163 903 illo
1177 847 1284 924 gesto,

19 919 75 988 lroc
91 921 297 1010 magistratu
314 920 441 1012 dignus
459 919 641 998 videretur,
659 933 723 990 eta
742 919 905 992 tribunali
924 919 965 990 ad
982 920 1134 991 tribunal
1151 935 1288 992 evectus
1316 928 1319 936 '

18 1009 66 1075 sit.
91 1013 135 1078 le
160 1023 236 1080 tum
257 1009 397 1098 quidem
416 1008 616 1080 bominibus
632 1009 913 1098 patrocinabatur
932 1009 1097 1082 adversus
1115 1010 1284 1092 homines
1363 1057 1367 1066 -

18 1097 70 1182 qui
93 1099 276 1171 struebant
303 1097 459 1180 insidias,
489 1120 547 1168 eos
573 1098 633 1185 qui
658 1096 897 1168 afficiebantur
924 1098 1063 1188 injuria,
1091 1100 1287 1189 superiores

19 1186 158 1258 reddens
185 1187 229 1258 iis
245 1187 305 1275 qui
325 1187 489 1275 injuriam
508 1185 712 1256 inferebant.
740 1187 801 1257 Hic
827 1201 940 1258 autem
967 1187 1063 1258 adest
1087 1186 1288 1258 hominibus

22 1276 235 1360 patrocinans
260 1275 425 1346 adversus
445 1274 631 1346 daemones
657 1274 868 1346 invadentes.

59 1365 142 1448 §a
172 1369 348 1447 Quantum
367 1379 480 1436 autem
506 1363 549 1435 sit
575 1363 709 1454 pietatis
733 1378 989 1455 argumentum,
1015 1364 1106 1452 quod
1136 1370 1222 1436 Deus
1248 1365 1288 1434 il-

21 1449 83 1520 lum
106 1467 202 1524 tanto
219 1455 422 1544 magistratu
447 1452 592 1544 dignum
614 1453 793 1543 judicarit,
820 1453 915 1523 audi.
943 1453 1098 1524 Christus
1121 1455 1287 1525 excitatus

19 1561 34 1606 a
58 1555 177 1625 morte,
197 1542 282 1630 quid
307 1543 390 1612 dicit
414 1545 535 1612 Petro?
559 1547 740 1629 Postquam
767 1542 860 1612 enim
893 1540 990 1611 illum
1025 1541 1285 1634 interrogasset:

19 1633 117 1711 l’etre,
137 1654 236 1702 omos
260 1633 346 1701 nte?
364 1637 464 1720 lsque
481 1631 730 1720 respondisset:
760 1638 817 1712 Tu,
846 1632 994 1711 boariae,
1015 1633 1079 1700 scis
1102 1632 1191 1722 qaod
1211 1656 1286 1702 omo

22 1719 173 1807 tollooo.
194 1719 285 1809 xrr);
313 1742 380 1790 non
410 1720 495 1790 dixit
526 1720 699 1790 Christus:
726 1743 744 1786 a
768 1719 885 1809 abjice
914 1719 1090 1810 pecuniae,
1113 1722 1285 1811 jejunium

21 1827 304 1892 exerce,‚macera
327 1821 358 1878 te
382 1808 569 1889 laboribus,
594 1823 746 1880 mortuos
771 1809 892 1888 excita,
921 1807 1106 1878 daemones
1130 1809 1249 1898 abige;
1271 1833 1288 1873 »

22 1893 97 1964 nibil
120 1898 172 1970 vel
196 1897 333 1976 borum,
357 1897 406 1967 vel
432 1897 579 1970 aliorum
607 1897 854 1968 miraculorum
883 1911 1039 1984 recteque
1061 1896 1228 1967 factorum
1252 1899 1285 1966 io

24 1983 167 2057 medium
199 1985 361 2072 adduxit,
388 1987 445 2056 sed
472 1987 636 2058 omuibus
659 1985 729 2056 illis
755 1985 1016 2076 praetermissis,
1045 1985 1128 2056 dicit
1156 1985 1226 2054 illi:
1253 1989 1292 2054 Si

23 2071 131 2164 diligis
157 2098 223 2156 me,
242 2099 343 2167 posce
369 2099 443 2146 oues
469 2099 572 2146 tneor.
603 2079 673 2144 Hoc
704 2089 818 2144 autem
843 2075 989 2155 dicebat,
1019 2096 1085 2143 non
1112 2073 1223 2144 solum
1251 2089 1288 2144 ut

25 2161 115 2234 nobis
139 2165 333 2236 certissime
356 2163 555 2244 declararet,
584 2177 795 2254 quantopere
821 2164 935 2254 ipsum
967 2161 1122 2254 diligeret
1148 2168 1285 2242 l’etrus;

27 2253 242 2326 verumetiam
273 2266 310 2324 ut
338 2253 449 2343 palam
476 2253 623 2332 laceret,
651 2266 815 2340 quautam
850 2253 988 2324 baberet
1017 2251 1286 2322 benevolentiam

27 2357 96 2428 erga
119 2364 322 2423 suasores,
352 2341 547 2432 exemplum
578 2343 757 2432 proposuit
784 2341 870 2412 Petri
899 2363 936 2410 er
961 2363 978 2410 a
1007 2341 1121 2430 ipsum
1148 2339 1287 2419 amoris,

29 2437 150 2500 tantum
178 2453 244 2500 non
270 2429 408 2502 dicens:
436 2433 500 2516 Qui
518 2429 632 2521 diligit
648 2453 727 2502 ores
745 2451 850 2512 meas,
872 2363 1063 2520 inolitigtt.
1084 2427 1166 2499 Vide
1186 2429 1291 2518 igitur

28 2536 120 2600 quom
140 2518 249 2590 multa
276 2532 412 2610 propter
430 2521 523 2590 bunc
539 2541 677 2610 gregem
705 2541 827 2609 passus
853 2519 896 2588 sit
917 2517 1082 2590 Christus.
1106 2522 1215 2588 Homo
1240 2516 1256 2584 l
1276 2557 1289 2568 -

28 2619 94 2678 ctus
119 2621 184 2692 est,
205 2608 294 2678 servi
319 2608 463 2680 sormam
489 2609 689 2698 assumpsit,
718 2621 910 2696 consputus
936 2619 999 2688 est,
1026 2607 1136 2707 alapis
1167 2628 1290 2676 caesus

29 2707 81 2774 est,
101 2711 272 2786 postremo
290 2719 331 2768 ne
347 2711 492 2768 mortem
508 2696 648 2787 quidem
673 2697 852 2777 recusavit,
874 2695 1060 2784 etquidem
1081 2695 1290 2785 ignominio-

30 2781 206 2856 sissimam.
232 2787 322 2870 Quin
342 2801 375 2857 et
398 2787 513 2875 ipsum
527 2786 731 2876 sauguinem
750 2807 852 2855 suum
870 2784 1003 2856 ell'udit.
1031 2789 1150 2885 ltaque
1167 2784 1291 2871 siquis

31 2871 164 2946 voluerit
187 2875 237 2944 illi
262 2874 526 2946 commendatus
550 2895 635 2954 esse,
655 2895 774 2946 curam
801 2873 925 2944 babeat
948 2874 1063 2944 ovium
1089 2873 1197 2954 illius,
1226 2895 1289 2962 pu-

30 2957 312 3064 blieamnquaerat
329 2964 523 3046 utilitatem,
543 2963 687 3034 fratrum
708 2985 850 3034 suorum
872 2961 976 3034 saluti
998 2963 1195 3122 prospiciat.
1213 2961 1292 3032 llul·

32 3044 94 3118 lum
109 3073 200 3122 emm
219 3051 370 3122 officium
386 3053 451 3123 hoc
466 3057 531 3122 [teo
543 3052 659 3122 carius
672 3065 734 3121 est.
747 3051 839 3121 Etob
855 3050 888 3119 id
905 3049 996 3122 alicu
1024 3052 1034 3120 i
1048 3051 1149 3122 dicit:
1163 3053 1288 3132 Simon,

32 3137 145 3220 Simon,
173 3145 345 3234 ampetitur
365 3153 395 3212 te
410 3153 561 3222 octonos,
579 3151 618 3211 ut
639 3141 800 3210 cribraret
819 3151 850 3210 te
865 3150 1036 3231 tomqoorn
1050 3143 1218 3210 triticam:
1235 3141 1294 3210 sed

33 3245 83 3314 epo
96 3234 216 3320 ropoot'
227 3255 288 3322 pro
304 3242 347 3311 te,
361 3253 402 3300 ne
417 3231 550 3320 deficiat
565 3230 647 3320 fides
662 3233 823 3314 tuo(Loe.
842 3229 936 3386 wll·
954 3226 1049 3312 Quod
1066 3229 1170 3319 igitur
1188 3229 1293 3318 hujus

34 3315 266 3390 sollicitudinis
289 3340 460 3407 curaeque
478 3317 670 3409 praemium
694 3317 779 3386 milri
795 3339 897 3408 repeu
928 3317 981 3388 ist
1006 3316 1067 3386 Sed
1094 3337 1197 3403 quam
1221 3331 1292 3386 tan-

35 3400 98 3472 dem
119 3409 225 3496 poscit
241 3409 535 3499 repensationem?
549 3405 710 3476 Earndem
729 3427 848 3477 curam
866 3427 970 3494 quam
991 3406 1090 3476 nobis
1108 3405 1290 3494 impendit,

36 3497 179 3581 reposcit.
192 3502 280 3567 Nom
302 3508 333 3568 et
358 3507 407 3578 ta,
426 3496 549 3584 inquit,
572 3496 757 3588 aliquando
775 3517 961 3576 conversus,
990 3495 1151 3584 confimo
1170 3495 1295 3582 fratres

37 3587 96 3652 loos
113 3585 241 3675 (rota).
266 3585 320 3656 Sic
335 3599 368 3655 et
388 3585 515 3656 Paulus
533 3585 600 3654 ait:
626 3587 816 3654 imitatores
839 3586 907 3653 mci
930 3593 1040 3664 estote,
1068 3583 1155 3652 sicot
1180 3592 1210 3652 et
1235 3604 1295 3673 epo

38 3669 146 3744 Clrrirtr'
166 3675 214 3764 (l.
235 3675 286 3744 ild
310 3679 383 3746 Cor.
415 3669 473 3764 rr).
493 3672 671 3758 Quomodo
691 3672 749 3742 ille
773 3671 883 3742 lactus
903 3685 954 3741 est
979 3671 1103 3742 Christi
1122 3669 1296 3741 imitator?

39 3757 191 3834 taribus
217 3785 278 3854 per
296 3763 412 3832 omnia
434 3763 585 3854 placens,
610 3783 676 3832 non
701 3782 871 3850 quaerens
903 3783 1000 3831 suam
1029 3761 1140 3850 ipsius
1164 3759 1295 3829 utilita-

40 3853 105 3929 tem,
126 3851 183 3922 sed
207 3851 415 3931 multorum,
441 3864 479 3922 ut
502 3851 588 3921 salvi
603 3850 736 3922 fierent.
756 3855 890 3922 Rursus
909 3848 977 3918 alio
1003 3847 1076 3920 loco
1096 3847 1201 3918 dicit:
1219 3853 1295 3920 Ete-

41 3937 95 4006 nim
118 3941 269 4012 Cltrt'stus
290 3963 356 4012 aton
379 3941 444 4010 citt
466 3941 534 4031 apsi
548 3941 691 4032 placuit,
719 3939 777 4009 red
800 3940 917 4010 multis
935 3937 1002 4028 (Ad
1020 3942 1112 4007 Rom.
1140 3937 1207 4026 ar).
1233 3941 1295 4006 lle·

42 4041 92 4120 que
113 4051 254 4118 prorsus
278 4029 346 4102 alia
371 4051 426 4100 res
444 4042 506 4110 est,
523 4051 612 4117 quae
641 4026 783 4120 perinde
811 4027 960 4098 declaret
991 4026 1191 4114 doceatque,
1217 4025 1296 4112 quis

43 4117 196 4204 §ttfrdelis
215 4132 248 4188 et
263 4139 386 4188 amans
407 4117 530 4188 Christi
551 4139 655 4206 quam
675 4117 703 4188 si
720 4116 864 4186 fratrum
890 4136 1009 4186 curam
1031 4138 1051 4185 a
1076 4130 1132 4196 at,
1165 4135 1296 4204 proque

45 4197 160 4276 illorum
182 4207 292 4278 salute
315 4221 412 4299 gerat
431 4205 714 4278 sollicitudiuem.
736 4209 827 4274 Haec
851 4225 970 4275 omnes
998 4139 1142 4276 audiam
1163 4216 1199 4304 et
1223 4226 1296 4274 mo-

45 4295 138 4386 taetri,
171 4297 229 4383 qui
256 4298 424 4368 montium
451 4306 666 4395 occuparunt
690 4294 891 4376 eacumina,
918 4293 1046 4381 quique
1078 4291 1190 4364 modis
1222 4315 1296 4364 om·

46 4381 128 4452 tubus
151 4386 281 4478 seipsos
302 4385 433 4458 mundo
453 4385 709 4465 crucifixerunt,
729 4405 798 4474 quo
824 4403 885 4474 pro
909 4382 1041 4454 viribus
1062 4380 1294 4454 Ecclesiarum
