2994 4832
53 261 113 326 ott.
131 261 152 328 5,
237 271 238 276 ’
393 281 431 328 on
454 280 482 328 s.
507 280 587 328 sana
611 280 683 326 aar.
711 280 749 326 ur
773 278 864 328 conr.
1159 265 1223 330 l39

53 363 355 450 «Quoniamqnaodo,
367 364 489 452 inquit,
502 365 577 434 reni
591 365 666 454 ipse
679 363 721 434 ad
738 387 903 455 magnum
916 364 1137 454 Enthymium
1152 366 1269 438 adhuc

51 453 182 532 imberbis,
195 452 306 524 rolens
326 454 359 522 in
389 458 493 524 Laura
509 453 677 535 habitare,
697 475 765 524 non
782 453 833 523 lui
857 453 1044 536 admissus,
1065 455 1122 525 sed
1142 456 1270 528 missus

49 543 80 612 lui
99 542 131 611 ad
155 541 279 612 beatum
305 542 544 613 Theoctistum.
565 565 584 610 o
607 541 744 613 Dicebat
767 544 860 612 enim
884 564 959 612 esse
980 543 1078 613 valde
1100 544 1269 634 periculo·

47 653 108 711 soor,
122 629 337 702 adolescentes
352 644 385 700 et
402 653 524 721 pueros
541 631 646 702 simul
662 631 816 702 babitare
829 653 907 702 cnm
927 632 1010 703 viris
1026 632 1201 706 solitariis.

72 722 85 807 ξ
106 723 172 790 w.
189 720 345 790 Eamdem
363 742 445 812 crgo
463 720 608 792 lormam
627 742 768 792 servans
784 733 926 791 sanctus
944 743 1081 812 quoque
1102 723 1220 804 Sabas,
1239 724 1269 792 si

42 831 114 892 quern
134 832 168 878 er
182 811 235 890 iis,
252 811 311 897 qni
333 810 746 902 accommodabant,
770 809 899 880 videret
921 811 1105 901 ejusmodi,
1123 812 1181 881 cui
1206 812 1272 884 sci·

41 897 196 970 lic'otlaoies
215 899 365 968 nondum
383 912 474 972 esset
497 911 584 968 tecta
602 898 694 989 pilis,
721 921 800 970 eum
822 897 977 970 mittebat
1000 899 1043 970 ad
1070 899 1184 982 illurn,
1210 901 1272 988 qui

40 987 101 1054 mibi
120 986 222 1058 dictus
237 1000 286 1057 est
303 989 465 1077 superius
486 987 717 1058 Theodosius:
743 993 803 1077 qui
828 989 967 1076 quidem
989 989 1063 1077 jam
1085 1002 1272 1060 recesserat

36 1074 67 1142 ab
84 1075 217 1156 ecclesia,
235 1099 324 1164 quae
347 1077 441 1146 dicta
463 1089 514 1147 est
530 1077 764 1158 Cathismatis,
792 1090 824 1148 et
851 1079 884 1146 in
908 1091 1004 1168 parte
1027 1083 1157 1148 Laurae
1181 1100 1270 1165 quae

36 1165 117 1253 vergit
130 1165 165 1234 ad
183 1165 412 1247 Occidentem,
439 1167 662 1238 constituerat
680 1167 939 1249 monasterium,
959 1166 1052 1254 quod
1069 1169 1155 1238 vitae
1174 1189 1268 1237 com·

36 1253 153 1322 maniter
168 1254 337 1357 degendae
361 1256 604 1338 conveniebat,
632 1255 765 1326 distans
782 1279 801 1324 a
819 1260 929 1326 Laura
950 1257 1088 1346 triginta
1112 1257 1268 1344 quinque

35 1341 146 1410 stadiis:
168 1367 223 1431 qur
246 1365 315 1427 ene,
342 1345 404 1431 qni
431 1345 664 1424 mittebantur,
693 1343 849 1416 lubenter
873 1345 1060 1415 admodum
1077 1345 1265 1434 excipiens,

35 1431 162 1504 omuibus
185 1433 292 1504 modis
315 1432 478 1504 studebat
500 1455 619 1504 eorum
645 1455 764 1503 curam
792 1455 933 1522 gerere,
963 1435 995 1502 ei
1021 1435 1082 1522 qui
1113 1435 1264 1515 miserat,

34 1519 215 1606 gratificaos;
239 1537 338 1592 erant
362 1523 455 1590 enim
482 1543 607 1612 magno
632 1522 721 1592 inter
737 1543 772 1594 se
795 1543 912 1592 amore
932 1523 1107 1612 conjuncti
1125 1536 1267 1594 sanctus
1337 1609 1339 1614 ι

35 1609 116 1678 Sabas
130 1622 159 1679 et
176 1611 225 1682 bic
244 1612 367 1682 beatus
396 1610 687 1692 Theodosius:,ct
715 1621 859 1697 uterque
886 1611 1028 1681 alterius
1056 1611 1266 1684 voluntatem

35 1697 205 1782 praelerebat
220 1700 388 1771 voluntati
404 1721 498 1780 suae,
521 1701 629 1768 immo
645 1721 723 1769 vero
743 1699 952 1769 voluntatem
968 1699 1108 1771 alterius
1127 1701 1268 1791 putabat

36 1805 209 1856 essesuam:
233 1811 314 1860 cum
341 1787 467 1858 Christi
490 1809 588 1858 amor
612 1788 661 1858 sic
685 1809 744 1858 eos
770 1787 1027 1876 conjunxisset,
1051 1801 1084 1859 et
1114 1803 1152 1860 ut
1176 1789 1267 1860 idem

38 1874 172 1956 sentirent,
196 1878 242 1948 eis
260 1877 503 1968 persuasisset.
530 1881 601 1946 Hoc
625 1888 740 1948 autem
758 1889 830 1946 erat
853 1878 1009 1948 omniurn
1035 1899 1193 1947 sermone
1213 1901 1268 1950 ce-

39 1958 188 2047 lebratum,
211 1979 240 2036 et
264 1965 364 2036 aliud
392 1986 454 2055 par
477 1964 707 2055 Apostolicum
740 1967 783 2036 ab
806 1966 1105 2056 lerosolymttams
1132 1966 1269 2053 judica-

42 2047 136 2146 bantur
157 2067 244 2142 atque
270 2054 557 2124 nominabantur.
585 2055 642 2124 Eis
671 2055 714 2124 ab
747 2055 1034 2145 archiepiscopo,
1061 2078 1079 2124 a
1101 2054 1265 2136 Salustio,

44 2145 219 2230 taquamqui
243 2157 323 2215 erat
342 2143 376 2212 in
400 2143 532 2214 Christo
555 2144 867 2224 consummandus,
896 2143 1059 2214 mandata
1083 2142 1146 2212 suit
1172 2165 1268 2233 prae-

43 2221 143 2296 lectura
155 2233 286 2304 universi
307 2245 426 2302 coetus
442 2233 704 2314 monachornm,
726 2255 793 2302 nnn
810 2232 900 2320 quod
922 2233 987 2322 ipsi
1004 2254 1078 2302 earn
1098 2254 1168 2302 rem
1187 2255 1268 2303 con·
1339 2267 1343 2274 ·

43 2315 194 2410 cupiissent,
211 2328 267 2392 sed
302 2321 417 2411 potius
441 2320 537 2392 electi
558 2321 705 2391 luissent
732 2322 976 2403 amonaohis,
1010 2333 1042 2390 et
1072 2323 1266 2413 praemium

41 2406 215 2478 urtut'tseam
243 2411 466 2500 accepissent
496 2409 757 2500 praefecturam.
784 2415 938 2493 Quonam
959 2411 1059 2480 modo
1082 2425 1197 2481 autern
1223 2411 1266 2480 ad

36 2488 106 2559 banc
118 2497 433 2571 administrationem
454 2499 680 2589 pervenerint,
700 2498 812 2568 dicam
831 2499 963 2588 paucis.

66 2583 165 2667 §att
189 2594 270 2658 Cum
302 2588 460 2679 Elpidius
484 2601 516 2658 et
547 2588 648 2669 Elias,
674 2609 891 2658 successores
917 2588 1034 2677 magni
1059 2587 1265 2668 Pasarinnis,

29 2688 45 2765 e
61 2671 111 2740 rita
126 2680 357 2758 excessissent,
385 2689 633 2764 consequenter
657 2677 699 2746 ad
725 2681 889 2746 Lazarum
909 2677 1031 2746 transit
1047 2676 1269 2747 administra·

30 2767 69 2824 tro.
91 2763 135 2832 Sic
154 2766 250 2837 etiarn
270 2766 317 2836 ad
336 2769 548 2836 Gerontium.
567 2765 632 2849 Qui
652 2787 732 2836 cum
750 2765 963 2847 decessisset,
991 2766 1169 2836 Anastasio
1184 2787 1269 2834 cura

27 2843 139 2945 fratrum
161 2855 404 2925 committitur.
432 2859 512 2924 Cum
541 2855 563 2923 ii
588 2875 681 2944 ergo,
710 2859 869 2934 Lazarus,
892 2855 1048 2942 inquam,
1074 2867 1107 2924 et
1129 2860 1269 2924 Anasta-

26 2953 89 3015 sros,
103 2957 288 3026 praeessent
304 2943 608 3022 administrationi,
630 2965 682 3012 res
698 2943 946 3014 monachorum
960 2955 1058 3014 erant
1078 2943 1268 3013 admodum

26 3027 217 3122 turbulentae,
239 3046 275 3102 et
299 3032 458 3102 maximis
478 3031 701 3122 agitabantur
719 3031 895 3102 fluctibus.
915 3035 997 3102 Cum
1016 3031 1052 3102 hi
1067 3053 1160 3187 erpo,
1181 3053 1269 3118 quos

23 3111 153 3199 diximus,
179 3126 342 3201 Lazarus
362 3121 518 3207 inquam,
538 3132 571 3189 et
585 3120 796 3202 Anastasius,
824 3121 1033 3190 monasticae
1052 3143 1110 3210 per
1125 3121 1270 3189 sotionis

25 3221 132 3286 parram
146 3223 204 3278 aut
221 3209 357 3279 nullam
371 3231 491 3279 curam
506 3222 673 3300 gererent,
693 3208 734 3278 ad
752 3207 920 3295 quasdam
938 3221 1051 3278 autem
1072 3208 1269 3278 mundanas

22 3309 98 3362 roras
111 3308 141 3365 et
156 3299 326 3387 pecuniae
341 3297 558 3368 erolumenta
576 3310 644 3368 tota
661 3312 772 3366 mente
788 3310 821 3366 ct
836 3298 952 3368 anima
966 3297 1122 3367 conversi
1139 3309 1265 3376 essent,

23 3384 229 3457 narimecum
248 3387 549 3460 Anastasiustunc
563 3399 638 3477 post
657 3391 823 3456 Zenonem
840 3385 1049 3476 suscepisset
1066 3385 1265 3473 imperium,

22 3481 41 3533 tt
59 3473 230 3546 schismata
255 3499 338 3546 oum
355 3497 493 3546 summa
516 3474 734 3565 impudentia
758 3487 790 3544 et
815 3474 952 3546 licentia
970 3473 1194 3562 loquerentur
1209 3472 1270 3543 ad·

23 3575 113 3650 tersus
132 3565 330 3636 Ecclesiam.
357 3569 441 3634 Cum
466 3577 547 3634 tunc
577 3585 658 3654 ergo
683 3563 804 3633 beatus
833 3563 1003 3634 Salustius
1030 3563 1129 3653 (erat
1153 3576 1269 3632 autem

22 3652 242 3723 alatrinrcha
266 3651 600 3742 ierosolymitanus)
623 3651 797 3724 statuisset
822 3650 968 3721 liberare
992 3652 1114 3722 iratres
1142 3653 1185 3721 ab
1210 3648 1269 3720 illa

23 3743 200 3826 tenpestate,
233 3742 388 3832 primum
413 3741 553 3828 quidem
579 3741 767 3822 constituit,
794 3741 915 3830 utqui
936 3741 1007 3828 jam
1033 3763 1052 3810 a
1078 3761 1132 3810 me
1155 3741 1270 3812 dictus

22 3837 63 3903 ast,
78 3831 265 3900 llarcianus
289 3830 339 3900 eis
365 3842 547 3920 praeesset,
576 3842 608 3900 et
621 3851 740 3899 eorum
759 3831 950 3920 susciperet
967 3829 1165 3899 rectionem.
1186 3834 1270 3899 Cum

24 3926 106 3982 tuum
137 3919 387 3992 intercessisset
417 3919 635 4007 aliquantum
671 3919 858 4009 temporis,
897 3918 1095 4010 aegrotabat
1129 3918 1269 4004 quidem

27 3996 114 4074 leatus
136 4006 320 4090 Salustius,
347 4021 381 4078 et
400 4029 543 4098 corpore
558 4018 630 4078 erat
648 4007 737 4079 male
752 4007 912 4078 allectus:
935 4007 1074 4078 adeum
1093 4029 1172 4077 vero
1188 4028 1270 4106 conj

28 4091 134 4162 uniunt
156 4118 300 4178 omnes,
329 4097 391 4184 qui
419 4109 516 4166 erant
543 4097 576 4165 in
607 4095 817 4166 solitudine:
845 4097 919 4186 ipse
943 4108 1058 4167 antem
1093 4116 1272 4166 communi

30 4177 157 4274 stragia
179 4207 300 4256 eorum
326 4185 388 4274 qui
414 4184 517 4254 simul
543 4196 791 4266 convenerant,
825 4185 1007 4256 statuit·ut
1033 4185 1269 4264 monasteriis,

30 4279 86 4342 itae
108 4286 206 4344 erant
230 4276 320 4346 circa
345 4287 501 4345 sanctam
526 4274 723 4355 civitatem,
753 4287 948 4363 praeessent
979 4274 1086 4344 Sabas
1109 4287 1142 4342 et
1165 4274 1273 4342 Theo-

31 4347 134 4442 bsius,
161 4362 205 4432 iis
229 4385 314 4450 quos
341 4383 506 4454 praesens
540 4363 637 4432 robis
660 4362 809 4432 ostendit
834 4361 997 4433 narratio.
1024 4361 1072 4432 tb
1103 4362 1163 4432 illo
1191 4381 1272 4450 orgo
