2946 4798
203 288 266 351 508
569 305 609 353 ns
633 303 761 354 sinens
786 303 1015 352 ruuocnnrmus
1275 282 1356 350 ulte.
1377 285 1410 346 tt

158 387 356 546 impietatis,
376 401 409 461 et
431 389 490 476 qui
515 401 587 459 erat
610 389 750 460 abditus
778 389 814 458 in
839 389 952 479 adytis
980 387 1153 460 idolorum
1181 408 1329 474 errorem
1354 386 1413 454 suis

160 497 196 546 ra
223 477 267 546 ils
289 478 434 568 aperire,
452 490 483 546 et
503 477 645 548 reddere
674 476 894 548 manifestum
920 478 963 547 iis
991 477 1052 566 qni
1074 478 1148 569 Jem
1172 476 1255 547 olim
1281 474 1413 564 decipie

158 566 296 648 bantur,
317 579 350 637 et
365 565 503 637 diabolo
519 566 652 638 luctum
670 566 791 636 afferre
811 567 1068 658 gravissimum.
1087 571 1171 636 llam
1194 585 1276 636 cum
1302 585 1414 654 paucos

120 691 123 699 λ
157 655 371 726 ludaeorum
391 653 540 726 infantes
563 677 599 724 se
622 655 851 726 existimasset
866 655 1058 748 perdidisse
1082 667 1224 745 propter
1242 653 1410 730 Christum,

157 765 193 812 se
211 743 288 815 illos
303 743 442 833 quidem
469 765 537 814 non
558 743 703 814 advertit
718 745 904 815 collocasse
920 747 954 814 in
975 744 1093 836 protis,
1112 754 1152 814 ut
1171 740 1411 833 pulcherrimis,

158 833 204 902 ita
220 833 321 924 longe
344 833 539 914 tutissimis,
558 845 591 904 et
616 832 702 903 nihil
728 855 785 904 eos
809 832 962 914 laesisse,
989 855 1026 905 se
1049 845 1162 903 autem
1175 833 1251 924 jem
1270 831 1411 901 riditsna

158 921 326 992 nudatum
347 921 542 1012 tyrannide,
561 933 594 992 et
612 923 784 1013 privatum
800 922 1043 1014 antiquissima
1061 922 1237 1012 potestatis
1255 941 1340 992 suae
1352 919 1409 988 hu·

159 1009 313 1092 reditate,
336 1011 445 1081 Isaiae
468 1010 611 1103 impleta
628 1010 871 1101 praedictione,
889 1033 993 1100 quam
1010 1011 1084 1102 ipse
1101 1011 1258 1082 Christus
1275 1010 1312 1079 in
1330 1007 1410 1079 labris

158 1099 233 1200 ejus
258 1112 429 1186 posuerat,
448 1099 552 1190 longo
569 1111 648 1170 ante
673 1111 825 1191 tempore
848 1100 951 1171 talem
976 1122 1080 1170 suum
1105 1101 1295 1170 adventurn
1320 1107 1412 1187 apem

160 1186 375 1277 significans,
395 1201 427 1258 et
451 1211 511 1278 per
535 1188 630 1258 illius
658 1186 813 1279 linguam
841 1189 1015 1259 clamans:
1045 1195 1127 1258 Ecce
1157 1191 1321 1258 Dominus
1345 1187 1415 1256 sedet

157 1299 258 1368 super
276 1279 396 1346 nubem
417 1281 533 1356 levem,
554 1289 585 1348 et
600 1280 708 1348 veniet
727 1281 761 1347 ln
778 1283 979 1371 Aepyptum,
997 1288 1029 1348 et
1044 1281 1217 1348 solventur
1234 1279 1417 1365 uranusactn

158 1369 348 1522 {imputa
362 1369 450 1456 socie
475 1366 743 1458 ejtts(lsc.r1.r):
766 1371 849 1437 llum
875 1367 970 1437 decet
995 1365 1104 1458 gloria
1130 1368 1164 1436 in
1191 1366 1312 1438 secula
1335 1385 1418 1434 secu·

172 1476 284 1523 orum.
304 1511 310 1522 .
332 1478 420 1524 uren.

681 1756 909 1836 SERMO

382 1973 418 2037 B.
445 1971 617 2038 ChEClLll
643 1971 833 2039 CYPllllllll
857 1971 1057 2038 chunuto.
1080 1971 1205 2038 EPISC.

190 2175 254 2276 BB
288 2173 500 2292 stulti,
544 2173 723 2292 lllGlS,
760 2175 822 2276 AC
857 2173 1189 2278 lllllllCBll'lUll
1231 2173 1398 2278 MORTE

508 2415 653 2463 unuurun
678 2415 714 2463 lll
738 2414 820 2464 ΤΟΙΟ
844 2411 972 2463 OBBRUU
995 2413 1082 2475 EJUS,

306 2521 390 2570 NUNC
415 2517 533 2570 BBCBNS
556 2521 658 2570 OPBBA
682 2523 712 2568 B.
739 2521 847 2570 sucum
872 2521 999 2569 annunt
1024 2519 1281 2570 nncoettttotturr.

200 2697 218 2782 ᾗ
242 2699 279 2767 Ι.
299 2699 382 2764 Nato
406 2693 440 2763 in
462 2692 632 2762 Bethleem
656 2692 841 2775 salvatore,
861 2693 980 2763 audita
1004 2705 1055 2763 est
1078 2693 1114 2763 in
1131 2692 1282 2783 Ephrata
1296 2695 1369 2785 ejus
1390 2693 1415 2758 in

155 2783 255 2853 terris
278 2783 483 2873 praesentia,
502 2794 534 2852 et
558 2803 668 2870 usque
693 2781 735 2851 ad
761 2780 887 2872 sylvas,
907 2803 1118 2872 camposque
1143 2783 1298 2872 gentium
1325 2801 1417 2851 nome

154 2872 261 2963 hujus
286 2871 473 2941 nativitatis
497 2883 547 2941 est
574 2870 667 2940 fama
694 2883 870 2962 porrecta:
901 2871 936 2940 in
965 2871 1098 2942 ludaea
1129 2892 1149 2941 a
1178 2871 1374 2961 pastoribus
1393 2880 1418 2936 et

154 2959 292 3050 Angelis
308 2960 420 3049 primo
436 2971 517 3032 sunt
537 2960 620 3030 haec
640 2960 769 3052 gaudia
787 2959 970 3042 celebrata,
987 2982 1049 3030 nec
1067 2959 1176 3030 multo
1194 2971 1269 3050 post
1282 2960 1417 3029 Arabum

155 3049 242 3118 fines
267 3048 373 3138 hujus
393 3049 442 3118 rei
458 3049 577 3120 notitia
603 3049 803 3139 penetrarit,
821 3059 854 3118 et
869 3048 994 3121 ineolis
1011 3049 1124 3119 Sabba
1150 3049 1315 3138 praeclari
1332 3045 1417 3118 stella

155 3137 300 3207 luminis
324 3137 468 3209 coeleste
501 3159 629 3207 numen
660 3138 758 3208 novis
785 3135 1030 3228 splendoribus
1064 3137 1241 3208 indicavit.
1267 3143 1368 3208 Erant
1389 3136 1416 3202 in

157 3225 226 3296 illis
252 3226 451 3328 regionibus
477 3227 538 3296 viri
560 3226 722 3317 syderum
749 3226 1024 3317 inspectionibus
1038 3225 1178 3308 assueti,
1194 3228 1255 3315 qui
1272 3239 1342 3297 arte
1356 3245 1416 3292 ma·

156 3316 340 3385 thamutica
367 3316 435 3386 vim
460 3316 728 3406 discursumque
753 3327 917 3386 noverant
944 3315 1187 3406 planetarum:
1213 3315 1273 3403 qui
1297 3337 1336 3385 ex
1356 3311 1416 3412 ele-

157 3419 351 3476 mentorum
368 3416 490 3475 natura
515 3405 681 3475 rationem
708 3417 902 3494 temporum
924 3405 1113 3486 metientes,
1133 3415 1303 3476 astrorum
1326 3402 1415 3472 miur-

156 3495 259 3564 steria
274 3495 376 3564 certis
395 3493 638 3583 experimentis
660 3493 812 3651 propriis
832 3493 1025 3564 didicerant
1045 3493 1224 3564 effectibus
1240 3493 1412 3584 assignata.

156 3583 198 3651 lli
222 3604 263 3652 ex
286 3583 459 3654 vaticiniis
475 3580 612 3652 Balaam
638 3584 720 3653 olm
742 3581 923 3652 audierant
941 3582 1075 3653 stellam
1092 3582 1176 3653 oriri
1204 3583 1240 3651 in
1264 3581 1372 3659 Jacob,
1387 3587 1413 3643 ct

157 3670 332 3742 hominem
359 3673 394 3742 in
420 3672 537 3753 lsrael,
555 3673 656 3761 cujus
679 3669 843 3742 fortitudo
862 3672 963 3760 quasi
983 3671 1247 3751 rhinocerontis,
1266 3670 1306 3742 ad
1324 3685 1411 3758 quem

156 3762 190 3830 in
209 3759 372 3833 trieribus
388 3761 431 3832 de
447 3761 545 3831 ltalia
562 3762 728 3843 venirent,
740 3761 799 3848 qui
816 3773 1021 3851 superarent
1033 3761 1200 3851 Assyrios,
1212 3773 1246 3830 et
1259 3765 1412 3853 vastarent

154 3850 338 3932 Hebraeos,
360 3873 428 3938 quo
455 3860 649 3940 temporum
675 3871 738 3920 nec
762 3851 797 3919 in
813 3849 918 3921 laceb
941 3849 1087 3932 idolum,
1109 3871 1171 3919 nec
1191 3850 1226 3919 in
1252 3846 1351 3919 lsrael
1372 3866 1410 3911 sr-

155 3939 349 4011 mulacrum
368 3952 468 4011 esset.
489 3939 553 4009 Biu
568 3939 726 4008 homines
743 3937 792 4007 illi
811 3937 916 4029 hujus
937 3939 1138 4029 prophetiae
1153 3950 1349 4030 proventum
1363 3951 1409 4000 et·

155 4039 402 4129 spectaverant,
421 4039 454 4098 et
478 4027 539 4098 ubi
560 4028 651 4098 venit
681 4026 858 4118 plenitudo
883 4029 1059 4120 temporis,
1081 4039 1157 4098 orto
1179 4039 1316 4118 repente
1338 4037 1409 4120 nott

155 4117 278 4200 sidere,
304 4117 346 4188 ad
375 4117 517 4204 antiqua
547 4128 762 4186 recurrentes
791 4115 980 4200 volumina,
1001 4130 1069 4186 tam
1086 4117 1283 4187 testimonio
1303 4119 1407 4183 mumn

154 4227 259 4294 qnam
276 4208 387 4298 signo,
404 4205 581 4276 dromadis
594 4205 717 4276 invecti
732 4205 767 4274 in
780 4205 961 4289 ludeearn,
981 4205 1078 4276 stello
1091 4205 1192 4288 duce,
1212 4202 1404 4297 perventum.

155 4299 220 4364 Nee
245 4309 385 4383 potuere
401 4295 613 4366 Palaestinae
629 4293 761 4365 incolas
778 4293 882 4364 latere
899 4294 983 4365 tanti
998 4295 1152 4366 nominis
1171 4311 1340 4385 personae:
1356 4281 1405 4356 sed

156 4379 217 4449 ubi
242 4381 399 4452 auditum
424 4383 582 4470 estquod
609 4383 743 4453 stellam
769 4383 919 4454 indicem
943 4383 1015 4454 nati
1040 4384 1074 4453 in
1100 4383 1269 4455 Bethleem
1289 4369 1403 4472 parvuli
