2954 4816
22 269 86 334 titt.
109 269 149 336 25
416 289 455 349 nr
478 288 506 336 s,
533 287 673 338 cuorum
696 291 841 338 uanrrrur
1154 273 1214 340 fbf

21 393 70 440 non
85 393 152 440 esse
168 371 310 462 ignaros
327 393 445 442 eorum
470 394 559 460 quae
583 387 665 443 sunt
690 374 910 463 cognitionis.
938 373 1058 444 Sciatis
1078 395 1160 532 ergo
1181 376 1264 446 baec

19 461 112 528 onnia
135 473 268 551 apertas
285 482 362 532 esse
382 460 529 544 fabulas,
548 474 580 531 et
605 462 691 532 nibil
717 463 824 545 aliud,
847 484 951 552 quam
975 463 1115 552 probabi
1134 465 1262 546 itatem,

18 571 85 634 quae
101 563 204 638 potest
225 549 355 621 muftos
371 549 539 650 decipere.
559 555 665 639 Atque
685 557 891 624 Graecorum
907 553 1059 639 quidem,
1086 553 1145 640 qui
1169 553 1264 623 sede

18 659 63 704 sua
81 637 170 706 vaide
188 639 326 727 jactant
349 637 517 721 doctrina,
537 639 596 708 olii
622 662 684 710 nec
703 641 844 710 omnino
867 661 942 710 esse
967 641 1084 721 Deum,
1106 642 1166 711 aiii
1185 663 1264 713 vero

18 725 118 796 nultos
132 748 204 796 esse
224 739 257 796 et
271 727 419 815 majores
435 740 468 797 et
492 729 642 798 minores
663 741 879 818 putaverunt.
899 729 940 799 ui
959 751 1036 799 vero
1057 751 1177 800 omues
1192 752 1274 800 uno·

18 815 96 883 rerbo
110 815 309 897 excludunt,
341 817 421 886 cu'm
443 816 574 898 dicunt,
594 821 720 888 Omnes
743 818 967 909 diiigentium
987 819 1178 889 daemonia.
1205 823 1262 892 Est

18 902 86 971 enirn
103 905 287 994 impietatis
322 905 404 975 baec
440 904 587 995 perfecta
603 921 635 976 ct
658 906 816 976 absoluta
845 907 980 977 deletio.
1007 906 1097 976 lifud
1119 921 1259 988 autem,

18 992 154 1062 fominus
170 1005 286 1064 autem
306 995 418 1064 coelos
444 994 534 1075 fecit,
561 995 625 1064 hoc
649 1017 758 1065 unum
784 1009 899 1084 aperte
927 1000 1032 1066 Deum
1059 996 1203 1074 inducit,
1229 1010 1263 1065 ct

18 1099 205 1152 communem
224 1093 383 1151 nostrum
409 1083 589 1152 Dominum
618 1083 729 1154 reddit
753 1085 852 1154 nobis
877 1085 1068 1174 cognitum.
1095 1085 1156 1154 His
1179 1106 1260 1154 eon-

18 1170 157 1240 renientia
177 1169 282 1240 tradit
297 1171 399 1240 etiam
427 1171 608 1260 Apostolus
625 1172 763 1244 Paulus.
790 1173 965 1244 inducunt
986 1176 1078 1242 enirn
1101 1195 1155 1242 me
1174 1194 1259 1258 quo-

18 1259 143 1347 queejus
159 1260 273 1337 verba,
293 1281 382 1346 quae
406 1259 480 1349 ipsa
499 1261 571 1329 beri
588 1260 655 1351 legi
678 1273 711 1332 et
734 1262 1006 1343 nudiustertius,
1031 1284 1120 1351 quae
1144 1260 1259 1330 decla-

18 1359 76 1414 rant
97 1370 196 1418 unum
221 1371 300 1418 esse
324 1353 429 1418 Deum
455 1349 708 1419 universorum.
735 1350 867 1432 Quibus
897 1371 959 1420 nos
981 1372 1119 1438 quoque
1146 1349 1259 1419 credi-

18 1455 86 1514 nus,
109 1450 143 1506 ut
156 1458 244 1523 quae
262 1438 334 1506 sint
358 1436 455 1506 mide
474 1436 580 1520 clara,
599 1454 632 1508 et
645 1437 713 1508 fide
730 1438 847 1528 digna,
862 1450 996 1526 etquoe
1011 1439 1112 1509 fidem
1133 1439 1260 1509 faciant

18 1541 41 1588 u
61 1523 136 1611 ipsis
149 1526 326 1614 operibus.

45 1613 116 1696 ib.
141 1613 281 1684 «Vobis
301 1635 394 1702 erge,
417 1615 448 1684 si
473 1613 593 1695 velitis,
618 1627 798 1706 promptus
811 1627 862 1685 est
886 1627 918 1684 et
937 1615 1116 1706 expeditus
1135 1616 1259 1686 modus

18 1697 121 1796 refotis.
139 1707 206 1792 Ego
223 1716 339 1772 autem
363 1724 430 1772 non
449 1724 503 1772 me
522 1702 674 1795 amplius
694 1703 729 1772 in
759 1726 817 1774 vos
846 1725 976 1794 geram,
1000 1717 1175 1792 tamquam
1201 1704 1261 1774 do-

18 1807 141 1858 nrnam:
160 1791 216 1860 sed
239 1812 408 1861 conserva
431 1813 489 1861 ero
512 1804 545 1861 et
573 1813 681 1862 soror.
708 1798 932 1862 Communem
957 1793 1049 1862 enim
1074 1794 1257 1863 Dominum

18 1885 38 1942 et
53 1889 165 1962 patrem
192 1879 401 1950 habebimus
430 1884 550 1950 Deum.
579 1885 619 1950 Ut
641 1881 701 1968 qui
731 1903 812 1972 ergo
836 1882 946 1952 simus
970 1882 1076 1953 unius
1096 1881 1256 1959 Pastoris,

18 1975 37 2030 et
51 1977 207 2053 tamquam
226 1969 351 2038 fratres
368 1991 477 2038 uuum
496 1970 679 2058 spirantes,
694 1970 872 2040 communi
896 1971 1064 2040 sententia
1082 1971 1260 2039 veniemus

18 2049 46 2118 nd
63 2053 269 2128 Christianos.
291 2057 400 2126 Audio
416 2057 507 2125 enim
525 2079 545 2126 a
564 2056 712 2144 quodam
729 2057 857 2128 Heleno
871 2059 926 2127 hic
947 2058 1074 2128 factum
1096 2079 1170 2128 esse
1187 2079 1257 2126 rno-

18 2144 185 2236 nasterium,
211 2159 244 2216 et
266 2145 365 2214 ilium
380 2146 519 2232 quidem
537 2159 675 2236 propter
690 2147 824 2218 virtutis
843 2148 1117 2238 magnitudinem
1142 2167 1255 2216 oscen·

18 2225 90 2324 disse
108 2234 247 2321 gradum
283 2235 527 2324 Episcopatus:
553 2234 737 2320 quemdam
763 2249 877 2306 cutem
906 2236 1120 2306 Theodorum
1149 2233 1257 2304 fuisse

18 2317 150 2401 erusfoco
171 2325 384 2404 institutum,
413 2335 445 2392 et
477 2321 683 2412 praefectum
709 2323 999 2394 administrationi
1035 2323 1253 2418 monasterii,

18 2423 215 2493 cunquetam
237 2411 413 2501 praeclare
436 2433 500 2482 suo
527 2412 623 2502 gregi
650 2411 847 2501 praefuisse,
874 2412 973 2482 etad
998 2434 1074 2483 eam
1099 2412 1252 2481 divinam

18 2495 133 2576 gratiam
157 2501 363 2589 pervenisse,
390 2511 485 2570 utet
513 2500 746 2571 daemoniacis
775 2514 808 2570 et
831 2503 990 2590 aegrotis,
1018 2501 1087 2570 iliis
1114 2499 1253 2591 quidem

18 2599 159 2656 terentem
184 2591 360 2678 spiritum,
381 2589 533 2659 hisvero
558 2589 716 2658 morbum
737 2587 836 2660 focile
858 2589 1025 2680 expellat:
1044 2589 1127 2677 quin
1151 2589 1254 2688 etiam

18 2673 102 2766 trecis
121 2677 227 2749 oculis
251 2677 487 2749 desideratum
513 2676 624 2748 Solem
650 2678 807 2766 praebeat
835 2678 1037 2749 videndum:
1063 2689 1097 2747 et
1129 2679 1172 2747 iis
1195 2699 1256 2764 qur

18 2777 37 2822 ct
56 2765 184 2850 subjecti
207 2779 301 2847 sunt,
324 2765 503 2836 monacbis
533 2765 577 2836 ita
597 2779 721 2856 augeat
739 2768 1033 2846 exercitationem,
1055 2779 1093 2836 ut
1119 2765 1253 2838 nullom

18 2864 196 2930 praetereant
235 2867 343 2926 artem
360 2855 428 2924 diei
450 2875 489 2923 ac
514 2854 635 2935 noctis,
655 2876 743 2942 quae
767 2877 834 2926 non
864 2867 1089 2926 consumatur
1109 2855 1143 2924 in
1177 2875 1254 2945 per-

18 2938 105 3032 petuis
124 2877 278 3028 precibus
302 2955 334 3012 ct
353 2941 509 3013 canticis.
532 2947 662 3012 Horum
684 2945 931 3014 monasterium
952 2943 1059 3012 nullis
1083 2943 1162 3014 licet
1185 2942 1255 3013 foo-

18 3025 259 3120 nmisingnedi:
287 3053 399 3119 neque
424 3029 474 3100 fas
505 3044 556 3102 cst
575 3053 653 3101 cum
681 3031 723 3101 ab
752 3031 823 3102 uffa
847 3031 980 3122 adspici
1006 3032 1160 3103 muliere.
1190 3031 1253 3104 Sed

19 3127 60 3178 tos
74 3117 131 3185 nei
146 3121 267 3209 capitis
283 3141 417 3191 comam
438 3117 583 3200 tondete,
602 3132 635 3190 et
651 3118 714 3190 hos
737 3121 851 3191 crines
874 3120 1014 3201 auferte,
1041 3134 1074 3190 et
1089 3120 1180 3190 virili
1200 3143 1254 3190 me

19 3213 85 3270 teste
98 3204 233 3290 induite,
252 3222 285 3280 at
302 3223 404 3280 noctu
420 3208 462 3278 od
480 3229 537 3278 eos
553 3208 685 3278 ducite:
710 3210 805 3280 vobis
817 3209 958 3296 quidem
979 3231 1032 3278 me
1045 3231 1155 3365 prope
1171 3231 1251 3278 cur·

18 3303 73 3354 rom
95 3298 321 3384 sequentibus,
341 3297 483 3386 reliquis
499 3309 612 3366 autem
634 3295 774 3367 famulis
798 3297 903 3368 simui
923 3319 1042 3387 praece
1069 3299 1253 3368 entibuset

19 3383 217 3461 equentibus:
238 3399 276 3456 ut
298 3386 438 3474 quando
461 3384 632 3456 fuerimus
655 3385 783 3476 inipso
804 3387 889 3467 loco,
910 3387 986 3476 ejus
1009 3386 1099 3475 quod
1123 3385 1250 3456 factum

19 3475 62 3556 θξῑ,
80 3470 202 3542 nulfum
227 3497 366 3546 sensum
391 3475 533 3544 omnino
560 3473 797 3564 praebeamus.
825 3481 1003 3546 Decaetero
1028 3476 1124 3546 vobis
1148 3494 1252 3544 curae

20 3561 58 3704 spot.
76 3569 107 3625 ut
127 3581 203 3632 cum
223 3575 336 3653 portas
360 3563 508 3654 ingressi
532 3561 713 3644 fuerimus,
732 3563 892 3647 salutem,
914 3576 950 3635 ut
969 3585 1031 3656 par
1057 3575 1120 3646 est,
1140 3561 1252 3652 adipi-

29 3661 185 3717 anor.»

51 3729 123 3812 §tt
146 3737 346 3810 Pfecuerunt
370 3740 547 3811 Eunucbis
569 3762 659 3828 quae
682 3738 773 3816 dicta
801 3753 893 3821 sunt,
920 3753 953 3811 et
976 3763 1016 3812 ea
1045 3739 1255 3810 studuerunt

23 3811 199 3896 adeteorun
223 3829 402 3900 deducere.
429 3833 532 3900 Porro
557 3841 672 3900 cautem
698 3827 777 3898 feiix
800 3850 937 3917 quoque
969 3830 1108 3919 signum
1135 3850 1253 3898 conse·

24 3919 155 3996 ittuntur.
179 3917 334 3988 Nondum
359 3917 450 3988 enim
471 3931 704 4007 pervenerant,
731 3933 770 3988 ut
793 3918 1056 4008 ingrederentur
1081 3929 1252 3988 moneste-

27 4005 102 4076 num,
119 4013 148 4068 et
170 4025 313 4096 magnus
337 4007 424 4076 inter
439 4007 555 4097 episco
580 4029 618 4078 os
642 4006 803 4088 Helenus,
825 4007 914 4076 venit
941 4029 980 4076 ex
1010 4006 1192 4097 Heliopoli,
1221 4017 1253 4074 ct

27 4093 82 4178 Μ]
108 4091 316 4187 multitudine
346 4095 519 4178 virorum,
553 4029 637 4165 baec
665 4095 770 4166 veluti
804 4095 903 4188 siguo
926 4095 1006 4167 dato
1030 4096 1249 4193 canentium:

29 4169 97 4264 «tn
112 4195 270 4261 justorum
288 4183 415 4254 directa
439 4197 506 4256 est:
534 4185 586 4254 vis
602 4195 800 4254 sanctorum
817 4196 933 4274 parata
954 4201 1016 4254 est.
1037 4209 1054 4252 n
1070 4190 1140 4254 Hoc
1157 4199 1190 4254 et
1207 4184 1251 4255 irs

30 4267 164 4360 *tuterunt
185 4272 274 4340 circa
304 4275 502 4360 Eugeniam,
529 4275 623 4344 aurit
644 4273 759 4353 tidem,
785 4286 818 4341 et
840 4273 950 4342 effecit
974 4287 1011 4342 ut
1040 4273 1095 4342 ilio
1124 4273 1251 4340 miran-

32 4335 92 4412 dun
110 4360 290 4428 trinodum
310 4359 499 4432 laetaretur.
518 4368 706 4450 Tamquam
727 4375 816 4433 certe
834 4376 934 4432 nacta
950 4363 1176 4442 occasionem,
1192 4382 1250 4432 eos
