2994 4832
111 3682 116 3693 ’
220 3675 343 3758 luerat,
355 3678 529 3768 personati
543 3677 704 3749 kalendis
716 3677 887 3760 tannarii,
906 3687 975 3748 tota
989 3679 1076 3748 urbe
1091 3698 1152 3768 per
1167 3678 1289 3750 ludum
1303 3676 1485 3760 discurreret

256 290 298 354 80
529 309 568 354 nn
592 308 620 354 s.
646 303 745 355 rnrno
768 306 879 354 ennvs.
906 305 1082 356 ravennas.
1110 308 1160 353 re.
1339 289 1448 354 nudi

212 413 276 481 ope
305 393 480 471 niteretur,
508 395 643 462 Petrum
660 391 907 494 chrysologum
928 391 1033 481 jussit
1052 390 1095 460 ad
1115 390 1300 461 Concilium
1314 391 1452 460 adversus

212 481 388 570 Eutychen
412 501 500 568 quae
537 480 733 550 viderentur
768 481 928 550 seribere.
968 479 1065 564 Quod
1089 492 1122 550 et
1145 485 1263 552 Petrus
1284 477 1356 549 lecit
1385 478 1452 546 adeo
1484 479 1485 560 l

211 569 416 651 luculenter,
440 569 656 660 graviterque
671 581 704 639 et
723 569 789 661 pie,
805 581 842 639 ut
860 568 903 639 ad
921 569 1010 638 bane
1028 590 1137 656 usque
1153 581 1293 640 aetatem
1310 589 1362 638 eas
1381 567 1453 636 litte-

212 681 269 730 ras
285 669 510 746 quaesitam,
527 658 591 727 viri
608 679 726 728 ornnes
743 658 834 728 docti
853 657 1032 740 mirentur,
1047 669 1081 727 et
1101 659 1211 748 primo
1229 656 1300 728 loco
1318 655 1452 726 habeant.
1484 701 1485 746 ,

256 749 274 834 fi
299 753 346 818 G.
372 747 520 816 Accessit
539 751 736 817 Ravennam
762 747 825 816 hoc
849 757 1013 836 tempore,
1035 746 1078 815 ad
1096 745 1453 826 Valentinianum,Ger·

213 855 338 906 manus
354 835 657 908 Autissiodorensis
679 836 698 871 ⁴
724 835 882 916 lntistes,
911 835 1037 905 eximia
1070 835 1123 905 vir
1145 835 1331 916 sanctitate,
1356 833 1394 902 ab
1414 854 1453 910 eo,
1484 861 1485 902 z

212 923 432 1012 Placidiaque
450 936 558 995 matre
577 923 766 996 honorilice
780 934 952 1026 exceptus,
979 924 1040 994 ubi
1063 947 1144 994 cum
1169 925 1205 994 in
1230 935 1381 1014 argenteo
1396 941 1456 991 vase

212 1013 255 1083 ad
279 1035 358 1082 eum
385 1013 534 1086 misisset
564 1012 750 1102 aliquando
781 1013 932 1083 Placidia
962 1011 1175 1084 lautissimos
1204 1013 1323 1093 cibos,
1352 1010 1485 1098 quibust

213 1113 383 1184 coenaret,
409 1102 455 1172 ita
479 1124 608 1174 munus
624 1105 773 1192 accepit,¹
791 1116 829 1172 ut
846 1103 952 1172 servis
978 1101 1174 1191 praebuerit
1197 1102 1310 1172 cibos:
1336 1109 1388 1169 tas
1410 1121 1457 1167 an·

213 1204 281 1262 tem
306 1203 505 1282 argenteum
524 1190 667 1263 voluerit
686 1191 778 1282 apud
797 1214 833 1263 se
848 1212 934 1271 esse,
955 1191 1073 1281 egenis
1097 1191 1178 1260 viris
1192 1187 1456 1262 distribuendum.

213 1285 229 1350 Ι
256 1279 478 1359 sePlaeidiae
495 1301 617 1370 panem
635 1301 675 1350 ex
699 1280 826 1352 hordeo
851 1281 886 1349 in
910 1279 1055 1350 scutella
1079 1278 1194 1370 lignea
1218 1279 1358 1361 remisit,
1386 1273 1458 1364 quod

213 1303 275 1439 illa
300 1370 363 1438 viri
387 1369 497 1440 sancti
519 1391 647 1440 munus
672 1367 916 1440 venerabunda
950 1381 1154 1470 acceptum,
1184 1389 1323 1439 summa
1350 1385 1460 1455 semper

215 1457 308 1548 apud
321 1480 357 1526 se
374 1459 587 1528 veneratione
601 1457 733 1541 habuit,
751 1457 1001 1546 seutellamque
1017 1457 1166 1550 ligneam
1181 1468 1323 1548 argento
1337 1456 1460 1552 circun-

215 1546 318 1617 dedit.
346 1551 429 1616 Cum
463 1568 539 1618 vero
574 1547 678 1616 semel
708 1547 751 1618 ad
785 1568 927 1618 coenam
957 1551 1166 1616 Germanum
1198 1546 1392 1627 invitasset,
1420 1540 1462 1609 illa

216 1637 363 1726 benigne
383 1656 566 1716 assensus,
597 1649 712 1705 vectus
736 1635 842 1706 asello
865 1635 908 1705 ob
940 1634 973 1704 id
995 1633 1087 1722 quod
1118 1634 1170 1704 vix
1202 1634 1323 1724 pedem
1353 1650 1462 1702 movere

216 1737 341 1882 posset,
367 1723 543 1796 consectus
560 1724 672 1794 inedia
688 1737 720 1794 et
743 1725 967 1814 castigatione
982 1724 1148 1814 corporis,
1167 1723 1313 1815 contigit
1335 1723 1382 1792 uti
1397 1717 1463 1789 asel·
1484 1753 1485 1760 ι

231 1835 283 1896 ue,
306 1813 370 1900 ,qui
391 1813 509 1894 nihilo,
532 1835 636 1900 quam
669 1817 871 1894 Germanus,
899 1813 1043 1882 firmiori
1071 1811 1266 1882 valetudine
1290 1825 1371 1893 erat,
1395 1811 1464 1878 inter

216 1901 432 1972 coenandum
452 1913 651 1972 moreretur.
679 1901 776 1985 Quod
796 1923 876 1973 cum
902 1901 1095 1973 rescivisset
1118 1901 1282 1984 Placidia‚
1305 1899 1401 1989 jussit
1420 1917 1485 1992 ge,

217 2011 378 2061 nemsum
400 2013 527 2078 equum
554 1991 723 2060 maximae
750 1991 1028 2061 mansuetudinis
1051 1990 1177 2060 allerri.
1201 1990 1264 2060 Sed
1284 1994 1463 2083 Germanus.

217 2101 297 2149 eum
314 2101 416 2149 suum
441 2101 477 2150 se
498 2078 582 2148 velle
606 2079 746 2150 asinum
763 2079 901 2160 diceret,
931 2091 1058 2169 peteret
1083 2101 1138 2159 ue,
1166 2079 1215 2148 uti
1241 2079 1309 2150 sibi
1334 2078 1421 2149 locus
1439 2093 1463 2171 .¹¹¹

217 2190 285 2256 quo
309 2168 454 2240 cadaver
472 2181 561 2238 esset
575 2168 799 2250 indicaretur,
818 2168 860 2238 ad
878 2167 978 2237 illum
996 2102 1198 2258 productus,
1220 2171 1342 2258 Surge,
1365 2168 1463 2252 inquit.
1484 2187 1485 2238 ι

218 2269 430 2328 revertamur
452 2256 493 2326 ad
508 2257 717 2346 hospitium:
736 2258 918 2343 statimque
938 2268 971 2326 et
990 2255 1120 2329 asellus
1139 2256 1315 2327 redivivus
1331 2251 1463 2327 surrexit,

217 2358 250 2415 et
273 2351 482 2416 Germanum
505 2347 630 2416 revenit
653 2346 745 2417 unde
769 2346 984 2417 discesserat.
1012 2351 1136 2415 Verum
1166 2367 1233 2416 non
1260 2343 1371 2416 multo
1400 2350 1485 2433 post.

218 2438 410 2505 Germanus
431 2433 538 2504 multo
553 2449 631 2505 ante
650 2436 693 2506 ab
714 2458 750 2506 se
768 2434 957 2525 praevisam
976 2446 1077 2521 atque
1094 2434 1378 2524 praenunciatam
1396 2449 1465 2500 rnor-

219 2538 285 2594 tern
303 2528 483 2594 Ravennae
499 2545 579 2592 curn
606 2524 673 2594 vitu
689 2523 922 2605 eommutavit,
950 2523 1095 2613 septimo
1125 2535 1199 2613 post
1224 2545 1307 2593 uam
1337 2522 1468 2596 laborare

218 2630 258 2682 ex
277 2611 370 2688 febre
393 2627 549 2702 coeperat
568 2611 635 2682 die.
655 2613 736 2702 Ejus
763 2613 944 2682 cadavera
966 2617 1062 2682 Petro
1080 2546 1289 2702 Ghrysologo
1315 2617 1469 2684 Ravenna·

220 2714 291 2771 tum
318 2701 581 2790 archieptseopo
597 2701 644 2772 ita
668 2700 869 2782 eonditum,
893 2713 929 2771 ut
952 2701 988 2769 in
1014 2700 1159 2771 Galliam
1189 2701 1382 2790 importari,
1406 2716 1470 2786 que-

221 2787 446 2888 madmodum
471 2789 622 2860 moriens
653 2794 845 2862 Germanus
870 2789 1022 2879 petierat,
1047 2801 1176 2880 posset:
1196 2789 1288 2877 quod
1315 2803 1348 2862 et
1374 2787 1471 2884 Valen-

220 2889 373 2947 tinianus
388 2878 522 2947 curavit
545 2876 755 2950 laciendum.
783 2883 902 2950 Petrus
931 2877 1041 2948 sancti
1065 2878 1130 2948 viri
1159 2877 1337 2950 cucullam
1362 2890 1394 2948 et
1412 2872 1485 2956 cili-i

219 2965 313 3034 cium
339 2966 407 3035 sibi
431 2965 564 3048 habuit,
594 2989 633 3037 ac
660 2967 810 3055 nequid
837 2967 915 3057 pius
932 2967 1052 3038 haeres
1077 2989 1118 3036 er
1136 2967 1400 3056 intestatibonis
1424 2959 1485 3044 nortl

221 3051 422 3145 possideret,
444 3055 511 3125 sibi
535 3055 732 3126 vindicavit.
1484 3045 1485 3130 l

263 3143 343 3230 δῦ.
371 3143 607 3214 Aedificationi
626 3157 740 3236 postea
760 3145 925 3226 intentus,
949 3143 986 3214 in
1015 3143 1129 3216 Classe
1152 3144 1299 3216 extruxit
1326 3137 1477 3216 mirabilis

221 3232 473 3390 magnitudinis
491 3232 633 3316 fontem,
659 3233 793 3324 duplici
817 3233 886 3304 alto
911 3254 1010 3304 muro
1041 3245 1207 3304 extructo.
1235 3237 1361 3304 Sancto
1394 3230 1478 3301 etiarn

220 3323 267 3390 An
297 3343 373 3391 reae
389 3321 537 3412 lpostoli
552 3322 649 3411 juxta
675 3323 856 3394 Ursianam
881 3321 999 3392 aedem
1017 3321 1110 3393 baud
1132 3321 1252 3412 procul
1279 3345 1296 3391 a
1321 3313 1480 3393 Posterula

221 3431 325 3497 quam
346 3410 548 3481 Vincilionis
568 3411 756 3502 appellant,
786 3409 980 3482 aedificavit
998 3411 1176 3503 egregium
1203 3409 1383 3500 templum.
1409 3412 1478 3478 Gum

221 3521 300 3570 vero
325 3498 389 3569 hoe
407 3512 558 3590 tempore
570 3505 783 3572 Ravennates
799 3499 841 3570 ad
860 3499 1004 3587 deorum
1020 3499 1338 3571 commentitiorum
1354 3493 1481 3570 simula-

220 3609 333 3669 crum,
359 3609 447 3675 quos
470 3589 669 3677 antiquitas,
689 3602 768 3661 ante
792 3600 930 3680 partum
955 3587 1119 3679 Virginis,
1148 3610 1261 3659 errore
1285 3586 1416 3668 delusa,
1436 3603 1482 3652 co-

221 3778 457 3848 consuessent‚
484 3766 569 3858 ipse,
601 3766 720 3840 multis
745 3766 873 3838 habitis
896 3766 1135 3848 concionibus,
1161 3787 1238 3838 eam
1269 3764 1482 3856 perniciosam

222 3854 508 3954 consuetudinem
529 3854 647 3926 tollere
658 3867 803 3928 conatus
815 3868 876 3926 est.
895 3855 956 3926 llis
973 3853 1155 3938 absolutis,
1171 3855 1237 3926 Chr
1262 3854 1403 3946 sologus
1417 3861 1485 3947 euml

223 3944 406 4012 imminere
430 3943 496 4013 sibi
520 3957 710 4016 extremum
731 3945 820 4016 vitae
842 3943 935 4014 diem
969 3943 1136 4014 divinitus
1162 3877 1381 4036 intelligeret,
1406 3941 1485 4096 daeg

223 4050 390 4117 mumque
404 4033 478 4122 jam
502 4055 634 4104 annum
656 4034 845 4104 Ravennati
869 4032 1042 4104 Ecclesiae
1067 4031 1282 4124 praefuisset,
1301 4030 1470 4103 contulits

223 4116 264 4186 ad
284 4122 409 4191 Forum
429 4121 576 4191 Cornelii
594 4123 639 4205 μ,
659 4124 720 4194 ubi
745 4127 777 4192 S.
805 4122 958 4196 Cassiani
985 4123 1148 4224 martyris
1172 4123 1340 4214 templum
1367 4121 1485 4210 ingresi

223 4227 296 4286 sus,
323 4210 526 4280 muneribus
542 4211 692 4294 tributis,
711 4217 817 4282 Deum
845 4222 1004 4301 precatus
1023 4233 1064 4282 ac
1081 4233 1196 4302 ipsum
1221 4216 1254 4281 S.
1282 4211 1485 4306 Cassianum,

249 4363 354 4447 :tentus
364 4367 385 4406 8.
395 4367 515 4410 nnttstitts
526 4369 579 4411 Vtte
588 4372 614 4413 tn
624 4371 673 4414 Vct.
687 4381 726 4420 vn.
735 4381 787 4424 pig.
799 4372 838 4414 ert
846 4370 899 4421 etc..
908 4371 1017 4415 trabatur.
1484 4379 1485 4434 t

291 4419 344 4460 rtet.
356 4421 433 4468 lavata,
443 4423 468 4462 tn
478 4424 583 4466 rtemtllt.

1021 4525 1034 4559 1
