2994 4832
62 310 165 376 blla
447 326 485 373 nr
509 327 534 373 s.
561 295 799 374 ttrconxo'rtrx..
820 326 869 374 nr.
1183 311 1246 374 465

58 410 249 502 spiritualiter
270 409 506 491 educandum,
531 424 564 481 ct
590 411 753 480 omnibus
782 411 1077 481 sanctissimarum
1104 411 1291 482 institutio-

54 523 117 656 pun
138 502 343 572 ornamentis
366 501 549 582 excultum,
569 499 808 570 admirabilem
833 499 968 570 cunctis
989 500 1193 571 mortalibus
1212 501 1291 570 red-

70 603 158 658 erent.

82 681 154 764 §2
179 676 345 746 Infantem
371 689 482 746 autem
507 677 602 747 huuc
620 678 699 765 quis
722 677 864 760 dubitet,
886 677 922 746 in
952 677 1027 767 ipso
1051 677 1165 748 statim
1198 678 1288 746 nati-

50 765 138 836 ritatis
157 765 305 847 exordio,
324 765 440 834 divino
463 764 567 836 luisse
586 769 729 837 numine
757 765 922 848 aillatutn,
949 767 1283 852 sanctificatumque,

49 858 93 940 qui
107 877 165 924 non
191 858 287 944 prius
305 857 427 935 vivere,
450 875 553 944 quam
571 860 675 925 Deum
696 856 861 936 venerari,
882 877 949 924 non
974 856 1072 946 prius
1094 855 1283 937 comedere,

46 964 126 1028 quam
142 944 297 1034 jejunare
321 944 458 1032 coepit?
481 948 698 1032 compertum
722 945 814 1013 enirn
843 945 1030 1025 habemuS,
1060 943 1181 1026 illum,
1203 965 1286 1014 curn

45 1032 170 1118 reliquos
197 1032 282 1112 dies,
311 1047 494 1118 noctesque
524 1055 664 1113 omnes,
695 1032 840 1103 nutricis
860 1033 965 1103 ubera
989 1047 1125 1123 sugeret
1153 1031 1285 1112 crebro,

43 1133 142 1206 quarta
157 1133 283 1201 tamen,
310 1134 470 1206 sextaque
492 1121 577 1190 feria
603 1122 669 1190 nisi
694 1121 799 1191 semel
829 1122 1018 1203 dumtaxat,
1040 1133 1073 1191 et
1095 1121 1129 1190 id
1155 1121 1287 1210 vesperi

44 1209 173 1293 quidem,
189 1209 242 1278 lac
262 1208 413 1280 soluisse
456 1224 580 1279 ustare.
599 1214 703 1296 Atque
724 1210 786 1278 hoc
803 1233 938 1301 semper
954 1225 1057 1291 certo,
1079 1211 1288 1299 immotoque

44 1298 311 1377 seuautordine,
338 1312 376 1368 ut
394 1233 498 1367 nullis
527 1313 640 1388 posset
667 1298 856 1380 blanditiis,
886 1299 981 1370 nullo
998 1299 1144 1370 nutricis
1161 1298 1288 1368 lenoci-

43 1386 97 1462 nio,
113 1387 201 1456 nulla
219 1401 363 1456 naturae
376 1386 751 1476 necessitateajejuuio
764 1401 882 1478 coepto
895 1389 1039 1458 deflecti.
1058 1389 1287 1470 Quamobrem

41 1474 81 1542 rel
102 1475 290 1565 improbum
316 1497 487 1563 quemque
507 1477 675 1545 bonarum
693 1497 804 1546 rerum
831 1478 1047 1568 interpretem
1073 1476 1175 1566 plane
1190 1476 1290 1545 fateri

42 1577 181 1650 oporteat,
208 1587 275 1633 non
302 1563 447 1633 fortuitu
466 1564 564 1645 illud,
584 1579 642 1633 out
655 1565 855 1654 intemperie
870 1566 1037 1634 stomachi
1054 1565 1182 1634 sactum
1199 1585 1285 1646 esse,

43 1651 92 1718 sed
112 1653 201 1738 quasi
226 1653 397 1732 consulto,
423 1665 455 1722 et
474 1655 531 1722 Dei
556 1652 691 1722 afflante
715 1655 852 1741 spiritu.
879 1657 904 1724 0
930 1655 1136 1723 miraculum
1170 1654 1290 1742 singu·

43 1738 112 1818 lare,
138 1756 169 1810 ct
191 1743 278 1811 inter
304 1763 382 1810 rara
404 1743 560 1810 omnium
586 1741 781 1811 seculorum
813 1741 1008 1832 spectacula
1039 1765 1099 1832 per
1122 1743 1290 1813 Ecclesiae

44 1832 143 1897 merito
157 1830 388 1906 decantatum,
414 1843 446 1898 et
471 1829 616 1920 dignum
646 1830 779 1899 vivendi
806 1831 1028 1923 principium,
1060 1831 1117 1900 cui
1141 1845 1210 1902 tam
1231 1853 1289 1900 ex-

47 1915 150 1988 cellens
170 1919 232 1990 rita
254 1918 473 1988 succederet:
508 1919 787 2006 quandoquidem
819 1920 1053 1990 crescentibus
1083 1921 1202 2001 annis,
1233 1919 1290 1989 de-

46 2003 207 2094 bebatejus
224 2028 368 2095 quoque
393 2007 587 2088 virtutibus,
611 2021 683 2076 tum
711 2009 850 2091 natur‘b,
875 2023 945 2078 tum
976 2009 1091 2080 studio
1118 2021 1151 2078 et
1180 2009 1289 2098 gratia

52 2094 147 2178 patris,
160 2095 226 2164 fieri
252 2095 407 2165 accessio
431 2095 661 2164 admirandai

89 2182 158 2266 §2
177 2189 292 2255 Postea
330 2184 442 2263 euim,
472 2207 575 2274 quam
604 2185 793 2274 epueritia
822 2187 1042 2270 excessisset,
1076 2184 1289 2254 castissimos

53 2287 153 2350 mores,
166 2287 192 2341 et
211 2271 438 2363 disciplinam
453 2273 496 2342 ab
512 2273 653 2362 optimis
673 2287 845 2364 acceptam
864 2275 1075 2364 parentibus,
1104 2273 1138 2341 in
1166 2272 1290 2342 melius

53 2355 188 2446 redigens,
212 2364 292 2452 ipse
321 2383 457 2449 quoque
477 2374 598 2450 suapte
630 2375 752 2431 natura
775 2376 808 2433 et
832 2363 971 2450 ingenio
997 2385 1063 2432 non
1089 2360 1288 2442 desinebat,

53 2443 122 2513 selut
139 2470 296 2539 generosa
321 2449 540 2535 quaedamst
562 2449 684 2519 fertilis
701 2450 812 2540 gleba,
834 2471 938 2522 novos
961 2451 1114 2538 quotidie
1130 2451 1288 2519 honesta·

49 2532 124 2632 tisnet
144 2539 275 2626 pietatis
301 2537 434 2607 lructus
458 2539 569 2608 edere.
589 2539 673 2607 lnde
697 2553 805 2608 aetate
823 2553 993 2629 poscente,
1014 2539 1057 2609 ad
1082 2537 1289 2641 capiendum

43 2626 129 2693 animi
144 2627 290 2707 cultum,
321 2626 467 2696 traditur
479 2627 593 2697 studio
611 2626 813 2698 litterarum.
831 2628 893 2698 Ubi
910 2641 982 2698 tum
1000 2629 1131 2718 ingenit
1156 2627 1290 2716 magni-

43 2711 148 2790 tudine,
166 2727 237 2786 tum
263 2715 440 2784 velocitate
463 2715 632 2798 discendi,
659 2716 753 2786 brevi
780 2717 966 2786 admodum
996 2739 1077 2788 aevo
1106 2715 1215 2786 multa
1239 2716 1291 2784 in·

40 2821 207 2874 venuaruro
243 2803 514 2892 disciplinarum
543 2805 685 2875 scientia
715 2805 891 2886 imbutus,
919 2805 962 2874 ab
986 2805 1080 2876 omni
1117 2804 1290 2874 humanae

38 2853 133 2962 laudis
156 2915 240 2962 cura
277 2891 495 2962 abhorrebat.
523 2893 724 2980 loquatium
749 2915 827 2964 vero
851 2893 1071 2975 sodalitates,
1107 2895 1285 2973 convivia,

37 2982 286 3051 consuetudines
311 2982 437 3051 vitabat
460 2982 620 3062 omnino,
643 2983 723 3068 quia
748 2983 782 3051 in
812 2982 882 3051 illis
905 2997 1058 3053 cerneret
1082 2984 1171 3053 sicut
1194 2980 1288 3052 sesti-

37 3067 131 3136 ritatis
153 3070 318 3151 multum,
339 3070 383 3139 ite
397 3069 586 3159 plurimum
607 3092 681 3140 esse
705 3071 987 3161 intemperantiae
1011 3085 1113 3158 atque
1131 3071 1287 3159 periculi.

35 3157 196 3250 liulierum
218 3181 290 3227 non
308 3159 410 3228 modo
423 3157 604 3245 colloquia,
619 3159 840 3228 verumetiam
858 3172 1094 3250 conspectum,
1114 3171 1289 3247 tamquam
1351 3181 1354 3198 ²

31 3246 176 3330 juvenilis
196 3246 309 3316 animi
337 3246 651 3336 pestilentissimam
680 3247 789 3317 labem
815 3248 963 3338 lugiens,
991 3260 1098 3316 totum
1124 3269 1160 3316 se
1188 3247 1292 3316 hone-

33 3335 96 3402 stati
120 3335 377 3424 pudicitiaeque
409 3335 550 3405 addixit.
581 3335 775 3405 Libidinum
804 3357 881 3406 vero
900 3350 931 3408 et
955 3336 1070 3406 carnis
1102 3333 1287 3412 incendia,

34 3423 145 3504 quibus
160 3437 319 3494 aestuare
345 3423 546 3514 plerumque
569 3447 688 3494 omncs
705 3425 937 3495 adolescentes
953 3425 1074 3504 solent,
1097 3421 1290 3510 quotidiani

35 3507 164 3592 labores,
186 3514 336 3602 jejunia,
358 3512 494 3602 vigiliae
518 3514 773 3602 extinguebant.
806 3514 945 3584 Talibus
976 3514 1183 3582 instructum
1209 3510 1291 3580 arti·

34 3595 98 3679 bus,
119 3612 226 3672 toturn
253 3623 328 3670 sese
344 3601 541 3691 accepimus
556 3602 598 3670 ad
618 3602 740 3672 Christi
757 3603 932 3673 servitium
950 3600 1148 3673 contulisse.
1170 3597 1292 3669 Schola

36 3685 74 3755 illi
102 3703 172 3759 erat
195 3712 237 3760 ac
257 3689 510 3770 diversorium,
547 3691 605 3760 Dei
637 3691 827 3781 templum,
853 3705 892 3762 ut
915 3713 951 3761 se
986 3690 1131 3780 dignum
1157 3699 1293 3778 pararet

35 3776 199 3865 templum,
227 3781 263 3847 in
288 3799 357 3864 quo
377 3783 465 3848 Deus
489 3781 563 3868 ipse
592 3800 719 3867 pernox
742 3792 775 3849 et
808 3779 948 3870 perdius
972 3779 1151 3848 habitaret.
1178 3781 1292 3864 Neque

36 3859 187 3934 bonarum
214 3866 481 3955 disciplinarum
512 3866 624 3938 studia
654 3881 713 3938 aut
738 3867 892 3957 legendo,
924 3879 984 3938 aut
1008 3865 1197 3947 audiendo,
1231 3875 1292 3936 aut

37 3951 218 4024 meditando
242 3954 498 4025 intermittebat.
531 3959 569 4024 In
600 3956 728 4043 quibus
757 3969 889 4028 tentum
919 3955 1095 4035 excettuitt
1122 3966 1290 4041 quantum

39 4057 147 4129 magno
170 4041 290 4113 futuro
311 4043 458 4114 Antistiti
488 4065 577 4134 opus
598 4057 681 4114 erat.
710 4044 772 4115 Sed
799 4067 868 4133 quo
902 4047 970 4115 vita
1006 4057 1097 4114 recta
1124 4042 1292 4113 doctrinis

38 4131 183 4201 omnibus
201 4130 303 4222 longe
321 4133 468 4202 maxime
487 4133 724 4222 praestabilior
742 4145 804 4214 est,
829 4155 869 4203 eo
886 4134 965 4223 plus
989 4132 1022 4202 in
1042 4131 1291 4221 componendis

39 4209 279 4306 formandisque
296 4220 447 4290 moribus
476 4221 621 4290 navabat
649 4244 771 4312 operae
795 4244 834 4291 ac
859 4222 998 4303 laboris,
1025 4243 1093 4308 quo
1112 4218 1288 4309 juvenilis,

41 4299 289 4398 fluctuantisque
312 4308 433 4378 aetatis
453 4311 715 4380 inconstantiam
742 4309 843 4380 senili
859 4311 1007 4398 quadam
1036 4310 1189 4380 firmaret
1212 4329 1290 4406 gra-

40 4402 133 4464 utatc.
159 4400 266 4479 Quem
293 4397 389 4466 enirn
406 4397 448 4466 ad
481 4397 624 4469 modum
653 4421 721 4469 non
755 4398 842 4470 illud
877 4400 1013 4470 senium
1032 4399 1227 4476 laudamus,
1254 4416 1290 4462 m
