2972 4826
87 269 141 331 tt‘j.
164 270 180 333 6
477 289 517 334 ne
541 290 569 334 s.
597 289 715 334 asama
741 287 866 334 troarne
1198 272 1258 334 l'li

81 383 154 440 natre
173 371 346 461 impetrare
371 391 434 441 non
462 382 604 460 poterat,
628 372 761 453 induta,
786 373 841 529 pio
866 371 1107 462 negotiationis
1131 371 1300 462 auspicio,

80 473 223 550 seropenta
247 459 391 530 Domino
413 461 638 541 consecravit,
656 474 696 532 ut
716 461 786 531 inte
801 461 922 551 ligeret
946 461 1109 533 universa
1129 463 1300 552 cognatio,

78 569 123 616 non
143 571 225 638 posse
247 548 343 619 aliud
369 549 399 618 ei
426 549 632 638 extorqueri,
654 571 744 637 quae
763 550 835 638 jam
864 549 1019 620 seculum
1045 549 1243 620 damnasset
1267 551 1301 619 in

76 637 197 708 restibus.
221 637 283 708 Sed
301 643 311 719 ,'
339 650 378 707 ut
400 636 515 710 dicere
537 659 785 728 coeperamus,
813 639 857 708 ita
894 661 930 710 se
964 661 1099 728 semper
1129 640 1301 708 moderate

76 724 171 808 habuit,
187 727 320 797 etintra
344 725 496 797 cubiculi
522 727 575 797 sui
601 741 730 798 secreta
756 727 951 808 custodivit,
979 741 1016 796 ut
1041 749 1220 815 nunquam
1246 751 1303 818 pe·

76 813 126 880 len
148 816 298 905 proferret
322 815 356 884 in
379 815 572 906 publicum,
594 837 773 904 nunquam
791 816 855 887 viri
882 828 995 886 nosset
1019 815 1233 907 alloquium:
1257 831 1301 898 et,

74 902 136 988 qnod
157 927 203 973 ma
229 906 256 976 is
286 905 332 975 sit
361 905 621 986 admirandum,
649 927 799 975 sororem
833 904 1002 994 virginem
1027 919 1157 976 amaret
1187 906 1302 995 potius

71 1011 145 1075 quan
168 927 298 1064 sileret.
328 996 541 1083 operabatur
566 995 728 1064 manibus
758 995 843 1075 suis,
870 996 983 1064 sciens
1007 995 1176 1084 scripturn
1202 1017 1299 1064 esse:

71 1082 117 1162 ilai
132 1105 185 1152 non
206 1093 385 1174 operatur,
418 1107 484 1152 oon
511 1083 690 1153 manducet
712 1084 759 1173 (2.
788 1083 895 1152 Tltess.
920 1104 969 1162 111,
991 1083 1058 1172 to).
1088 1088 1220 1172 Sponso
1243 1094 1303 1152 aut

69 1189 144 1240 orans
164 1171 372 1258 loquebatur,
398 1185 458 1242 ant
476 1171 638 1261 psallens.
659 1171 705 1240 tltl
732 1177 919 1262 Martyrum
947 1171 1065 1241 limina
1089 1193 1174 1261 pene
1192 1173 1300 1241 inrisa

71 1261 244 1416 properabat.
268 1265 409 1329 Etcum
436 1261 601 1350 gauderet
626 1261 799 1352 proposito
825 1283 912 1340 suo,
942 1261 976 1330 in
1001 1283 1040 1331 eo
1067 1261 1302 1330 vehementius

67 1367 112 1414 eru
126 1351 211 1431 tabat,
229 1348 322 1438 quod
352 1371 388 1418 se
419 1349 537 1419 nullus
567 1363 799 1439 cognosceret.
820 1355 973 1436 Cumque
996 1371 1214 1440 peromnem
1241 1372 1303 1418 an-

67 1455 149 1515 num,
170 1439 240 1530 jugi
261 1438 398 1528 jejunio
427 1451 636 1528 pasceretur,
663 1439 769 1508 biduo
799 1439 982 1525 triduoque
1007 1439 1056 1508 sic
1083 1440 1300 1529 permanens

11 1527 12 1530 ’
65 1535 118 1592 turn
138 1549 206 1598 vero
228 1529 263 1597 in
291 1526 562 1616 Quadragesinta
579 1528 707 1618 navigii
728 1529 782 1597 sui
801 1527 873 1597 vela
891 1527 1061 1606 tendebat,
1082 1549 1200 1596 carries
1218 1549 1304 1618 pene

64 1610 262 1686 hebdomadas
290 1615 387 1685 vultu
412 1614 557 1686 laetante
577 1618 803 1708 conjungens.
828 1621 866 1686 llt
882 1616 972 1705 quod
997 1617 1211 1705 impossibile
1234 1615 1304 1686 sor-

64 1700 129 1770 sitan
149 1705 467 1776 estbonrinibusad
493 1705 717 1786 credendum,
745 1711 810 1775 lieo
835 1719 949 1774 autem
977 1718 1169 1794 praestante
1195 1705 1305 1794 possi-

64 1787 178 1874 bileest,
194 1795 236 1865 ita
255 1793 303 1864 ad
329 1795 661 1885 quinquagenariam
690 1795 843 1884 pervenit
860 1804 1015 1874 aetatem,
1033 1809 1070 1863 ut
1092 1815 1158 1862 non
1177 1794 1304 1863 doleret

63 1883 255 1975 eumachum
288 1905 356 1952 non
384 1885 553 1954 viscerum
579 1885 793 1953 cruciaretur
810 1883 952 1973 injurid;
975 1905 1041 1952 non
1068 1883 1160 1952 sicca
1176 1883 1304 1952 humus

64 1972 176 2066 tacentia
198 1972 357 2043 membra
382 1972 627 2062 confringeret;
649 1995 714 2041 non
733 1995 831 2042 sacco
848 1985 1005 2062 asperata
1022 1972 1123 2052 cutis,
1142 1971 1300 2041 foetorem

69 2054 176 2142 aliquem
201 2063 384 2148 situmque
407 2063 640 2131 contraheret:
667 2062 725 2131 sed
753 2083 836 2132 sana
860 2083 1013 2152 corpore,
1036 2061 1153 2130 anima
1174 2061 1301 2135 sanior,

70 2145 244 2222 solitudinem
274 2161 414 2241 putaret
445 2173 519 2220 esse
544 2149 697 2232 delicias,
723 2165 755 2220 et
780 2153 813 2219 in
837 2151 924 2222 urbe
947 2150 1109 2230 turbida,
1138 2149 1304 2216 inveniret

72 2235 180 2308 emnam
199 2238 468 2310 monachorum.

101 2323 207 2406 §altr
232 2329 321 2398 baec
346 2327 484 2413 quidem
513 2341 548 2396 tu
574 2327 698 2397 melius
724 2329 825 2410 nosti,
845 2351 864 2398 a
881 2351 949 2418 qua
972 2351 1080 2418 pauca
1101 2327 1301 2406 didicimus;

70 2417 93 2472 et
110 2415 181 2503 cnjus
203 2417 321 2487 oculis
353 2417 497 2485 durities
520 2417 563 2486 de
587 2417 747 2507 genubus
785 2417 996 2487 camelorum
1033 2419 1067 2486 in
1099 2417 1159 2486 illo
1188 2429 1305 2486 sancto

66 2507 229 2587 corpusculo
248 2529 335 2596 prae
352 2505 473 2574 orandi
498 2504 688 2592 frequentia
713 2505 921 2576 obcalluisse
949 2519 1124 2596 perspecte
1142 2517 1205 2576 est.
1222 2510 1300 2586 Nos

62 2589 128 2670 quod
147 2595 228 2664 scire
255 2615 459 2685 possumus,
485 2595 711 2684 explicamus.
741 2595 830 2664 Nihil
856 2594 950 2664 illius
975 2595 1151 2665 severitate
1174 2595 1305 2752 {lucun-

57 2671 125 2777 dl‚⁰}‚
139 2683 216 2752 nibil
230 2681 456 2776 jucunditate
477 2685 639 2763 severius,
668 2683 755 2753 nibil
779 2685 944 2754 suavitate
971 2685 1114 2766 tristius,
1135 2685 1170 2752 ni
1199 2683 1222 2752 il
1244 2682 1304 2752 tri-

56 2775 126 2862 stitia
147 2775 294 2843 suavius.
320 2777 378 2853 ¹lta
404 2771 514 2860 pallor
537 2772 571 2840 in
597 2771 683 2841 facie
706 2787 768 2848 est.
795 2785 844 2854 ut,
868 2795 947 2843 cum
978 2773 1224 2844 continentiam
1251 2774 1304 2840 in-

54 2850 143 2938 dicet,
174 2883 238 2930 non
273 2859 428 2930 redoleat
456 2863 730 2930 ostentationem.
763 2865 880 2932 Sermo
905 2861 1033 2944 silens,
1060 2876 1092 2933 et
1127 2861 1304 2932 silentium

54 2939 182 3028 loquens.
214 2955 281 3020 Nec
312 2950 416 3030 citus,
441 2969 502 3018 nec
527 2949 645 3019 tardus
669 2951 835 3021 incessus.
862 2950 956 3020 Idem
990 2973 1126 3040 semper
1150 2951 1302 3020 habitus.

52 3031 181 3130 ¹l'eglecta
201 3036 408 3118 munditiae,
434 3049 467 3106 et
494 3037 624 3108 inculta
649 3051 750 3119 veste,
773 3038 888 3109 cultus
905 3040 991 3128 ipse,
1012 3040 1086 3109 sine
1101 3039 1211 3109 cultu.
1228 3038 1305 3108 Sola

51 3135 119 3191 mae
140 3147 218 3198 suae
247 3126 459 3215 aequalitate
483 3126 689 3216 promeruit,
718 3143 754 3197 ut
776 3128 810 3196 in
845 3129 932 3198 Urbe
958 3149 1114 3217 pompae,
1145 3125 1305 3196 lasciviae

49 3206 241 3297 deliciarum,
261 3218 298 3286 in
322 3237 393 3302 qua
418 3215 584 3284 humilem
605 3237 681 3285 esse
706 3217 843 3286 miseria
868 3229 930 3298 est,
954 3229 985 3284 et
1008 3216 1090 3286 boni
1105 3235 1179 3284 earn
1207 3233 1304 3302 prae-

48 3295 153 3396 dicent,
170 3317 203 3374 et
222 3305 306 3375 mali
335 3303 514 3374 detrahere
540 3325 606 3374 non
633 3304 794 3375 audeant.
814 3306 942 3375 viduae
963 3327 1036 3374 earn
1064 3305 1253 3383 imitentur,
1271 3315 1304 3370 et

49 3391 187 3479 virgines,
206 3395 392 3464 maritata'e
405 3393 530 3475 colant,
545 3395 665 3463 noxiae
682 3395 835 3476 timeant,
856 3393 1048 3484 suspiciant
1061 3391 1258 3464 Sacerdotes
1274 3391 1303 3458 *.

67 3551 75 3568 '
86 3551 114 3592 De
128 3555 148 3594 s.
159 3557 254 3597 nullae
273 3553 412 3596 erudittonc
427 3556 450 3594 ot
464 3555 590 3596 sanctitate
608 3556 629 3596 S.
645 3555 803 3606 Hieronymus
814 3557 896 3597 rcribtt
906 3559 931 3598 tn
940 3557 1013 3606 aptet.
1026 3557 1064 3596 lto
1073 3556 1102 3596 ad
1113 3551 1261 3603 Prtuoiptam.
1271 3553 1306 3594 Ad

48 3605 132 3647 uadem
141 3609 248 3652 &neum
258 3611 328 3650 extat
339 3606 414 3658 ipsitu
425 3609 530 3658 Epistola
541 3611 573 3655 99,
583 3608 673 3658 scripto
683 3619 736 3650 curn
744 3611 794 3658 lam
805 3611 826 3649 le
836 3621 863 3651 ex
873 3611 934 3652 Urbe
945 3619 1053 3659 egressus
1064 3610 1133 3650 aeret.
