2920 4810
230 242 333 312 lbbl*
577 261 840 312 uunrunouodturr
868 263 1085 311 ruuusrnururr
1309 243 1376 308 llll.
1389 243 1415 304 tu

183 345 322 416 lumbos,
345 346 469 424 perinde
497 361 530 406 ac
553 345 614 406 lem
638 344 818 418 hirsutum,
849 345 905 404 buc
922 343 1069 421 ternplum
1091 345 1233 406 Dominae
1253 351 1356 412 nostrae,
1372 355 1415 400 ura·

187 434 341 504 tamquam
356 424 510 501 Angelum
526 423 702 501 propitium.
713 423 819 504 Neque
847 423 926 485 bam.
949 421 1046 486 Video
1065 433 1167 488 autem
1187 424 1223 487 att
1242 423 1415 484 dexteruueu·

185 507 268 568 enirn
289 514 353 568 erat
373 503 482 566 similis
503 503 584 577 rito,
606 504 658 582 qui
682 503 750 566 cibo
765 520 818 565 re·
846 509 912 565 ctae
933 518 1058 566 mensae
1080 504 1182 582 templi
1214 503 1298 565 veluti
1314 497 1414 578 puellm

185 587 300 649 scitur:
324 585 378 648 sed
398 584 499 647 carnis
531 581 748 662 propemodum
769 599 821 645 err·
846 582 1051 660 subtegmen,
1073 587 1152 662 quod
1176 589 1263 645 ventu
1280 580 1412 658 agitabatur:

185 667 261 744 perti
273 675 304 727 et
318 665 482 742 exsangui;
497 670 538 739 ct,
551 670 584 724 ut
598 662 694 724 semel
708 663 818 736 diuam,
846 669 878 723 et
892 677 998 723 rursus
1020 663 1103 726 visus
1123 679 1191 726 sum
1212 661 1306 723 ridere
1320 659 1382 722 blau
1393 673 1412 716 a·

185 748 348 816 virtutum,
364 743 414 805 vel
426 747 518 821 ipsius
533 742 632 820 potius
653 741 720 817 Ilei,
738 741 820 804 bebi·
847 757 968 803 raucae.
991 741 1151 821 Postquam
1182 751 1276 805 autem
1296 752 1409 818 progresu

186 824 330 888 taculum.
343 823 496 886 Accedens
507 839 579 896 ergo
596 837 650 884 nos
665 821 818 894 salutarit,
848 820 930 882 volui
952 821 1127 884 discernere
1142 823 1221 901 quod
1240 820 1410 898 apparabatu-

185 913 217 966 et
231 920 285 964 uos
299 919 371 966 etum
387 903 537 975 uicissim
552 909 583 962 et
598 905 771 978 rogavimus
786 911 820 963 ut
847 901 912 962 diri
925 901 1207 964 rocemdicentem:
1227 898 1410 975 aststegnlu.

185 983 312 1056 diecret,
327 983 467 1061 quisnam
481 989 569 1053 esset,
587 983 776 1058 patriamque
789 987 820 1042 et
849 995 948 1057 neque
965 979 1042 1042 ultra
1058 979 1413 1059 progrediarisobumnat·

187 1079 296 1141 genus,
312 1071 342 1124 et
354 1078 394 1124 au
407 1061 486 1122 solus
501 1058 551 1122 tric
568 1061 725 1123 vireret...
743 1058 819 1124 Cum
847 1074 908 1135 que
929 1060 1051 1122 accedas
1065 1063 1201 1140 propius.
1216 1059 1347 1123 Erubesce
1359 1055 1413 1118 euin.

187 1159 236 1206 me
250 1143 293 1204 sie
306 1149 386 1202 esset
398 1141 586 1212 adhortatus,
598 1140 721 1216 incepit.
736 1163 748 1196 i
763 1141 819 1203 lle·
848 1154 919 1200 cuna
941 1141 998 1202 sim
1020 1141 1197 1214 leoninae
1214 1149 1241 1204 te
1261 1140 1328 1202 nuda
1346 1149 1413 1208 consp

177 1233 307 1284 'uatores
327 1221 450 1298 quidam
463 1235 502 1282 ex
516 1219 638 1282 Euboea
652 1219 712 1280 buc
726 1235 818 1282 reue·
848 1220 887 1280 ci.
905 1241 919 1276 a
940 1217 1019 1280 llaec
1046 1237 1123 1298 ergo
1143 1237 1216 1283 cum
1235 1217 1414 1284 audirimus

186 1308 260 1363 runt
283 1317 344 1362 nou
359 1298 464 1362 multis
484 1299 596 1360 abhinc
616 1301 712 1360 anuis:
731 1299 821 1362 babet
848 1298 1072 1376 obstupefactus
1092 1301 1217 1362 luissern
1238 1316 1270 1362 re
1287 1290 1415 1361 adminbli.

186 1384 271 1443 euim
295 1380 393 1442 insula
415 1393 558 1456 maguam
580 1381 696 1457 copiam
718 1395 820 1440 cerro·
849 1377 989 1441 volebam
1010 1379 1126 1456 lugere.
1148 1378 1414 1442 beroeensem

187 1477 257 1522 rum
273 1469 303 1522 et
323 1475 509 1538 caprearum.
532 1457 646 1520 Eorum
668 1475 748 1520 uuus
773 1462 820 1522 uir
851 1458 902 1536 pili
925 1457 1100 1534 exilierunt,
1121 1459 1336 1536 sterantspiur
1351 1450 1415 1514 acutia·

187 1541 266 1620 pius,
288 1548 318 1602 et
333 1541 385 1618 qui
402 1554 474 1600 suae
487 1555 591 1600 curaru
614 1537 740 1615 gerebat
754 1539 820 1602 aui·
849 1553 906 1598 res.
930 1535 1007 1600 Nam
1018 1541 1098 1616 quod
1114 1542 1329 1618 inexpectatum
1341 1540 1415 1610 reputt

186 1637 266 1694 mae,
283 1620 419 1682 ttarrauit
433 1619 639 1680 narrationem
655 1615 819 1680 ruldecou·
848 1625 981 1695 apparet,
1003 1617 1109 1694 dejicit
1129 1636 1163 1680 ac
1184 1619 1321 1698 deprimit
1334 1613 1415 1692 spirtu

186 1710 361 1763 sentuneam
383 1699 436 1760 Dei
464 1696 735 1774 magnificentiae,
767 1701 818 1778 qrti
848 1698 964 1759 etiamsi
997 1701 1066 1776 quis
1095 1699 1236 1762 rideatur
1264 1713 1322 1760 esse
1345 1692 1415 1755 autina

185 1795 241 1842 suo
253 1788 388 1858 tempore
400 1778 470 1840 lacit
490 1775 686 1850 admirabilia,
698 1785 728 1837 et
742 1795 820 1856 quae
847 1778 956 1839 auimi.
978 1775 1100 1840 Stabam
1124 1781 1224 1858 itaque
1243 1773 1415 1854 obstupebrtu

186 1866 259 1922 suut
289 1865 408 1938 practer
437 1857 598 1920 hominum
629 1857 817 1934 opinionem.
847 1863 941 1918 etore
955 1866 1071 1934 aperto.
1094 1857 1256 1938 Postquam
1269 1851 1416 1932 autentim?

186 1939 279 2014 rent,
300 1939 412 2016 iuquit,
427 1935 591 2016 aliquando
608 1935 667 1997 truc
684 1947 818 2009 trenalor,
847 1934 937 2010 redii,
949 1933 1417 2013 altimoconfirmatusregarialt·

185 2025 216 2080 et
237 2035 307 2082 curn
328 2017 530 2080 ascendissem
554 2015 590 2078 ad
614 2014 751 2078 divinam
772 2033 820 2078 ae·
849 2031 919 2078 uam
941 2028 1032 2092 esset,
1054 2025 1083 2078 et
1097 2019 1249 2095 quomode
1263 2021 1331 2080 lianc
1351 2007 1416 2070 babrut

187 2099 254 2159 dem
269 2099 322 2162 [lei
339 2098 482 2174 parentis,
504 2095 626 2158 adoravi
642 2103 820 2171 etprecatus
846 2094 1066 2158 solitudinem:
1090 2113 1196 2159 rursus
1217 2113 1273 2160 vor
1292 2091 1384 2158 estitit,
1396 2086 1417 2144 lt·

185 2195 278 2252 sum,
307 2183 384 2239 sicut
411 2175 487 2238 milti
514 2190 633 2252 semper
660 2182 724 2237 erat
747 2192 818 2236 mos.
848 2191 938 2237 cens:
958 2173 1053 2236 tJace
1068 2177 1157 2251 milri,
1174 2195 1260 2256 rogo,
1276 2173 1416 2238 tumultui

187 2256 263 2319 Curu
275 2264 378 2320 autem
394 2265 459 2334 pust
472 2271 576 2332 preces
589 2254 819 2334 circumspexis·
847 2271 916 2318 cum
934 2261 1006 2318 tecta
1030 2256 1128 2328 luero,
1150 2268 1296 2334 quantum
1306 2243 1417 2324 milrijute

186 2353 272 2410 seru,
296 2337 358 2398 ridi
389 2339 419 2398 iu
447 2335 509 2396 selo
532 2350 643 2414 parum
664 2350 760 2412 aquae
788 2337 818 2396 iu
847 2332 1414 2410 diviuarolrtntas,nundulritabodicen·

186 2417 274 2491 losse,
285 2423 315 2478 et
328 2431 419 2495 pauca
431 2430 527 2493 grana
542 2412 729 2490 lupinorum,
743 2430 820 2493 uuae
849 2413 925 2476 Cum
941 2431 990 2476 rue
1003 2415 1103 2492 itaque
1113 2417 1271 2494 superiore
1283 2414 1373 2478 amictu
1383 2415 1417 2481 pll-

187 2495 402 2559 madellebant.
427 2495 520 2557 laocus
536 2495 618 2556 euim
636 2494 685 2555 ltic
705 2493 759 2556 alit
774 2493 818 2558 lu·
848 2497 932 2558 tinus
946 2495 1111 2567 eruissem,
1133 2511 1207 2558 eum
1222 2491 1417 2564 dimistetetlt

187 2578 283 2651 pines,
305 2575 455 2654 quomodo
468 2572 606 2652 reliquae
622 2573 737 2636 insulae
753 2573 820 2636 her·
849 2583 963 2653 portam
974 2590 1040 2636 sutu
1051 2591 1201 2652 egressus.
1227 2575 1275 2640 llla
1288 2571 1416 2636 autentu»

185 2655 237 2718 bas
257 2657 403 2718 diversas.
426 2653 501 2716 Nam
525 2653 581 2715 alia
607 2651 731 2731 quidem
753 2669 819 2732 pro·
846 2655 1017 2732 adpertinet
1036 2655 1194 2718 scinduit.
1218 2656 1303 2718 Paulo
1321 2651 1417 2728 pusturff¹

185 2737 270 2796 ducit
301 2749 443 2811 maguam
471 2732 617 2796 utaratltri
647 2733 819 2795 multitudi·
847 2751 1016 2806 reversus,
1042 2733 1133 2796 rideo
1160 2751 1227 2798 eam
1248 2719 1415 2809 stauleutll

185 2831 273 2886 nem;
296 2815 353 2876 alia
375 2825 477 2876 autem
499 2812 690 2876 solummedo
705 2821 817 2891 rutam;
848 2815 943 2892 prius,
965 2822 994 2876 et
1007 2819 1072 2876 erat
1088 2813 1188 2892 figura
1209 2815 1324 2894 quidem
1342 2801 1416 2868 ruulre·

184 2901 215 2956 et
238 2893 294 2954 alia
316 2896 490 2968 satureiam,
512 2901 544 2955 et
572 2893 631 2954 alia
654 2893 817 2970 thymum,
848 2896 875 2956 iil
891 2901 992 2957 nutem
1014 2893 1095 2971 quod
1116 2895 1285 2970 apparebat,
1305 2889 1418 2952 cereali

184 2980 237 3035 aut
258 2971 372 3051 aliquid
394 2971 488 3035 aliud.
511 2969 594 3045 Quod
611 2987 684 3033 reru
701 2971 759 3032 lert
774 2975 819 3035 iu·
847 2975 1016 3036 bominem:
1038 2972 1091 3050 pili
1112 2973 1185 3047 albi,
1199 2974 1298 3036 rullus
1318 2968 1418 3042 uigrtl

185 3053 348 3114 aerumnis
364 3053 514 3114 eximium
532 3051 818 3130 insula,bccmagis
845 3053 990 3115 standene
1010 3067 1117 3130 parum
1138 3053 1259 3126 alboris,
1281 3047 1361 3130 pellis,
1375 3047 1418 3114 quar

185 3132 283 3194 nutrit
303 3131 475 3208 praemulta,
498 3132 657 3210 redditque
669 3131 815 3196 lloridius.
847 3133 1058 3196 membrorum
1079 3133 1255 3196 continebat
1274 3129 1417 3206 couplet:

184 3211 255 3274 Vidi
276 3227 363 3288 erge,
385 3222 419 3274 ut
439 3213 514 3282 diti.
537 3211 670 3290 lupinos,
685 3211 736 3288 uui
753 3213 818 3274 red·
845 3228 914 3276 eum
928 3211 1008 3274 nulla
1026 3213 1138 3273 inesset
1151 3229 1236 3288 caro,
1251 3209 1358 3274 umbras
1371 3208 1418 3259 illl·

183 3293 489 3365 debenturteneri,et
500 3307 550 3352 me
565 3291 713 3368 uttaetlam
725 3291 817 3354 subiit
847 3293 891 3354 lis:
905 3291 1014 3363 torma,
1030 3307 1109 3368 errae
1123 3293 1224 3356 solum
1238 3293 1375 3356 humantur
1385 3285 1418 3362 ss·

184 3373 338 3448 cogitatio,
359 3371 440 3449 qued
453 3380 531 3433 esset
551 3373 679 3432 oruuiuo
694 3370 816 3450 aliquis,
847 3371 934 3434 rabat
953 3369 1200 3436 similitudinem.
1221 3371 1294 3434 Hace
1315 3377 1380 3437 erga.
1393 3363 1417 3410 ll·

182 3453 234 3530 uui
252 3454 306 3516 tros
320 3452 488 3514 demisisset
509 3451 540 3511 in
557 3450 665 3512 lacum:
681 3452 816 3528 etquod,
844 3452 923 3530 quit,
945 3467 1015 3512 curu
1038 3451 1195 3526 uidissem,
1225 3449 1357 3514 timebam,
1376 3445 1418 3496 ruu-

182 3540 216 3593 ut
230 3540 276 3594 est
293 3531 473 3603 uerisimile,
497 3533 545 3592 vir
566 3527 675 3610 aliquis
694 3529 817 3594 divinus
846 3533 1068 3606 tremiscebam,
1091 3531 1260 3596 maledictis
1276 3517 1418 3594 innascibil·

183 3611 261 3674 bane
283 3611 397 3674 habitet
422 3611 626 3674 solitudinem.
659 3609 722 3672 Huc
743 3627 817 3689 ergo
844 3618 875 3673 et
892 3626 993 3674 meam
1014 3610 1275 3688 reprehendebam
1291 3605 1417 3680 importun-

179 3691 526 3771 reputuus,lestiuabam
542 3690 697 3753 reniread
710 3691 815 3766 socios,
846 3697 962 3764 tatem,
983 3689 1065 3770 quod
1086 3707 1159 3754 cum
1190 3707 1281 3754 essem
1306 3680 1417 3746 carielli·

180 3775 231 3850 nui
244 3773 306 3848 iam
329 3771 450 3834 iverant
466 3773 497 3833 iu
518 3771 646 3850 sylvam.
669 3767 815 3850 Optabam
845 3785 926 3847 meos
946 3769 1040 3832 socios
1062 3769 1262 3848 reliquissem.
1282 3755 1417 3826 Tremebuu·

179 3859 284 3916 autem
300 3866 443 3929 maguam
465 3850 693 3928 bancpraedam
715 3866 816 3913 conse·
843 3849 900 3911 dus
921 3855 1022 3912 tamen
1045 3857 1077 3912 et
1102 3867 1217 3929 pronus
1237 3845 1312 3912 bumi
1330 3837 1417 3902 calam

180 3933 230 4009 qui
244 3956 250 3994 :
265 3931 425 4011 sperabam
436 3931 519 3993 euim
531 3930 607 4003 lure,
623 3937 657 3992 ut
670 3945 815 4007 maguum
845 3929 1000 4007 rogabam,
1022 3937 1055 3992 ut
1079 3942 1266 4010 precaretur:
1283 3931 1309 3986 et
1326 3919 1417 3981 ubern-

179 4011 300 4091 aliqued
321 4012 442 4074 lucrum
464 4011 502 4072 ab
524 4026 560 4072 eo
581 4013 764 4090 acciperem.
779 4009 816 4072 tlt
844 4009 924 4084 bam,
937 4015 971 4071 ut
984 4009 1021 4072 ala
1033 4027 1065 4073 ea
1082 4011 1282 4075 benedicerer.
1296 4001 1337 4062 llla
1349 3997 1416 4079 attltm

180 4105 249 4152 cum
263 4089 531 4168 multumnuidem
554 4093 657 4152 venati
669 4105 813 4163 essemus,
843 4091 977 4167 primum
998 4089 1122 4167 quidem
1145 4103 1280 4154 conuersa
1298 4079 1328 4144 ad
1348 4071 1417 4134 linet·

181 4169 382 4232 tendebamus
403 4171 440 4232 ad
463 4184 583 4232 narem.
608 4168 667 4232 Sed
691 4169 733 4230 illi
749 4171 814 4248 qui·
845 4177 1050 4248 tem,utquae
1066 4149 1417 4244 torrevelletneunselltl

180 4243 250 4304 dem
273 4249 395 4309 iverunt
415 4251 450 4310 ad
474 4265 573 4310 mare:
598 4263 744 4325 egerere
766 4266 815 4311 me
842 4248 1000 4322 animum,
1023 4263 1063 4310 ue
1090 4267 1126 4311 ea
1147 4251 1289 4312 rideretur
1310 4249 1362 4299 esse
1377 4241 1417 4300 ib

180 4325 317 4383 conuerti
340 4325 376 4386 ad
398 4341 510 4402 preces.
535 4325 691 4406 ingressus
712 4317 956 4409 itaquelctrum,
971 4330 1106 4394 extensis
1122 4329 1262 4399 manibus,
1275 4312 1416 4400 premittur,
