2972 4826
224 253 287 318 230
522 272 562 320 ur
585 268 797 320 concurrronr
821 271 850 316 c.
877 268 962 318 viae.
988 269 1107 317 uestes
1314 249 1425 314 nest

179 367 211 425 et
229 357 357 447 reliqui
369 359 518 445 filiorum
543 358 615 444 ejus
635 366 866 426 convertentur
884 355 930 424 cd
950 356 1039 444 filios
1062 355 1181 422 Israel.
1208 357 1249 422 444
1274 353 1376 432 studit,
1402 363 1426 420 et

177 445 313 524 videbit,
332 456 364 514 et
381 455 494 536 poscet
509 445 596 514 ovile
613 467 712 514 mum
728 446 764 513 in
777 445 927 534 potentia
943 443 1102 513 Dominus
1116 441 1230 530 (llich.
1243 440 1286 530 v).
1305 444 1328 510 0
1341 441 1428 539 Virgo

180 545 311 613 sancta,
329 532 416 602 lucis
440 543 596 602 aeternae
615 535 743 603 mater!
762 533 874 612 Lucis,
893 533 1048 618 inquam,
1066 551 1155 617 quae
1181 531 1215 598 in
1244 529 1343 600 coelis
1360 528 1429 598 illu-

180 623 289 690 minat
305 622 422 711 copias
438 621 663 711 Angelorum,
683 622 783 701 lucis,
801 642 889 708 quae
906 619 1079 690 illuminat
1097 619 1250 708 ipsorum
1269 618 1428 706 Seraphim

178 711 505 798 incomprehensum
523 710 678 790 oculum;
706 709 804 787 lucis,
824 731 913 796 quae
940 707 1114 778 illuminat
1133 707 1240 776 solem
1258 705 1433 794 splendidis

179 798 330 877 lacibus;
349 799 448 880 lucia,
463 819 552 884 quae
572 798 658 868 fines
676 812 784 868 terrae
800 798 974 868 illuminat
989 795 1030 866 ad
1050 795 1259 866 credendum
1278 796 1432 874 trinitati

180 887 279 966 lucis,
297 908 386 973 quae
409 887 511 956 dixit:
537 892 606 977 Epo
621 910 696 958 cum
721 891 785 957 lum
799 887 919 956 mnndi
930 886 997 976 (lo.
1016 885 1101 974 rnr);
1120 884 1222 966 lucis,
1239 907 1326 972 quae
1341 883 1432 952 dixit:

177 980 205 1044 Ε
227 999 247 1064 Ιο
273 979 336 1045 luco
360 977 396 1044 in
418 977 580 1045 mundum
603 979 681 1046 ceni
701 975 768 1064 (lo.
785 975 857 1065 11);
884 975 972 1044 lucis
995 995 1083 1061 quae
1107 987 1288 1062 assumpta
1310 985 1382 1052 est,
1409 985 1435 1040 et

178 997 388 1134 iliumiuavit
411 1077 547 1145 cuncta,
565 1085 654 1152 quae
673 1077 755 1134 sunt
782 1064 816 1134 in
841 1063 946 1134 coelis
965 1077 998 1132 et
1021 1063 1056 1132 in
1081 1077 1180 1132 terra.
1201 1063 1343 1152 OVirgo
1365 1082 1435 1130 san·

178 1151 345 1232 ctissime,
365 1174 454 1241 quae
473 1153 642 1224 exercitus
662 1153 868 1310 Angelorum
896 1153 930 1221 in
951 1165 1127 1242 stuporem
1152 1151 1343 1222 deduxistis
1369 1155 1435 1220 Stu-

179 1239 332 1330 pendum
370 1243 463 1312 enim
496 1254 548 1313 est
578 1242 710 1312 miracu
728 1263 786 1313 um
824 1243 856 1310 in
893 1240 1021 1320 coelis,
1056 1240 1182 1312 mulier
1210 1241 1339 1310 amicta
1362 1237 1433 1308 sole.

178 1329 392 1419 Stupendum
419 1329 627 1400 miraculum
647 1332 683 1400 in
706 1329 824 1410 coelis,
842 1329 967 1400 mulier
990 1341 1129 1416 gestans
1153 1329 1267 1398 lucem
1288 1329 1323 1398 in
1340 1327 1434 1398 ulnis.

177 1418 392 1507 Stupendum
419 1418 626 1490 miraculum
652 1421 687 1488 in
704 1418 821 1500 coelis,
843 1417 928 1488 alter
952 1417 1097 1488 thronus
1121 1417 1347 1488 Cherubicus.
1373 1421 1437 1486 Stu-

177 1506 329 1596 pendum
356 1507 564 1578 miraculum
591 1509 625 1578 in
656 1508 772 1588 coelis,
803 1507 960 1577 mulieris
994 1506 1100 1586 lilius,
1122 1507 1182 1594 qui
1207 1519 1240 1576 et
1275 1506 1286 1574 i
1314 1507 1385 1576 sius
1412 1515 1438 1573 et

177 1595 372 1666 seculorum
397 1607 448 1666 est
473 1609 579 1688 pater.
605 1596 820 1686 stupendum
847 1594 1054 1666 miraculum
1081 1595 1115 1663 in
1141 1595 1259 1676 coelis,
1278 1530 1437 1666 tiialamus

176 1684 339 1774 Virginis,
366 1685 497 1756 habens
521 1685 646 1754 Filium
668 1686 737 1766 Dei,
761 1689 866 1754 Deum
896 1705 1062 1775 sponsum
1089 1684 1276 1754 Christum.
1306 1689 1438 1772 Stupen-

177 1771 261 1842 dum
288 1773 494 1844 miraculum
526 1774 560 1844 in
593 1773 708 1856 coelis,
734 1773 897 1842 Dominus
925 1773 1143 1864 Angelorum,
1164 1771 1280 1842 iulans
1302 1771 1437 1862 Virginis

175 1859 316 1932 effectus
331 1875 393 1933 est.
413 1865 439 1932 Ο
462 1863 682 1934 sanctissima
705 1861 818 1964 Virgo,
839 1867 942 1932 Mater
967 1860 1161 1940 salvatoris,
1180 1882 1273 1949 quae
1302 1859 1437 1954 genuisti

176 1951 349 2108 principio
381 1973 503 2021 carens
536 1951 708 2032 Verbum,
741 1951 866 2020 Filium
898 1950 1029 2021 scilicet
1061 1950 1221 2020 eumdem
1247 1973 1331 2022 cum
1356 1955 1439 2020 Patre

202 2039 358 2110 abentem
399 2039 583 2120 thronum,
612 2038 941 2128 consubstantialem
973 2040 1063 2108 Patri
1086 2051 1119 2108 et
1143 2039 1290 2138 Spiritui
1315 2044 1437 2136 Sancto,
1481 2123 1482 2128 ἵ

175 2128 235 2215 qui
253 2151 332 2199 curn
350 2134 447 2198 Patre
465 2142 498 2198 et
518 2129 647 2219 Spiritu
671 2133 794 2200 Sancto
810 2141 956 2198 estante
972 2127 1100 2208 secula,
1118 2149 1179 2213 qut
1196 2137 1439 2198 concameravit
1481 2143 1482 2160 ¹

175 2216 299 2298 coelos,
326 2229 359 2288 et
384 2231 509 2288 terram
541 2216 708 2288 condidit.
739 2223 815 2300 Ave,
846 2217 1066 2286 sanctissima
1096 2217 1208 2306 Virgo,
1241 2239 1335 2304 quae
1362 2214 1440 2284 velut

175 2305 285 2375 rubus
301 2305 555 2385 intellectualis,
573 2306 703 2393 absque
721 2306 959 2376 combustione
984 2305 1174 2375 divinitatis
1198 2307 1318 2462 ignem
1345 2318 1437 2376 tenes.

175 2393 338 2464 Clibanus
362 2393 616 2476 intellectualis,
638 2395 698 2482 qui
715 2394 829 2484 ignem
846 2405 879 2463 et
897 2415 1019 2484 panem
1039 2395 1125 2462 vitae
1144 2393 1211 2464 cali
1241 2417 1302 2464 um
1322 2391 1439 2464 mundo
1481 2399 1482 2404 ’

174 2481 209 2550 in
236 2503 333 2552 esum
354 2481 479 2564 attulit,
501 2482 543 2553 de
566 2503 634 2570 quo
659 2483 812 2553 Salvator
836 2482 970 2564 mundi,
993 2482 1159 2562 Christus,
1185 2482 1257 2552 ait:
1288 2483 1437 2582 Accipite,
1481 2487 1482 2564 ζ

174 2571 346 2641 comedite:
365 2572 424 2640 hoc
444 2581 491 2640 cst
508 2595 543 2642 co
644 2594 766 2652 meum,
787 2571 875 2664 quod
890 2593 951 2662 pro
974 2572 1064 2640 vobt'a
1086 2572 1264 2674 srcnpitur
1284 2575 1322 2642 in
1336 2591 1439 2641 remn-

174 2661 299 2729 sionem
320 2669 532 2750 pcccatorum
568 2665 599 2728 4.
621 2663 693 2732 Cor.
711 2661 768 2749 xi).
798 2660 964 2749 Locuples
979 2672 1041 2740 est,
1061 2660 1246 2740 carissimi,
1268 2659 1440 2730 virtutibus

175 2748 277 2836 plena
301 2769 419 2819 mensa
443 2748 626 2838 Virginea,
656 2749 798 2838 optimis
825 2749 1106 2837 quibuscumque
1130 2748 1218 2817 cibis
1245 2748 1437 2823 abundans,

173 2836 303 2923 quibus
326 2849 414 2907 terra
438 2836 584 2908 fruatur.
614 2837 748 2928 Largita
776 2848 827 2906 est
847 2849 966 2908 sancta
988 2837 1089 2926 Virgo
1117 2851 1150 2907 et
1179 2842 1286 2908 Mater
1313 2835 1438 2912 Christi,

174 2945 263 3012 quae
287 2924 505 3014 splendidam
524 2927 700 2996 lucernam
723 2925 931 2996 relucentem
949 2927 983 2995 in
1003 2926 1098 2996 coelo
1113 2938 1145 2994 et
1163 2938 1255 2996 terra
1275 2926 1439 2996 Christum

174 3014 328 3104 gestavit,
349 3013 390 3084 ad
412 3037 517 3101 quarn
536 3014 701 3102 propheta
719 3014 911 3085 Zacharias:
930 3019 1012 3084 Ecce
1031 3015 1275 3084 candelabrum
1292 3035 1436 3088 curenno,

174 3112 205 3170 et
221 3105 341 3191 [oculu
363 3125 464 3194 super
478 3103 718 3194 rpsnmffluclt.
743 3104 799 3192 tv).
826 3103 916 3184 ouin
940 3103 1044 3172 etiam
1064 3102 1167 3172 David
1191 3105 1372 3192 canticum
1387 3103 1441 3170 hoc

108 3247 120 3268 .
174 3193 420 3262 suavissimum
443 3191 630 3262 inclamat:
656 3197 807 3262 Lucerna
828 3192 967 3282 pedibus
997 3193 1080 3262 meis
1107 3193 1245 3262 verbum
1277 3203 1391 3269 tuum,
1415 3199 1439 3256 ct

175 3283 288 3350 lernen
314 3283 441 3350 semitis
470 3283 552 3351 meis
574 3281 643 3370 (Ps.
665 3281 755 3368 448).
786 3279 1084 3350 Ocandelabrum
1110 3279 1326 3381 virgineum,
1359 3275 1439 3366 quod

174 3368 360 3439 illustravit
376 3369 525 3440 tenebris
542 3369 725 3440 involutosl
744 3367 1032 3440 Ocandelabrum
1050 3369 1263 3458 Virgineum,
1282 3367 1441 3471 repellens

175 3458 344 3539 tenebras,
363 3471 395 3526 et
419 3457 531 3528 lucem
553 3457 733 3548 splendere
750 3456 890 3528 iaciens!
918 3455 1207 3528 Ocandelabrum
1234 3457 1439 3548 virgineum,
1481 3527 1482 3542 χ

173 3547 264 3634 quod
292 3547 406 3637 ignem
430 3557 463 3616 et
486 3546 600 3616 oleum
634 3545 863 3636 inseparabile
887 3545 931 3616 ad
957 3545 1229 3616 illuminandum
1255 3546 1395 3630 intulit!
1419 3545 1440 3609 0
1481 3627 1482 3638 ἵ

172 3634 421 3706 candelabrum
449 3636 671 3725 Virgineum,
698 3633 790 3722 quod
822 3635 865 3706 ab
890 3634 1060 3704 altissimo
1090 3635 1212 3705 throno
1243 3635 1377 3726 accepit
1399 3643 1441 3700 ter

174 3722 330 3794 lucidum
361 3724 488 3814 ignem,
511 3743 621 3793 unum
648 3722 960 3814 inextinguibilem,
978 3722 1325 3806 consubstantialem,
1350 3735 1381 3791 et
1402 3716 1438 3787 ad

175 3809 416 3882 illustrandam
438 3825 561 3882 terram
587 3811 816 3902 resplenduit!
843 3816 869 3883 0
893 3809 1141 3881 candelabrum
1168 3812 1380 3902 virgineum,
1404 3807 1440 3876 dc
1481 3885 1482 3892 p

174 3920 242 3987 quo
272 3921 331 3988 per
356 3901 556 3991 prophetam
588 3905 676 3970 Deus
703 3901 840 3987 inquit:
864 3905 953 3972 ltlnc
983 3901 1169 3991 producam
1192 3923 1297 3970 cornu
1327 3895 1435 3973 David,

171 3992 297 4078 paravi
315 3993 487 4060 tucnnum
514 3991 643 4062 Christo
668 4012 739 4060 rnco
753 3989 824 4079 (Pr.
844 3989 935 4078 434).
959 3993 1090 4059 Corona
1114 3989 1220 4080 regia,
1239 3983 1438 4079 pretiosissi-
1481 4073 1482 4078 Ἰ

176 4099 271 4147 mum
306 4077 437 4148 habens
473 4077 636 4166 lapidem,
666 4090 699 4148 et
721 4079 869 4168 gemmis
895 4077 1045 4148 similem
1074 4077 1260 4150 Christum.
1293 4083 1438 4166 Purpura

177 4165 282 4256 regia,
299 4187 388 4255 quae
412 4167 498 4237 coeli
516 4179 693 4254 terraeque
710 4170 835 4257 Regem
862 4166 977 4237 induit
997 4165 1192 4238 universale
1215 4165 1370 4256 corporis
1391 4161 1438 4230 iu-

171 4253 391 4334 dumentum,
411 4277 600 4345 purpuram
620 4255 781 4336 reserens,
800 4256 1081 4326 constantissima
1104 4255 1376 4326 Christianorum
1402 4247 1437 4317 lr-
1481 4249 1482 4276 ³

172 4341 247 4422 des,
268 4342 355 4412 liber
378 4343 699 4447 incomprehensus,
717 4365 805 4432 quae
817 4345 967 4416 Verbum
986 4355 1019 4414 et
1039 4344 1161 4414 Filium
1182 4343 1291 4414 Patris
1317 4335 1436 4412 mundo
