2960 4824
250 288 314 351 306
499 305 538 351 aa
562 305 608 354 ss.
635 301 819 363 ausrnarro,
846 303 1003 352 suranna
1027 303 1094 352 are.
1121 305 1177 351 uu.
1319 287 1399 352 bat.
1424 290 1458 352 t3

203 400 301 460 erant
318 389 446 476 ubique
471 389 691 478 magistratus
714 400 746 457 et
771 388 960 470 Praesides,
986 411 1146 479 magnam
1167 410 1285 458 curam
1305 403 1454 480 gererent,

206 491 243 548 ut
266 478 308 546 de
334 478 444 546 medio
469 476 625 546 tollerent
644 477 843 546 universum
859 477 888 544 ⁴.

249 571 267 654 ἕ
292 572 336 639 2.
363 565 492 636 Accidit
515 579 628 634 autem
646 577 683 635 ut
698 588 779 634 cum
804 565 863 635 ilio
889 579 1040 655 tempore
1056 567 1098 635 ad
1125 567 1187 635 hos
1207 579 1218 636 t
1244 581 1456 637 rannosesset

204 657 368 734 delatum,
395 653 485 742 quod
513 665 580 724 tota
606 675 730 743 magna
750 655 910 724 Armenia
924 668 956 724 et
971 655 1184 745 Cappadocia
1203 589 1340 724 illorum
1362 657 1457 725 edicto

205 757 448 834 repugnarent,
475 754 507 812 et
527 743 600 830 jam
627 745 809 812 unanimes
830 756 1024 834 spectarent
1040 765 1159 814 omnes
1176 744 1219 813 ad
1235 743 1454 817 deiectionem.

204 832 454 902 immutabilem
492 831 656 901 habentes
692 833 846 900 animum
877 832 910 900 in
950 833 1131 901 [lominum
1172 846 1329 903 nostrum
1358 833 1455 904 lesum

204 921 394 991 Christum:
421 932 558 1010 propter
582 920 665 988 haec
689 918 753 989 luit
777 923 1001 991 conturbatus
1026 927 1147 991 Caesar
1173 922 1410 1002 Diocletianus,
1433 935 1457 988 et

204 1032 283 1079 enm
308 1029 428 1077 omnes
451 1030 532 1078 suos
556 1009 789 1078 accersirisset
810 1030 976 1098 proceres,
995 1021 1027 1078 et
1051 1010 1162 1079 tribus
1182 1009 1306 1082 diebus
1329 1033 1348 1080 a
1373 1033 1455 1078 niune

205 1120 316 1188 usque
344 1098 386 1167 ad
414 1119 587 1187 vesperam
614 1119 692 1166 cum
718 1097 767 1166 eis
791 1099 1036 1178 consultasset,
1063 1099 1222 1188 deposuit
1242 1121 1320 1180 eos,
1348 1100 1456 1184 quibus

205 1186 410 1257 commissae
440 1185 575 1254 luerent
605 1186 770 1256 rectiones
805 1199 1029 1274 utrarumque
1061 1187 1184 1256 harum
1213 1189 1389 1278 gentium,
1412 1209 1454 1256 eos

206 1274 437 1364 simplicitatis
461 1275 631 1344 damnans
655 1287 686 1345 et
710 1276 885 1345 stultitiae.
912 1277 1001 1344 illisit
1026 1297 1103 1346 vero
1131 1275 1219 1347 duos
1245 1278 1347 1358 viros,
1372 1278 1455 1362 quie

206 1366 342 1434 Graecia
368 1362 539 1432 ducebant
569 1364 759 1453 originem:
790 1365 918 1454 patriae
952 1377 1065 1434 autem
1104 1365 1282 1435 doctrinae
1314 1385 1451 1455 magnam

206 1454 381 1523 consecuti
414 1451 548 1521 inerant
574 1453 825 1541 cognitionem:
863 1465 935 1522 erat
959 1476 1036 1522 rere
1067 1455 1217 1544 ingentis
1247 1468 1283 1524 et
1315 1453 1453 1522 immanis

205 1543 360 1631 spiritus
387 1563 487 1610 aures
502 1540 593 1610 “ad
618 1542 851 1630 cogitandum,
870 1555 902 1611 et
925 1542 966 1610 ad
988 1542 1173 1612 dicendum
1201 1541 1452 1632 promptissimi:

204 1644 237 1700 et
258 1631 318 1717 qui
345 1651 455 1700 mores
480 1629 651 1699 habebant
673 1641 706 1698 et
729 1630 963 1711 calliditatem,
990 1653 1076 1718 quae
1102 1654 1168 1701 non
1194 1643 1351 1722 poterant
1376 1630 1452 1698 inda·

204 1719 318 1810 gando
334 1730 366 1788 et
383 1717 629 1808 perscrutando
653 1721 825 1808 cognosci.
853 1723 898 1788 Ex
917 1720 1045 1806 quibus
1073 1743 1151 1790 cum
1179 1743 1291 1790 unum
1319 1718 1450 1807 quidem.

206 1809 344 1876 nomine
361 1809 505 1897 Lysiam,
520 1807 679 1894 jussisset
699 1829 817 1876 euram
835 1829 952 1898 gerere
965 1811 1120 1878 omnium
1138 1809 1390 1878 limitaneorum
1402 1807 1449 1876 *Ψ

204 1897 361 1978 alterum,
380 1899 440 1984 qui
458 1896 642 1966 vocabatur
664 1895 874 1986 Agricolaus,
896 1898 1003 1986 jussit
1028 1899 1130 1967 totius
1154 1898 1387 1968 Praefecturae
1407 1893 1450 1963 ad·

205 1987 399 2055 ministrare
429 1985 632 2075 imperium:
670 1985 880 2066 decernens,
908 1999 944 2054 ut
975 2007 1042 2056 non
1068 1986 1179 2056 solum
1210 1990 1262 2057 eis
1294 1986 1449 2078 deserviret

204 2095 327 2144 manus
348 2074 614 2153 limitaneorum,
631 2073 689 2144 sed
713 2074 814 2142 etiam
832 2075 1045 2162 quicumque
1062 2075 1188 2144 milites
1203 2088 1304 2146 erant
1320 2075 1448 2146 collocati
1469 2103 1470 2146 i

205 2163 238 2231 in
267 2163 469 2254 propinquis
488 2162 697 2232 civitatibus.
1430 2247 1433 2257 Ι

247 2254 265 2339 5
288 2257 334 2324 Β.
361 2257 443 2320 Cum
462 2251 496 2319 hi
521 2273 602 2341 ergo
626 2251 659 2319 in
686 2251 747 2320 has
764 2251 935 2320 venissent
956 2253 1161 2410 provincias,
1180 2254 1339 2342 protinus
1357 2269 1447 2318 omnis

204 2354 296 2410 aetas
324 2338 504 2409 hominum
531 2339 848 2408 immisericorditer
879 2352 910 2408 et
933 2362 951 2408 a
979 2363 1063 2428 sque
1087 2340 1157 2410 ulla
1187 2343 1287 2411 venia
1317 2337 1446 2411 excinde·

205 2431 320 2499 batur:
347 2451 426 2498 cum
458 2449 568 2516 neque
595 2428 667 2497 ulla
701 2429 911 2498 inveniretur
945 2442 1140 2519 opportuna
1175 2433 1332 2501 occasio:
1368 2445 1444 2520 parra

203 2531 316 2588 autem
342 2532 374 2586 et
397 2516 568 2604 quaelibet
592 2516 785 2598 calumnia,
812 2530 872 2587 aut
895 2516 938 2587 ab
962 2519 1136 2599 inimicis,
1163 2532 1224 2589 ant
1252 2543 1273 2589 a
1298 2512 1469 2604 maierolrsp

204 2607 404 2676 hominibus
428 2617 637 2693 sequeretur.
661 2604 929 2677 innumerabilis
954 2629 1031 2676 vero
1057 2607 1240 2678 multitudo
1267 2605 1469 2698 Christiano-¹

203 2718 279 2765 rum
303 2695 542 2796 indagabatur,
568 2706 601 2763 et
626 2694 779 2782 quotidie
804 2695 1172 2784 comprehendebatur,
1199 2711 1231 2766 et
1259 2698 1312 2767 his
1330 2711 1443 2788 sangui·

202 2783 292 2854 roris
310 2783 427 2853 bestiis
453 2783 650 2853 tradebatur
673 2783 714 2852 ad
741 2783 931 2854 interitum.
951 2789 1023 2854 Dux
1038 2806 1119 2874 ergo
1138 2786 1256 2874 Lysias
1272 2803 1399 2854 versans
1419 2799 1441 2844 u:

203 2872 368 2951 Sateleon,
400 2873 427 2942 si
457 2872 562 2962 hujus
592 2872 740 2963 regionis
766 2873 959 2942 inveniebat
989 2873 1124 2960 aliquos
1158 2887 1295 2944 sanctos
1324 2873 1402 2939 viros
1420 2880 1441 2932 et

202 2973 337 3032 sanctas
353 2959 531 3040 loemiuas,
551 2974 625 3050 post
647 2959 771 3030 multas
793 2961 1073 3052 interrogationes
1088 2975 1120 3032 et
1138 2974 1317 3043 tormenta,
1335 2959 1392 3030 sub
1406 2966 1440 3022 tu·

201 3050 333 3120 tissima
350 3049 506 3119 custodia
531 3049 780 3120 transmittebat
800 3051 931 3120 vinctos
951 3050 992 3119 ed
1011 3049 1227 3140 Agricolaum
1244 3053 1280 3120 in
1300 3061 1439 3139 metropa·
1467 3073 1468 3132 q

201 3139 261 3208 lim
287 3138 548 3208 Sebastenorum
567 3138 648 3220 Μ’,
669 3151 705 3208 ut
721 3140 764 3208 ab
780 3137 838 3208 illo
857 3139 899 3208 de
921 3139 1032 3210 medio
1051 3138 1263 3222 tollerentur,
1282 3152 1314 3209 et
1331 3157 1389 3206 non
1406 3152 1440 3198 si·

201 3241 365 3298 narentur
385 3227 419 3296 in
439 3250 503 3297 sna
520 3228 668 3317 regione,
686 3239 718 3296 et
736 3249 796 3296 nec
815 3249 934 3296 eorum
952 3230 1089 3318 cognati
1105 3241 1138 3299 et
1158 3228 1340 3298 necessarii
1355 3221 1437 3294 allatu

200 3339 317 3386 eorum
343 3338 461 3386 curam
487 3331 653 3406 gererent,
681 3337 742 3386 nec
758 3316 852 3404 justa
869 3317 989 3388 lierent
1012 3338 1131 3387 eorum
1148 3318 1363 3407 corporibus;
1379 3327 1436 3400 pro-

200 3406 332 3475 vinciae
361 3426 497 3493 quoque
532 3405 690 3476 Praeside
724 3404 883 3475 similiter
918 3407 1168 3476 transmittente
1191 3428 1250 3476 eos
1277 3405 1337 3495 qui
1365 3391 1435 3499 apti

201 3497 403 3565 Sebastenos
417 3495 480 3564 orti
496 3510 604 3576 erant,
621 3493 786 3574 Sateleon,
807 3495 870 3564 hoc
882 3494 1039 3584 improbo
1055 3495 1116 3564 diu
1133 3506 1212 3565 ante
1225 3496 1312 3564 inter
1326 3512 1357 3562 se
1373 3493 1436 3555 inito
1466 3581 1467 3584 Ἴ

199 3583 354 3654 consilio.
382 3584 492 3674 impia
510 3585 601 3652 enim
620 3605 684 3653 sua
706 3595 816 3653 mente
832 3595 1072 3674 cognoverant,
1093 3583 1217 3654 Christi
1241 3579 1369 3653 athletis
1385 3589 1434 3641 aot
1466 3585 1467 3650 l

199 3670 437 3742 iuturumhoo
481 3672 944 3762 arvampertemsuppiicii.
1415 3745 1419 3755 ,

237 3764 260 3918 j
284 3766 325 3834 d.
353 3766 434 3830 Cum
456 3695 538 3830 haec
558 3762 607 3830 sic
627 3761 757 3842 sterent,
772 3760 914 3848 quidam
937 3762 1139 3842 Eustratius,
1162 3761 1221 3848 qui
1239 3770 1309 3830 erat
1325 3746 1434 3842 linealis

197 3871 236 3919 or
264 3850 330 3918 inis
354 3851 556 3922 scriniarius
573 3849 671 3931 *****,
692 3863 724 3920 et
740 3871 778 3918 eo
803 3863 955 3940 tempore
973 3851 1102 3940 primas
1122 3863 1234 3939 partes
1258 3851 1290 3917 in
1314 3866 1348 3914 ea
1369 3837 1432 3906 obti·

198 3939 310 4020 nebat,
330 3939 382 4007 vir
402 3940 480 4028 pius
499 3951 531 4009 et
559 3943 661 4010 Deum
681 3939 815 4020 timens,
838 3939 950 4027 etqui
975 3940 1077 4028 qitam
1104 3940 1227 4030 agebat
1249 3937 1327 4008 citra
1350 3926 1430 3998 ollam
1464 3989 1466 4052 Ι

222 4101 582 4198 ἶῄὓὲἕξξθὴῑέὸεζιῗίιίίαηίωωκ,
591 4105 629 4145 val
639 4105 722 4144 Cirr-leti
730 4105 817 4150 cultum.
828 4107 870 4146 eui
880 4101 969 4154 aliquid
980 4104 1035 4146 isle.

222 4211 263 4238 Μ
278 4209 367 4250 tillires
378 4219 469 4260 nempe.
477 4219 578 4259 qaorum
586 4211 689 4253 cinctum
699 4213 751 4252 erat
758 4209 854 4260 impacti
864 4211 923 4252 aas:
934 4209 1053 4252 custodire
1063 4211 1088 4252 st
1097 4210 1228 4252 estendere.
1422 4256 1427 4264 ,

222 4263 278 4290 ”⁸⁸
292 4263 408 4309 Sebsstes,
420 4261 512 4304 scilicet
526 4267 637 4314 Augusta,
651 4267 684 4304 ita
698 4266 762 4305 dicte
780 4263 804 4304 in
820 4267 919 4316 Augusti
935 4265 1055 4312 honorem,
1073 4265 1142 4304 hodia
1152 4266 1222 4305 siros.
1234 4263 1264 4304 ed
1274 4259 1372 4311 Arssstw
1380 4248 1419 4284 ¹¹⁰¹
1458 4283 1461 4292 ·

196 4315 244 4355 len
258 4317 336 4363 pontt·
345 4319 392 4361 est:
403 4313 623 4384 snthnttur'autem
634 4319 658 4357 in
668 4317 825 4384 (tappcdoclaa
835 4315 956 4378 provincia
963 4317 1137 4380 continebatur.
1278 4364 1282 4373 ,
1371 4341 1425 4390 imm·

196 4367 432 4464 ‘amabant-atomi,
446 4381 460 4409 ι
473 4381 555 4412 :crinio
570 4381 612 4413 rau
625 4371 727 4418 archario,
736 4372 873 4414 dicebantur
884 4373 900 4411 tt
911 4373 951 4422 qut
963 4373 1127 4418 instrumente,
1137 4371 1231 4422 publica
1242 4359 1370 4438 scriptun
