<?xml version="1.0" encoding="UTF-8"?>
<!DOCTYPE html PUBLIC "-//W3C//DTD XHTML 1.0 Transitional//EN"
    "http://www.w3.org/TR/xhtml1/DTD/xhtml1-transitional.dtd">
<html xmlns="http://www.w3.org/1999/xhtml" xml:lang="en" lang="en">
 <head>
  <title>
</title>
<meta http-equiv="Content-Type" content="text/html;charset=utf-8" />
  <meta name='ocr-system' content='tesseract 3.04.00' />
  <meta name='ocr-capabilities' content='ocr_page ocr_carea ocr_par ocr_line ocrx_word'/>
</head>
<body>
  <div class='ocr_page' id='page_1' title='image "./historiaeseuvit00lippgoog_0687.png"; bbox 0 0 2932 4812; ppageno 0'>
   <div class='ocr_carea' id='block_1_1' title="bbox 253 263 1410 338">
    <p class='ocr_par' dir='ltr' id='par_1_1' title="bbox 253 263 1410 338">
     <span class='ocr_line' id='line_1_1' title="bbox 253 263 1410 338; baseline -0.012 0"><span class='ocrx_word' id='word_1_1' title='bbox 253 275 317 338; x_wconf 83' lang='lat' dir='ltr'><strong>ote</strong></span> <span class='ocrx_word' id='word_1_2' title='bbox 574 291 613 338; x_wconf 83' lang='lat' dir='ltr'><strong>nn</strong></span> <span class='ocrx_word' id='word_1_3' title='bbox 636 291 664 337; x_wconf 90' lang='lat' dir='ltr'><strong>s.</strong></span> <span class='ocrx_word' id='word_1_4' title='bbox 692 289 890 338; x_wconf 80' lang='lat' dir='ltr'><strong>anaaarrano</strong></span> <span class='ocrx_word' id='word_1_5' title='bbox 914 289 1114 338; x_wconf 84' lang='lat' dir='ltr'><strong>conrrssonu</strong></span> <span class='ocrx_word' id='word_1_6' title='bbox 1207 286 1209 294; x_wconf 63' lang='lat'><strong><em>⁴</em></strong></span> <span class='ocrx_word' id='word_1_7' title='bbox 1293 264 1363 330; x_wconf 75' lang='lat' dir='ltr'><strong>nat.</strong></span> <span class='ocrx_word' id='word_1_8' title='bbox 1384 263 1410 326; x_wconf 79' lang='lat' dir='ltr'><strong>:ll</strong></span> 
     </span>
    </p>
   </div>
   <div class='ocr_carea' id='block_1_2' title="bbox 136 367 1421 4375">
    <p class='ocr_par' dir='ltr' id='par_1_2' title="bbox 136 367 1417 2487">
     <span class='ocr_line' id='line_1_2' title="bbox 210 367 1413 468; baseline -0.007 -24"><span class='ocrx_word' id='word_1_9' title='bbox 210 380 243 445; x_wconf 83' lang='lat' dir='ltr'><strong>r&#39;n</strong></span> <span class='ocrx_word' id='word_1_10' title='bbox 267 377 456 445; x_wconf 83' lang='lat' dir='ltr'><strong>abscondito</strong></span> <span class='ocrx_word' id='word_1_11' title='bbox 470 401 480 443; x_wconf 94' lang='lat'><em>:</em></span> <span class='ocrx_word' id='word_1_12' title='bbox 499 387 531 444; x_wconf 87' lang='lat' dir='ltr'><strong>ct</strong></span> <span class='ocrx_word' id='word_1_13' title='bbox 555 380 655 444; x_wconf 86' lang='lat' dir='ltr'><strong>Pater</strong></span> <span class='ocrx_word' id='word_1_14' title='bbox 683 386 772 455; x_wconf 83' lang='lat' dir='ltr'><strong>tous,</strong></span> <span class='ocrx_word' id='word_1_15' title='bbox 801 378 863 466; x_wconf 81' lang='lat' dir='ltr'><strong>qni</strong></span> <span class='ocrx_word' id='word_1_16' title='bbox 883 377 973 444; x_wconf 86' lang='lat' dir='ltr'><strong>videt</strong></span> <span class='ocrx_word' id='word_1_17' title='bbox 996 378 1029 443; x_wconf 86' lang='lat' dir='ltr'><strong>in</strong></span> <span class='ocrx_word' id='word_1_18' title='bbox 1058 375 1242 453; x_wconf 79' lang='lat' dir='ltr'><strong>abscondito,</strong></span> <span class='ocrx_word' id='word_1_19' title='bbox 1263 370 1353 468; x_wconf 75' lang='lat' dir='ltr'><strong>reddet</strong></span> <span class='ocrx_word' id='word_1_20' title='bbox 1372 367 1413 431; x_wconf 76' lang='lat' dir='ltr'><strong>lile</strong></span> 
     </span>
     <span class='ocr_line' id='line_1_3' title="bbox 208 457 1413 554; baseline -0.01 -20"><span class='ocrx_word' id='word_1_21' title='bbox 208 465 342 554; x_wconf 81' lang='lat' dir='ltr'><strong>(llottlr.</strong></span> <span class='ocrx_word' id='word_1_22' title='bbox 361 463 419 553; x_wconf 88' lang='lat' dir='ltr'><strong>vr).</strong></span> <span class='ocrx_word' id='word_1_23' title='bbox 447 465 535 533; x_wconf 88' lang='lat' dir='ltr'><strong>Hinc</strong></span> <span class='ocrx_word' id='word_1_24' title='bbox 550 477 612 544; x_wconf 88' lang='lat' dir='ltr'><strong>est,</strong></span> <span class='ocrx_word' id='word_1_25' title='bbox 631 464 722 551; x_wconf 91' lang='lat' dir='ltr'><strong>quod</strong></span> <span class='ocrx_word' id='word_1_26' title='bbox 744 464 786 532; x_wconf 91' lang='lat' dir='ltr'><strong>de</strong></span> <span class='ocrx_word' id='word_1_27' title='bbox 804 464 990 534; x_wconf 87' lang='lat' dir='ltr'><strong>electorum</strong></span> <span class='ocrx_word' id='word_1_28' title='bbox 1017 463 1167 533; x_wconf 73' lang='lat' dir='ltr'>Ecclesia</span> <span class='ocrx_word' id='word_1_29' title='bbox 1181 484 1232 552; x_wconf 92' lang='grc' dir='ltr'><strong>ρετ</strong></span> <span class='ocrx_word' id='word_1_30' title='bbox 1249 457 1413 550; x_wconf 80' lang='lat' dir='ltr'><strong>Psalmrstan</strong></span> 
     </span>
     <span class='ocr_line' id='line_1_4' title="bbox 210 540 1412 643; baseline -0.005 -21"><span class='ocrx_word' id='word_1_31' title='bbox 210 554 359 624; x_wconf 89' lang='lat' dir='ltr'><strong>dicitur:</strong></span> <span class='ocrx_word' id='word_1_32' title='bbox 385 555 497 622; x_wconf 80' lang='lat' dir='ltr'><strong>Omnia</strong></span> <span class='ocrx_word' id='word_1_33' title='bbox 522 556 635 642; x_wconf 72' lang='lat' dir='ltr'><strong>glorio</strong></span> <span class='ocrx_word' id='word_1_34' title='bbox 663 555 735 643; x_wconf 79' lang='lat' dir='ltr'><strong>ejus</strong></span> <span class='ocrx_word' id='word_1_35' title='bbox 757 556 833 643; x_wconf 76' lang='lat' dir='ltr'><strong>filio</strong></span> <span class='ocrx_word' id='word_1_36' title='bbox 860 558 989 642; x_wconf 77' lang='lat' dir='ltr'><strong>Rapum</strong></span> <span class='ocrx_word' id='word_1_37' title='bbox 1019 553 1061 622; x_wconf 84' lang='lat' dir='ltr'><strong>od</strong></span> <span class='ocrx_word' id='word_1_38' title='bbox 1085 555 1174 621; x_wconf 83' lang='lat' dir='ltr'><strong>intua</strong></span> <span class='ocrx_word' id='word_1_39' title='bbox 1198 552 1254 640; x_wconf 85' lang='lat' dir='ltr'><strong>(Pr.</strong></span> <span class='ocrx_word' id='word_1_40' title='bbox 1276 545 1335 634; x_wconf 81' lang='lat' dir='ltr'><strong>tt).</strong></span> <span class='ocrx_word' id='word_1_41' title='bbox 1357 540 1412 638; x_wconf 64' lang='lat' dir='ltr'><strong>llll</strong></span> 
     </span>
     <span class='ocr_line' id='line_1_5' title="bbox 210 641 1415 799; baseline -0.007 -87"><span class='ocrx_word' id='word_1_42' title='bbox 210 643 341 799; x_wconf 72' lang='lat' dir='ltr'><strong>quippe</strong></span> <span class='ocrx_word' id='word_1_43' title='bbox 361 647 506 730; x_wconf 82' lang='lat' dir='ltr'>Regum,</span> <span class='ocrx_word' id='word_1_44' title='bbox 523 654 574 711; x_wconf 88' lang='lat' dir='ltr'><strong>est</strong></span> <span class='ocrx_word' id='word_1_45' title='bbox 598 654 716 711; x_wconf 86' lang='lat' dir='ltr'><strong>sancta</strong></span> <span class='ocrx_word' id='word_1_46' title='bbox 740 642 901 721; x_wconf 79' lang='lat' dir='ltr'><strong>Ecclesia,</strong></span> <span class='ocrx_word' id='word_1_47' title='bbox 924 643 1064 731; x_wconf 87' lang='lat' dir='ltr'><strong>quaein</strong></span> <span class='ocrx_word' id='word_1_48' title='bbox 1086 641 1175 710; x_wconf 92' lang='lat' dir='ltr'><strong>bono</strong></span> <span class='ocrx_word' id='word_1_49' title='bbox 1190 653 1233 710; x_wconf 87' lang='lat' dir='ltr'><strong>est</strong></span> <span class='ocrx_word' id='word_1_50' title='bbox 1248 657 1333 733; x_wconf 77' lang='lat' dir='ltr'><strong>opere</strong></span> <span class='ocrx_word' id='word_1_51' title='bbox 1346 651 1415 727; x_wconf 74' lang='lat' dir='ltr'><strong>spin-</strong></span> 
     </span>
     <span class='ocr_line' id='line_1_6' title="bbox 212 729 1414 824; baseline -0.01 -24"><span class='ocrx_word' id='word_1_52' title='bbox 212 746 268 802; x_wconf 90' lang='lat' dir='ltr'><strong>tua</strong></span> <span class='ocrx_word' id='word_1_53' title='bbox 287 732 358 802; x_wconf 94' lang='lat' dir='ltr'><strong>ium</strong></span> <span class='ocrx_word' id='word_1_54' title='bbox 379 731 577 820; x_wconf 83' lang='lat' dir='ltr'><strong>principum</strong></span> <span class='ocrx_word' id='word_1_55' title='bbox 596 730 849 821; x_wconf 88' lang='lat' dir='ltr'><strong>praedicatione</strong></span> <span class='ocrx_word' id='word_1_56' title='bbox 873 741 1055 820; x_wconf 85' lang='lat' dir='ltr'><strong>generata:</strong></span> <span class='ocrx_word' id='word_1_57' title='bbox 1081 751 1170 817; x_wconf 86' lang='lat' dir='ltr'><strong>quae</strong></span> <span class='ocrx_word' id='word_1_58' title='bbox 1192 729 1260 798; x_wconf 90' lang='lat' dir='ltr'><strong>dnn</strong></span> <span class='ocrx_word' id='word_1_59' title='bbox 1274 745 1313 824; x_wconf 80' lang='lat' dir='ltr'><strong>¹se</strong></span> <span class='ocrx_word' id='word_1_60' title='bbox 1326 743 1353 789; x_wconf 91' lang='lat' dir='ltr'><strong>m</strong></span> <span class='ocrx_word' id='word_1_61' title='bbox 1371 739 1414 782; x_wconf 82' lang='lat' dir='ltr'><strong>nr·</strong></span> 
     </span>
     <span class='ocr_line' id='line_1_7' title="bbox 212 807 1412 907; baseline -0.009 -19"><span class='ocrx_word' id='word_1_62' title='bbox 212 821 344 890; x_wconf 90' lang='lat' dir='ltr'><strong>tutibus</strong></span> <span class='ocrx_word' id='word_1_63' title='bbox 360 832 498 889; x_wconf 87' lang='lat' dir='ltr'><strong>sanctae</strong></span> <span class='ocrx_word' id='word_1_64' title='bbox 516 819 785 889; x_wconf 88' lang='lat' dir='ltr'><strong>conversationis</strong></span> <span class='ocrx_word' id='word_1_65' title='bbox 808 832 951 901; x_wconf 80' lang='lat' dir='ltr'><strong>exercet,</strong></span> <span class='ocrx_word' id='word_1_66' title='bbox 971 820 1054 907; x_wconf 87' lang='lat' dir='ltr'><strong>quia</strong></span> <span class='ocrx_word' id='word_1_67' title='bbox 1079 841 1140 907; x_wconf 95' lang='grc' dir='ltr'><strong>ρετ</strong></span> <span class='ocrx_word' id='word_1_68' title='bbox 1156 819 1214 887; x_wconf 89' lang='lat' dir='ltr'><strong>hoc</strong></span> <span class='ocrx_word' id='word_1_69' title='bbox 1231 814 1280 886; x_wconf 86' lang='lat' dir='ltr'><strong>solt</strong></span> <span class='ocrx_word' id='word_1_70' title='bbox 1298 817 1351 880; x_wconf 82' lang='lat' dir='ltr'><strong>neo</strong></span> <span class='ocrx_word' id='word_1_71' title='bbox 1369 807 1412 904; x_wconf 80' lang='lat' dir='ltr'><strong>pla·</strong></span> 
     </span>
     <span class='ocr_line' id='line_1_8' title="bbox 212 902 1410 998; baseline -0.013 -20"><span class='ocrx_word' id='word_1_72' title='bbox 212 930 288 978; x_wconf 87' lang='lat' dir='ltr'><strong>cere</strong></span> <span class='ocrx_word' id='word_1_73' title='bbox 305 908 428 990; x_wconf 89' lang='lat' dir='ltr'><strong>studet,</strong></span> <span class='ocrx_word' id='word_1_74' title='bbox 451 929 518 978; x_wconf 93' lang='lat' dir='ltr'><strong>non</strong></span> <span class='ocrx_word' id='word_1_75' title='bbox 548 906 630 977; x_wconf 88' lang='lat' dir='ltr'><strong>soris</strong></span> <span class='ocrx_word' id='word_1_76' title='bbox 654 909 812 998; x_wconf 81' lang='lat' dir='ltr'><strong>gloriam,</strong></span> <span class='ocrx_word' id='word_1_77' title='bbox 841 906 900 977; x_wconf 91' lang='lat' dir='ltr'><strong>sed</strong></span> <span class='ocrx_word' id='word_1_78' title='bbox 921 910 1015 978; x_wconf 92' lang='lat' dir='ltr'><strong>intus</strong></span> <span class='ocrx_word' id='word_1_79' title='bbox 1035 907 1148 977; x_wconf 88' lang='lat' dir='ltr'><strong>hahet.</strong></span> <span class='ocrx_word' id='word_1_80' title='bbox 1175 908 1230 976; x_wconf 85' lang='lat' dir='ltr'><strong>Hic</strong></span> <span class='ocrx_word' id='word_1_81' title='bbox 1249 902 1354 972; x_wconf 87' lang='lat' dir='ltr'><strong>Paulos</strong></span> <span class='ocrx_word' id='word_1_82' title='bbox 1369 909 1410 962; x_wconf 82' lang='lat' dir='ltr'><strong>at:</strong></span> 
     </span>
     <span class='ocr_line' id='line_1_9' title="bbox 214 985 1409 1078; baseline -0.001 -12"><span class='ocrx_word' id='word_1_83' title='bbox 214 1001 329 1066; x_wconf 79' lang='lat' dir='ltr'><strong>Gloria</strong></span> <span class='ocrx_word' id='word_1_84' title='bbox 340 1007 454 1066; x_wconf 83' lang='lat' dir='ltr'><strong>nostro</strong></span> <span class='ocrx_word' id='word_1_85' title='bbox 473 998 555 1067; x_wconf 78' lang='lat' dir='ltr'><strong>doec</strong></span> <span class='ocrx_word' id='word_1_86' title='bbox 580 1007 638 1076; x_wconf 85' lang='lat' dir='ltr'><strong>cst,</strong></span> <span class='ocrx_word' id='word_1_87' title='bbox 664 999 887 1066; x_wconf 79' lang='lat' dir='ltr'><strong>testimoninm</strong></span> <span class='ocrx_word' id='word_1_88' title='bbox 902 999 1121 1066; x_wconf 74' lang='lat' dir='ltr'><strong>concientiae</strong></span> <span class='ocrx_word' id='word_1_89' title='bbox 1136 1009 1256 1066; x_wconf 78' lang='lat' dir='ltr'><strong>nostrat</strong></span> <span class='ocrx_word' id='word_1_90' title='bbox 1269 995 1311 1076; x_wconf 70' lang='lat' dir='ltr'><strong>fi.</strong></span> <span class='ocrx_word' id='word_1_91' title='bbox 1328 985 1409 1078; x_wconf 64' lang='lat' dir='ltr'><strong>Cull-</strong></span> 
     </span>
     <span class='ocr_line' id='line_1_10' title="bbox 136 1085 1410 1175; baseline -0.006 -19"><span class='ocrx_word' id='word_1_92' title='bbox 136 1165 140 1174; x_wconf 50' lang='grc'><strong>,</strong></span> <span class='ocrx_word' id='word_1_93' title='bbox 214 1087 362 1156; x_wconf 79' lang='lat' dir='ltr'><strong>Gloriam</strong></span> <span class='ocrx_word' id='word_1_94' title='bbox 381 1107 479 1154; x_wconf 90' lang='lat' dir='ltr'><strong>suam</strong></span> <span class='ocrx_word' id='word_1_95' title='bbox 498 1085 679 1175; x_wconf 75' lang='lat' dir='ltr'><strong>Apostolus</strong></span> <span class='ocrx_word' id='word_1_96' title='bbox 696 1087 931 1156; x_wconf 89' lang='lat' dir='ltr'><strong>testimonium</strong></span> <span class='ocrx_word' id='word_1_97' title='bbox 955 1085 1185 1155; x_wconf 88' lang='lat' dir='ltr'><strong>conscientiae</strong></span> <span class='ocrx_word' id='word_1_98' title='bbox 1201 1092 1350 1153; x_wconf 83' lang='lat' dir='ltr'><strong>memorat,</strong></span> <span class='ocrx_word' id='word_1_99' title='bbox 1366 1092 1410 1159; x_wconf 65' lang='lat' dir='ltr'><strong>atil</strong></span> 
     </span>
     <span class='ocr_line' id='line_1_11' title="bbox 213 1173 1413 1268; baseline -0.003 -25"><span class='ocrx_word' id='word_1_100' title='bbox 213 1175 348 1244; x_wconf 86' lang='lat' dir='ltr'><strong>fanores</strong></span> <span class='ocrx_word' id='word_1_101' title='bbox 366 1175 437 1244; x_wconf 91' lang='lat' dir='ltr'><strong>oris</strong></span> <span class='ocrx_word' id='word_1_102' title='bbox 461 1173 564 1243; x_wconf 89' lang='lat' dir='ltr'><strong>alieni</strong></span> <span class='ocrx_word' id='word_1_103' title='bbox 583 1196 648 1243; x_wconf 95' lang='lat' dir='ltr'><strong>non</strong></span> <span class='ocrx_word' id='word_1_104' title='bbox 668 1187 844 1264; x_wconf 88' lang='lat' dir='ltr'><strong>appetens,</strong></span> <span class='ocrx_word' id='word_1_105' title='bbox 870 1175 957 1244; x_wconf 89' lang='lat' dir='ltr'><strong>vitae</strong></span> <span class='ocrx_word' id='word_1_106' title='bbox 985 1196 1067 1245; x_wconf 86' lang='lat' dir='ltr'><strong>suae</strong></span> <span class='ocrx_word' id='word_1_107' title='bbox 1089 1173 1216 1264; x_wconf 87' lang='lat' dir='ltr'><strong>gaudia</strong></span> <span class='ocrx_word' id='word_1_108' title='bbox 1234 1185 1314 1243; x_wconf 87' lang='lat' dir='ltr'><strong>extra</strong></span> <span class='ocrx_word' id='word_1_109' title='bbox 1336 1176 1413 1268; x_wconf 58' lang='lat' dir='ltr'><strong>nult·</strong></span> 
     </span>
     <span class='ocr_line' id='line_1_12' title="bbox 214 1263 1414 1353; baseline -0.013 -22"><span class='ocrx_word' id='word_1_110' title='bbox 214 1266 329 1352; x_wconf 89' lang='lat' dir='ltr'><strong>ipsum</strong></span> <span class='ocrx_word' id='word_1_111' title='bbox 347 1284 473 1353; x_wconf 88' lang='lat' dir='ltr'><strong>ponere</strong></span> <span class='ocrx_word' id='word_1_112' title='bbox 497 1263 688 1353; x_wconf 89' lang='lat' dir='ltr'><strong>ignorabat.</strong></span> <span class='ocrx_word' id='word_1_113' title='bbox 711 1263 922 1333; x_wconf 90' lang='lat' dir='ltr'><strong>Occultanda</strong></span> <span class='ocrx_word' id='word_1_114' title='bbox 950 1276 1030 1332; x_wconf 89' lang='lat' dir='ltr'><strong>sunt</strong></span> <span class='ocrx_word' id='word_1_115' title='bbox 1046 1283 1140 1352; x_wconf 83' lang='lat' dir='ltr'><strong>ergo,</strong></span> <span class='ocrx_word' id='word_1_116' title='bbox 1163 1263 1414 1333; x_wconf 82' lang='lat' dir='ltr'><strong>fratrescarnsim.</strong></span> 
     </span>
     <span class='ocr_line' id='line_1_13' title="bbox 213 1352 1416 1442; baseline -0.007 -21"><span class='ocrx_word' id='word_1_117' title='bbox 213 1352 303 1421; x_wconf 91' lang='lat' dir='ltr'><strong>hona</strong></span> <span class='ocrx_word' id='word_1_118' title='bbox 323 1372 411 1437; x_wconf 91' lang='lat' dir='ltr'><strong>quae</strong></span> <span class='ocrx_word' id='word_1_119' title='bbox 426 1352 576 1442; x_wconf 84' lang='lat' dir='ltr'><strong>agimus,</strong></span> <span class='ocrx_word' id='word_1_120' title='bbox 598 1374 639 1421; x_wconf 91' lang='lat' dir='ltr'><strong>ne</strong></span> <span class='ocrx_word' id='word_1_121' title='bbox 656 1352 739 1421; x_wconf 89' lang='lat' dir='ltr'><strong>haec</strong></span> <span class='ocrx_word' id='word_1_122' title='bbox 757 1352 790 1421; x_wconf 91' lang='lat' dir='ltr'><strong>in</strong></span> <span class='ocrx_word' id='word_1_123' title='bbox 813 1352 917 1441; x_wconf 91' lang='lat' dir='ltr'><strong>hujus</strong></span> <span class='ocrx_word' id='word_1_124' title='bbox 941 1353 1028 1421; x_wconf 90' lang='lat' dir='ltr'><strong>vitae</strong></span> <span class='ocrx_word' id='word_1_125' title='bbox 1053 1352 1174 1422; x_wconf 89' lang='lat' dir='ltr'><strong>itinere</strong></span> <span class='ocrx_word' id='word_1_126' title='bbox 1190 1352 1416 1436; x_wconf 72' lang='lat' dir='ltr'><strong>incanteportass·</strong></span> 
     </span>
     <span class='ocr_line' id='line_1_14' title="bbox 213 1439 1415 1599; baseline -0.007 -89"><span class='ocrx_word' id='word_1_127' title='bbox 213 1453 285 1522; x_wconf 85' lang='lat' dir='ltr'><strong>tes,</strong></span> <span class='ocrx_word' id='word_1_128' title='bbox 316 1439 594 1510; x_wconf 71' lang='lat' dir='ltr'><strong>latrocinantium</strong></span> <span class='ocrx_word' id='word_1_129' title='bbox 619 1441 805 1530; x_wconf 81' lang='lat' dir='ltr'><strong>spirituum</strong></span> <span class='ocrx_word' id='word_1_130' title='bbox 829 1441 1027 1511; x_wconf 87' lang='lat' dir='ltr'><strong>incursione</strong></span> <span class='ocrx_word' id='word_1_131' title='bbox 1051 1439 1252 1599; x_wconf 61' lang='lat' dir='ltr'><strong>perdamus.</strong></span> <span class='ocrx_word' id='word_1_132' title='bbox 1276 1443 1342 1508; x_wconf 85' lang='lat' dir='ltr'><strong>Ecce</strong></span> <span class='ocrx_word' id='word_1_133' title='bbox 1360 1447 1415 1500; x_wconf 74' lang='lat' dir='ltr'><strong>ento</strong></span> 
     </span>
     <span class='ocr_line' id='line_1_15' title="bbox 213 1526 1415 1618; baseline -0.007 -20"><span class='ocrx_word' id='word_1_134' title='bbox 213 1528 269 1598; x_wconf 91' lang='lat' dir='ltr'><strong>hic</strong></span> <span class='ocrx_word' id='word_1_135' title='bbox 290 1529 511 1599; x_wconf 88' lang='lat' dir='ltr'><strong>beatissimus</strong></span> <span class='ocrx_word' id='word_1_136' title='bbox 531 1529 582 1598; x_wconf 93' lang='lat' dir='ltr'><strong>vir</strong></span> <span class='ocrx_word' id='word_1_137' title='bbox 606 1529 855 1610; x_wconf 89' lang='lat' dir='ltr'><strong>Barbatianus,</strong></span> <span class='ocrx_word' id='word_1_138' title='bbox 877 1529 980 1618; x_wconf 90' lang='lat' dir='ltr'><strong>cujus</strong></span> <span class='ocrx_word' id='word_1_139' title='bbox 1004 1529 1049 1598; x_wconf 92' lang='lat' dir='ltr'><strong>ho</strong></span> <span class='ocrx_word' id='word_1_140' title='bbox 1076 1529 1106 1598; x_wconf 92' lang='lat' dir='ltr'><strong>ie</strong></span> <span class='ocrx_word' id='word_1_141' title='bbox 1131 1529 1228 1600; x_wconf 90' lang='lat' dir='ltr'><strong>nobis</strong></span> <span class='ocrx_word' id='word_1_142' title='bbox 1249 1526 1366 1597; x_wconf 85' lang='lat' dir='ltr'><strong>festinus</strong></span> <span class='ocrx_word' id='word_1_143' title='bbox 1383 1536 1415 1583; x_wconf 80' lang='lat' dir='ltr'><strong>n·</strong></span> 
     </span>
     <span class='ocr_line' id='line_1_16' title="bbox 213 1606 1416 1709; baseline -0.008 -21"><span class='ocrx_word' id='word_1_144' title='bbox 213 1617 290 1688; x_wconf 91' lang='lat' dir='ltr'><strong>talis</strong></span> <span class='ocrx_word' id='word_1_145' title='bbox 316 1617 438 1699; x_wconf 86' lang='lat' dir='ltr'><strong>illuxit,</strong></span> <span class='ocrx_word' id='word_1_146' title='bbox 462 1639 529 1687; x_wconf 91' lang='lat' dir='ltr'><strong>non</strong></span> <span class='ocrx_word' id='word_1_147' title='bbox 555 1616 728 1688; x_wconf 88' lang='lat' dir='ltr'><strong>humanae</strong></span> <span class='ocrx_word' id='word_1_148' title='bbox 753 1617 866 1688; x_wconf 91' lang='lat' dir='ltr'><strong>laudis</strong></span> <span class='ocrx_word' id='word_1_149' title='bbox 890 1617 1035 1709; x_wconf 88' lang='lat' dir='ltr'><strong>gloriam</strong></span> <span class='ocrx_word' id='word_1_150' title='bbox 1058 1620 1165 1709; x_wconf 85' lang='lat' dir='ltr'><strong>petiit.</strong></span> <span class='ocrx_word' id='word_1_151' title='bbox 1192 1606 1416 1705; x_wconf 21' lang='lat' dir='ltr'><strong>uonlavoresfllr</strong></span> 
     </span>
     <span class='ocr_line' id='line_1_17' title="bbox 214 1706 1415 1800; baseline -0.002 -24"><span class='ocrx_word' id='word_1_152' title='bbox 214 1706 347 1776; x_wconf 91' lang='lat' dir='ltr'><strong>minum</strong></span> <span class='ocrx_word' id='word_1_153' title='bbox 374 1707 566 1788; x_wconf 82' lang='lat' dir='ltr'><strong>affectavit,</strong></span> <span class='ocrx_word' id='word_1_154' title='bbox 594 1727 661 1777; x_wconf 94' lang='lat' dir='ltr'><strong>non</strong></span> <span class='ocrx_word' id='word_1_155' title='bbox 692 1707 735 1776; x_wconf 89' lang='lat' dir='ltr'><strong>de</strong></span> <span class='ocrx_word' id='word_1_156' title='bbox 762 1707 910 1777; x_wconf 90' lang='lat' dir='ltr'><strong>ostensis</strong></span> <span class='ocrx_word' id='word_1_157' title='bbox 934 1718 981 1777; x_wconf 86' lang='lat' dir='ltr'><strong>tot</strong></span> <span class='ocrx_word' id='word_1_158' title='bbox 1012 1707 1190 1778; x_wconf 87' lang='lat' dir='ltr'><strong>miraculis</strong></span> <span class='ocrx_word' id='word_1_159' title='bbox 1219 1722 1359 1800; x_wconf 69' lang='lat' dir='ltr'><strong>apparere</strong></span> <span class='ocrx_word' id='word_1_160' title='bbox 1376 1713 1415 1782; x_wconf 60' lang='lat' dir='ltr'><strong>tlt*</strong></span> 
     </span>
     <span class='ocr_line' id='line_1_18' title="bbox 213 1785 1415 1888; baseline -0.006 -24"><span class='ocrx_word' id='word_1_161' title='bbox 213 1795 383 1866; x_wconf 92' lang='lat' dir='ltr'><strong>mirabilis</strong></span> <span class='ocrx_word' id='word_1_162' title='bbox 412 1794 538 1876; x_wconf 88' lang='lat' dir='ltr'><strong>voluit,</strong></span> <span class='ocrx_word' id='word_1_163' title='bbox 562 1816 628 1864; x_wconf 92' lang='lat' dir='ltr'><strong>non</strong></span> <span class='ocrx_word' id='word_1_164' title='bbox 658 1795 700 1864; x_wconf 90' lang='lat' dir='ltr'><strong>de</strong></span> <span class='ocrx_word' id='word_1_165' title='bbox 728 1794 862 1866; x_wconf 90' lang='lat' dir='ltr'><strong>collatis</strong></span> <span class='ocrx_word' id='word_1_166' title='bbox 888 1808 934 1867; x_wconf 85' lang='lat' dir='ltr'><strong>tot</strong></span> <span class='ocrx_word' id='word_1_167' title='bbox 954 1797 988 1865; x_wconf 95' lang='lat' dir='ltr'><strong>in</strong></span> <span class='ocrx_word' id='word_1_168' title='bbox 1010 1795 1194 1886; x_wconf 88' lang='lat' dir='ltr'><strong>languidos</strong></span> <span class='ocrx_word' id='word_1_169' title='bbox 1217 1785 1415 1888; x_wconf 61' lang='lat' dir='ltr'><strong>beneficiali·</strong></span> 
     </span>
     <span class='ocr_line' id='line_1_19' title="bbox 213 1869 1416 1976; baseline -0.008 -24"><span class='ocrx_word' id='word_1_170' title='bbox 213 1905 335 1953; x_wconf 89' lang='lat' dir='ltr'><strong>manae</strong></span> <span class='ocrx_word' id='word_1_171' title='bbox 353 1885 588 1954; x_wconf 87' lang='lat' dir='ltr'><strong>retributionis</strong></span> <span class='ocrx_word' id='word_1_172' title='bbox 605 1884 797 1974; x_wconf 90' lang='lat' dir='ltr'><strong>praemium</strong></span> <span class='ocrx_word' id='word_1_173' title='bbox 816 1885 1032 1976; x_wconf 82' lang='lat' dir='ltr'><strong>exspectavit:</strong></span> <span class='ocrx_word' id='word_1_174' title='bbox 1048 1885 1250 1972; x_wconf 85' lang='lat' dir='ltr'><strong>quin-etiam</strong></span> <span class='ocrx_word' id='word_1_175' title='bbox 1267 1869 1416 1952; x_wconf 70' lang='lat' dir='ltr'><strong>medicinalis</strong></span> 
     </span>
     <span class='ocr_line' id='line_1_20' title="bbox 212 1972 1416 2064; baseline -0.004 -22"><span class='ocrx_word' id='word_1_176' title='bbox 212 1974 361 2042; x_wconf 89' lang='lat' dir='ltr'><strong>exercitii</strong></span> <span class='ocrx_word' id='word_1_177' title='bbox 380 1972 623 2064; x_wconf 87' lang='lat' dir='ltr'><strong>praetendebat</strong></span> <span class='ocrx_word' id='word_1_178' title='bbox 639 1973 799 2063; x_wconf 90' lang='lat' dir='ltr'><strong>speciem,</strong></span> <span class='ocrx_word' id='word_1_179' title='bbox 817 1986 856 2044; x_wconf 92' lang='lat' dir='ltr'><strong>nt</strong></span> <span class='ocrx_word' id='word_1_180' title='bbox 870 1973 1104 2044; x_wconf 91' lang='lat' dir='ltr'><strong>clarissimum</strong></span> <span class='ocrx_word' id='word_1_181' title='bbox 1123 1973 1255 2048; x_wconf 87' lang='lat' dir='ltr'><strong>virtutis</strong></span> <span class='ocrx_word' id='word_1_182' title='bbox 1270 1992 1339 2041; x_wconf 86' lang='lat' dir='ltr'><strong>suae</strong></span> <span class='ocrx_word' id='word_1_183' title='bbox 1352 1972 1416 2062; x_wconf 60' lang='lat' dir='ltr'><strong>parit</strong></span> 
     </span>
     <span class='ocr_line' id='line_1_21' title="bbox 212 2061 1417 2152; baseline -0.003 -21"><span class='ocrx_word' id='word_1_184' title='bbox 212 2061 393 2132; x_wconf 80' lang='lat' dir='ltr'><strong>obfuscare</strong></span> <span class='ocrx_word' id='word_1_185' title='bbox 421 2063 578 2132; x_wconf 87' lang='lat' dir='ltr'><strong>nitorem.</strong></span> <span class='ocrx_word' id='word_1_186' title='bbox 607 2066 645 2131; x_wconf 88' lang='lat' dir='ltr'><strong>Et</strong></span> <span class='ocrx_word' id='word_1_187' title='bbox 672 2062 764 2132; x_wconf 86' lang='lat' dir='ltr'><strong>velut</strong></span> <span class='ocrx_word' id='word_1_188' title='bbox 790 2083 955 2152; x_wconf 87' lang='lat' dir='ltr'><strong>magnum</strong></span> <span class='ocrx_word' id='word_1_189' title='bbox 980 2062 1066 2132; x_wconf 87' lang='lat' dir='ltr'><strong>coeli</strong></span> <span class='ocrx_word' id='word_1_190' title='bbox 1086 2075 1217 2133; x_wconf 90' lang='lat' dir='ltr'><strong>astrum</strong></span> <span class='ocrx_word' id='word_1_191' title='bbox 1235 2062 1417 2146; x_wconf 71' lang='lat' dir='ltr'><strong>antennae</strong></span> 
     </span>
     <span class='ocr_line' id='line_1_22' title="bbox 214 2138 1417 2241; baseline -0.008 -22"><span class='ocrx_word' id='word_1_192' title='bbox 214 2151 307 2221; x_wconf 90' lang='lat' dir='ltr'><strong>tibus</strong></span> <span class='ocrx_word' id='word_1_193' title='bbox 324 2152 396 2222; x_wconf 91' lang='lat' dir='ltr'><strong>suis</strong></span> <span class='ocrx_word' id='word_1_194' title='bbox 415 2150 559 2222; x_wconf 90' lang='lat' dir='ltr'><strong>curabat</strong></span> <span class='ocrx_word' id='word_1_195' title='bbox 580 2171 776 2241; x_wconf 87' lang='lat' dir='ltr'><strong>opponere,</strong></span> <span class='ocrx_word' id='word_1_196' title='bbox 798 2163 837 2220; x_wconf 96' lang='lat' dir='ltr'><strong>ut</strong></span> <span class='ocrx_word' id='word_1_197' title='bbox 864 2150 947 2220; x_wconf 89' lang='lat' dir='ltr'><strong>dum</strong></span> <span class='ocrx_word' id='word_1_198' title='bbox 971 2152 1087 2220; x_wconf 91' lang='lat' dir='ltr'><strong>minus</strong></span> <span class='ocrx_word' id='word_1_199' title='bbox 1111 2151 1153 2220; x_wconf 91' lang='lat' dir='ltr'><strong>ad</strong></span> <span class='ocrx_word' id='word_1_200' title='bbox 1183 2150 1333 2221; x_wconf 82' lang='lat' dir='ltr'><strong>exteriora</strong></span> <span class='ocrx_word' id='word_1_201' title='bbox 1353 2138 1417 2232; x_wconf 68' lang='lat' dir='ltr'><strong>radia</strong></span> 
     </span>
     <span class='ocr_line' id='line_1_23' title="bbox 213 2238 1415 2330; baseline -0.008 -20"><span class='ocrx_word' id='word_1_202' title='bbox 213 2261 295 2310; x_wconf 90' lang='lat' dir='ltr'><strong>suae</strong></span> <span class='ocrx_word' id='word_1_203' title='bbox 311 2239 399 2310; x_wconf 90' lang='lat' dir='ltr'><strong>lucis</strong></span> <span class='ocrx_word' id='word_1_204' title='bbox 415 2239 632 2330; x_wconf 87' lang='lat' dir='ltr'><strong>expanderet,</strong></span> <span class='ocrx_word' id='word_1_205' title='bbox 660 2240 760 2326; x_wconf 89' lang='lat' dir='ltr'><strong>quasi</strong></span> <span class='ocrx_word' id='word_1_206' title='bbox 780 2239 934 2327; x_wconf 88' lang='lat' dir='ltr'><strong>undique</strong></span> <span class='ocrx_word' id='word_1_207' title='bbox 965 2239 999 2307; x_wconf 94' lang='lat' dir='ltr'><strong>in</strong></span> <span class='ocrx_word' id='word_1_208' title='bbox 1029 2241 1213 2330; x_wconf 90' lang='lat' dir='ltr'><strong>semetipso</strong></span> <span class='ocrx_word' id='word_1_209' title='bbox 1234 2238 1385 2309; x_wconf 80' lang='lat' dir='ltr'><strong>¹collectus.</strong></span> <span class='ocrx_word' id='word_1_210' title='bbox 1400 2245 1415 2291; x_wconf 80' lang='lat' dir='ltr'><strong>l</strong></span> 
     </span>
     <span class='ocr_line' id='line_1_24' title="bbox 213 2328 1373 2487; baseline 0 -90"><span class='ocrx_word' id='word_1_211' title='bbox 213 2341 400 2417; x_wconf 88' lang='lat' dir='ltr'><strong>conspectu</strong></span> <span class='ocrx_word' id='word_1_212' title='bbox 417 2329 545 2397; x_wconf 90' lang='lat' dir='ltr'><strong>aeterni</strong></span> <span class='ocrx_word' id='word_1_213' title='bbox 567 2328 654 2399; x_wconf 91' lang='lat' dir='ltr'><strong>Solis</strong></span> <span class='ocrx_word' id='word_1_214' title='bbox 670 2329 807 2487; x_wconf 77' lang='lat' dir='ltr'><strong>plenius</strong></span> <span class='ocrx_word' id='word_1_215' title='bbox 823 2329 983 2398; x_wconf 84' lang='lat' dir='ltr'><strong>eluceret.</strong></span> <span class='ocrx_word' id='word_1_216' title='bbox 1049 2363 1054 2374; x_wconf 95' lang='lat'>·</span> <span class='ocrx_word' id='word_1_217' title='bbox 1369 2409 1373 2418; x_wconf 29' lang='grc' dir='ltr'>Ι</span> 
     </span>
    </p>

    <p class='ocr_par' dir='ltr' id='par_1_3' title="bbox 161 2416 1421 4375">
     <span class='ocr_line' id='line_1_25' title="bbox 254 2416 1418 2574; baseline -0.016 -84"><span class='ocrx_word' id='word_1_218' title='bbox 254 2419 274 2574; x_wconf 60' lang='grc' dir='ltr'>Ξ</span> <span class='ocrx_word' id='word_1_219' title='bbox 299 2424 345 2490; x_wconf 80' lang='grc'><strong>6.</strong></span> <span class='ocrx_word' id='word_1_220' title='bbox 375 2417 468 2486; x_wconf 89' lang='lat' dir='ltr'><strong>Libet</strong></span> <span class='ocrx_word' id='word_1_221' title='bbox 485 2430 611 2498; x_wconf 88' lang='lat' dir='ltr'><strong>autem,</strong></span> <span class='ocrx_word' id='word_1_222' title='bbox 635 2417 668 2486; x_wconf 94' lang='lat' dir='ltr'><strong>di</strong></span> <span class='ocrx_word' id='word_1_223' title='bbox 685 2417 862 2500; x_wconf 89' lang='lat' dir='ltr'><strong>ectissimi,</strong></span> <span class='ocrx_word' id='word_1_224' title='bbox 883 2417 1042 2505; x_wconf 91' lang='lat' dir='ltr'><strong>pulcrum</strong></span> <span class='ocrx_word' id='word_1_225' title='bbox 1064 2417 1203 2486; x_wconf 88' lang='lat' dir='ltr'><strong>divinae</strong></span> <span class='ocrx_word' id='word_1_226' title='bbox 1218 2416 1418 2505; x_wconf 74' lang='lat' dir='ltr'><strong>dispensantis</strong></span> 
     </span>
     <span class='ocr_line' id='line_1_26' title="bbox 214 2502 1418 2596; baseline -0.014 -20"><span class='ocrx_word' id='word_1_227' title='bbox 214 2527 253 2576; x_wconf 93' lang='lat' dir='ltr'><strong>or</strong></span> <span class='ocrx_word' id='word_1_228' title='bbox 278 2507 368 2575; x_wconf 88' lang='lat' dir='ltr'><strong>inem</strong></span> <span class='ocrx_word' id='word_1_229' title='bbox 391 2505 543 2575; x_wconf 89' lang='lat' dir='ltr'><strong>studiose</strong></span> <span class='ocrx_word' id='word_1_230' title='bbox 559 2505 780 2596; x_wconf 86' lang='lat' dir='ltr'><strong>perpendere,</strong></span> <span class='ocrx_word' id='word_1_231' title='bbox 804 2505 959 2576; x_wconf 84' lang='lat' dir='ltr'><strong>videlicet</strong></span> <span class='ocrx_word' id='word_1_232' title='bbox 982 2504 1129 2592; x_wconf 87' lang='lat' dir='ltr'><strong>qualiter</strong></span> <span class='ocrx_word' id='word_1_233' title='bbox 1157 2506 1353 2596; x_wconf 86' lang='lat' dir='ltr'><strong>omnipotens</strong></span> <span class='ocrx_word' id='word_1_234' title='bbox 1368 2502 1418 2564; x_wconf 76' lang='lat' dir='ltr'><strong>laus</strong></span> 
     </span>
     <span class='ocr_line' id='line_1_27' title="bbox 213 2577 1418 2686; baseline -0.015 -23"><span class='ocrx_word' id='word_1_235' title='bbox 213 2594 254 2664; x_wconf 91' lang='lat' dir='ltr'><strong>ad</strong></span> <span class='ocrx_word' id='word_1_236' title='bbox 280 2594 546 2664; x_wconf 87' lang='lat' dir='ltr'><strong>illuminandam</strong></span> <span class='ocrx_word' id='word_1_237' title='bbox 571 2607 704 2664; x_wconf 89' lang='lat' dir='ltr'><strong>noctem</strong></span> <span class='ocrx_word' id='word_1_238' title='bbox 736 2595 824 2664; x_wconf 88' lang='lat' dir='ltr'><strong>vitae</strong></span> <span class='ocrx_word' id='word_1_239' title='bbox 855 2596 1062 2686; x_wconf 85' lang='lat' dir='ltr'><strong>praesentis,</strong></span> <span class='ocrx_word' id='word_1_240' title='bbox 1090 2593 1206 2666; x_wconf 90' lang='lat' dir='ltr'><strong>stellas</strong></span> <span class='ocrx_word' id='word_1_241' title='bbox 1234 2616 1309 2664; x_wconf 92' lang='lat' dir='ltr'><strong>snas</strong></span> <span class='ocrx_word' id='word_1_242' title='bbox 1328 2593 1354 2659; x_wconf 93' lang='lat' dir='ltr'><strong>in</strong></span> <span class='ocrx_word' id='word_1_243' title='bbox 1370 2577 1418 2684; x_wconf 77' lang='lat' dir='ltr'><strong>recl</strong></span> 
     </span>
     <span class='ocr_line' id='line_1_28' title="bbox 214 2671 1419 2776; baseline -0.014 -24"><span class='ocrx_word' id='word_1_244' title='bbox 214 2684 334 2754; x_wconf 84' lang='lat' dir='ltr'><strong>faciem</strong></span> <span class='ocrx_word' id='word_1_245' title='bbox 355 2685 498 2764; x_wconf 85' lang='lat' dir='ltr'><strong>mittere,</strong></span> <span class='ocrx_word' id='word_1_246' title='bbox 522 2695 554 2751; x_wconf 90' lang='lat' dir='ltr'><strong>et</strong></span> <span class='ocrx_word' id='word_1_247' title='bbox 580 2704 641 2771; x_wconf 92' lang='lat' dir='ltr'><strong>per</strong></span> <span class='ocrx_word' id='word_1_248' title='bbox 667 2705 724 2752; x_wconf 88' lang='lat' dir='ltr'><strong>eas</strong></span> <span class='ocrx_word' id='word_1_249' title='bbox 742 2684 846 2753; x_wconf 92' lang='lat' dir='ltr'><strong>totius</strong></span> <span class='ocrx_word' id='word_1_250' title='bbox 871 2683 992 2752; x_wconf 93' lang='lat' dir='ltr'><strong>mundi</strong></span> <span class='ocrx_word' id='word_1_251' title='bbox 1013 2683 1178 2752; x_wconf 88' lang='lat' dir='ltr'><strong>decernat</strong></span> <span class='ocrx_word' id='word_1_252' title='bbox 1200 2683 1363 2776; x_wconf 84' lang='lat' dir='ltr'><strong>caliginem¹</strong></span> <span class='ocrx_word' id='word_1_253' title='bbox 1377 2671 1419 2740; x_wconf 88' lang='lat' dir='ltr'><strong>llu-</strong></span> 
     </span>
     <span class='ocr_line' id='line_1_29' title="bbox 215 2771 1418 2862; baseline -0.012 -19"><span class='ocrx_word' id='word_1_254' title='bbox 215 2785 321 2843; x_wconf 89' lang='lat' dir='ltr'><strong>strare</strong></span> <span class='ocrx_word' id='word_1_255' title='bbox 338 2797 344 2837; x_wconf 75' lang='grc' dir='ltr'><strong>ι</strong></span> <span class='ocrx_word' id='word_1_256' title='bbox 364 2784 402 2840; x_wconf 92' lang='lat' dir='ltr'><strong>ut</strong></span> <span class='ocrx_word' id='word_1_257' title='bbox 417 2773 501 2843; x_wconf 93' lang='lat' dir='ltr'><strong>dum</strong></span> <span class='ocrx_word' id='word_1_258' title='bbox 524 2771 690 2862; x_wconf 87' lang='lat' dir='ltr'><strong>fulgentia</strong></span> <span class='ocrx_word' id='word_1_259' title='bbox 708 2783 799 2841; x_wconf 89' lang='lat' dir='ltr'><strong>astra</strong></span> <span class='ocrx_word' id='word_1_260' title='bbox 813 2772 947 2842; x_wconf 88' lang='lat' dir='ltr'><strong>radiare</strong></span> <span class='ocrx_word' id='word_1_261' title='bbox 964 2793 1025 2862; x_wconf 91' lang='grc' dir='ltr'><strong>ρετ</strong></span> <span class='ocrx_word' id='word_1_262' title='bbox 1038 2771 1125 2842; x_wconf 90' lang='lat' dir='ltr'><strong>coeli</strong></span> <span class='ocrx_word' id='word_1_263' title='bbox 1140 2772 1278 2842; x_wconf 90' lang='lat' dir='ltr'><strong>climata</strong></span> <span class='ocrx_word' id='word_1_264' title='bbox 1292 2777 1418 2856; x_wconf 75' lang='lat' dir='ltr'><strong>cominu.</strong></span> 
     </span>
     <span class='ocr_line' id='line_1_30' title="bbox 214 2859 1420 2950; baseline -0.013 -20"><span class='ocrx_word' id='word_1_265' title='bbox 214 2862 381 2930; x_wconf 83' lang='lat' dir='ltr'><strong>inoffenso</strong></span> <span class='ocrx_word' id='word_1_266' title='bbox 407 2862 491 2950; x_wconf 88' lang='lat' dir='ltr'><strong>pede</strong></span> <span class='ocrx_word' id='word_1_267' title='bbox 514 2861 627 2949; x_wconf 89' lang='lat' dir='ltr'><strong>operis</strong></span> <span class='ocrx_word' id='word_1_268' title='bbox 651 2861 715 2931; x_wconf 89' lang='lat' dir='ltr'><strong>iter</strong></span> <span class='ocrx_word' id='word_1_269' title='bbox 732 2873 868 2932; x_wconf 87' lang='lat' dir='ltr'><strong>nostrae</strong></span> <span class='ocrx_word' id='word_1_270' title='bbox 895 2862 1005 2931; x_wconf 89' lang='lat' dir='ltr'><strong>noctis</strong></span> <span class='ocrx_word' id='word_1_271' title='bbox 1025 2859 1257 2931; x_wconf 88' lang='lat' dir='ltr'><strong>ambulemus.</strong></span> <span class='ocrx_word' id='word_1_272' title='bbox 1276 2861 1352 2930; x_wconf 88' lang='lat' dir='ltr'><strong>Sicut</strong></span> <span class='ocrx_word' id='word_1_273' title='bbox 1368 2863 1420 2920; x_wconf 79' lang='lat' dir='ltr'><strong>enin</strong></span> 
     </span>
     <span class='ocr_line' id='line_1_31' title="bbox 161 2939 1420 3039; baseline 0.004 -21"><span class='ocrx_word' id='word_1_274' title='bbox 161 3030 164 3036; x_wconf 21' lang='lat'>¹</span> <span class='ocrx_word' id='word_1_275' title='bbox 214 2950 405 3018; x_wconf 90' lang='lat' dir='ltr'><strong>matutinus</strong></span> <span class='ocrx_word' id='word_1_276' title='bbox 437 2949 583 3031; x_wconf 88' lang='lat' dir='ltr'><strong>lucifer,</strong></span> <span class='ocrx_word' id='word_1_277' title='bbox 611 2951 716 3020; x_wconf 91' lang='lat' dir='ltr'><strong>solem</strong></span> <span class='ocrx_word' id='word_1_278' title='bbox 749 2949 981 3039; x_wconf 86' lang='lat' dir='ltr'><strong>praecedens,</strong></span> <span class='ocrx_word' id='word_1_279' title='bbox 1009 2951 1053 3020; x_wconf 89' lang='lat' dir='ltr'><strong>ab</strong></span> <span class='ocrx_word' id='word_1_280' title='bbox 1080 2950 1240 3020; x_wconf 88' lang='lat' dir='ltr'><strong>orientali</strong></span> <span class='ocrx_word' id='word_1_281' title='bbox 1264 2949 1345 3039; x_wconf 90' lang='lat' dir='ltr'><strong>prius</strong></span> <span class='ocrx_word' id='word_1_282' title='bbox 1363 2939 1420 3033; x_wconf 65' lang='lat' dir='ltr'><strong>pltat</strong></span> 
     </span>
     <span class='ocr_line' id='line_1_32' title="bbox 214 3034 1419 3132; baseline -0.003 -26"><span class='ocrx_word' id='word_1_283' title='bbox 214 3037 412 3126; x_wconf 86' lang='lat' dir='ltr'><strong>consurgit,</strong></span> <span class='ocrx_word' id='word_1_284' title='bbox 440 3039 564 3108; x_wconf 90' lang='lat' dir='ltr'><strong>deinde</strong></span> <span class='ocrx_word' id='word_1_285' title='bbox 593 3037 775 3108; x_wconf 88' lang='lat' dir='ltr'><strong>meridiani</strong></span> <span class='ocrx_word' id='word_1_286' title='bbox 804 3039 953 3108; x_wconf 86' lang='lat' dir='ltr'><strong>climatis</strong></span> <span class='ocrx_word' id='word_1_287' title='bbox 983 3040 1162 3129; x_wconf 87' lang='lat' dir='ltr'><strong>superiora</strong></span> <span class='ocrx_word' id='word_1_288' title='bbox 1192 3034 1379 3132; x_wconf 75' lang='lat' dir='ltr'><strong>conscendit.</strong></span> <span class='ocrx_word' id='word_1_289' title='bbox 1398 3036 1419 3090; x_wconf 80' lang='lat' dir='ltr'><strong>rt</strong></span> 
     </span>
     <span class='ocr_line' id='line_1_33' title="bbox 214 3127 1419 3218; baseline -0.003 -22"><span class='ocrx_word' id='word_1_290' title='bbox 214 3139 403 3196; x_wconf 88' lang='lat' dir='ltr'><strong>extremum</strong></span> <span class='ocrx_word' id='word_1_291' title='bbox 425 3148 562 3217; x_wconf 90' lang='lat' dir='ltr'><strong>quoque</strong></span> <span class='ocrx_word' id='word_1_292' title='bbox 580 3149 708 3216; x_wconf 93' lang='lat' dir='ltr'><strong>pronus</strong></span> <span class='ocrx_word' id='word_1_293' title='bbox 728 3129 762 3196; x_wconf 94' lang='lat' dir='ltr'><strong>in</strong></span> <span class='ocrx_word' id='word_1_294' title='bbox 781 3127 966 3198; x_wconf 89' lang='lat' dir='ltr'><strong>occiduum</strong></span> <span class='ocrx_word' id='word_1_295' title='bbox 984 3149 1079 3197; x_wconf 89' lang='lat' dir='ltr'><strong>axem</strong></span> <span class='ocrx_word' id='word_1_296' title='bbox 1100 3129 1221 3218; x_wconf 83' lang='lat' dir='ltr'><strong>vergit,</strong></span> <span class='ocrx_word' id='word_1_297' title='bbox 1241 3129 1288 3200; x_wconf 89' lang='lat' dir='ltr'><strong>sic</strong></span> <span class='ocrx_word' id='word_1_298' title='bbox 1302 3127 1419 3208; x_wconf 74' lang='lat' dir='ltr'><strong>nimirum·</strong></span> 
     </span>
     <span class='ocr_line' id='line_1_34' title="bbox 215 3204 1421 3296; baseline -0.011 -10"><span class='ocrx_word' id='word_1_299' title='bbox 215 3216 264 3286; x_wconf 89' lang='lat' dir='ltr'><strong>sic</strong></span> <span class='ocrx_word' id='word_1_300' title='bbox 280 3214 501 3287; x_wconf 88' lang='lat' dir='ltr'><strong>beatissimus</strong></span> <span class='ocrx_word' id='word_1_301' title='bbox 519 3217 697 3287; x_wconf 88' lang='lat' dir='ltr'><strong>Confessor</strong></span> <span class='ocrx_word' id='word_1_302' title='bbox 713 3216 836 3286; x_wconf 80' lang='lat' dir='ltr'><strong>Christi</strong></span> <span class='ocrx_word' id='word_1_303' title='bbox 861 3216 1098 3296; x_wconf 89' lang='lat' dir='ltr'><strong>Barbatianus,</strong></span> <span class='ocrx_word' id='word_1_304' title='bbox 1118 3217 1160 3286; x_wconf 89' lang='lat' dir='ltr'><strong>de</strong></span> <span class='ocrx_word' id='word_1_305' title='bbox 1176 3204 1421 3287; x_wconf 79' lang='lat' dir='ltr'><strong>Antiochensiu-</strong></span> 
     </span>
     <span class='ocr_line' id='line_1_35' title="bbox 214 3289 1419 3395; baseline -0.001 -21"><span class='ocrx_word' id='word_1_306' title='bbox 214 3306 292 3386; x_wconf 88' lang='lat' dir='ltr'><strong>bus,</strong></span> <span class='ocrx_word' id='word_1_307' title='bbox 311 3302 404 3372; x_wconf 92' lang='lat' dir='ltr'><strong>unde</strong></span> <span class='ocrx_word' id='word_1_308' title='bbox 423 3303 593 3376; x_wconf 92' lang='lat' dir='ltr'><strong>oriundus</strong></span> <span class='ocrx_word' id='word_1_309' title='bbox 618 3304 738 3387; x_wconf 79' lang='lat' dir='ltr'><strong>luerat,</strong></span> <span class='ocrx_word' id='word_1_310' title='bbox 770 3305 861 3386; x_wconf 90' lang='lat' dir='ltr'><strong>exiit,</strong></span> <span class='ocrx_word' id='word_1_311' title='bbox 888 3317 919 3374; x_wconf 88' lang='lat' dir='ltr'><strong>et</strong></span> <span class='ocrx_word' id='word_1_312' title='bbox 938 3310 1081 3375; x_wconf 82' lang='lat' dir='ltr'><strong>Romam</strong></span> <span class='ocrx_word' id='word_1_313' title='bbox 1110 3307 1339 3395; x_wconf 82' lang='lat' dir='ltr'><strong>pertransiens,</strong></span> <span class='ocrx_word' id='word_1_314' title='bbox 1359 3289 1419 3366; x_wconf 68' lang='lat' dir='ltr'><strong>null</strong></span> 
     </span>
     <span class='ocr_line' id='line_1_36' title="bbox 214 3393 1421 3485; baseline -0.003 -23"><span class='ocrx_word' id='word_1_315' title='bbox 214 3415 288 3462; x_wconf 90' lang='lat' dir='ltr'><strong>eam</strong></span> <span class='ocrx_word' id='word_1_316' title='bbox 308 3393 555 3464; x_wconf 85' lang='lat' dir='ltr'><strong>miraculorum</strong></span> <span class='ocrx_word' id='word_1_317' title='bbox 578 3393 654 3463; x_wconf 89' lang='lat' dir='ltr'><strong>luce</strong></span> <span class='ocrx_word' id='word_1_318' title='bbox 680 3393 841 3485; x_wconf 88' lang='lat' dir='ltr'><strong>perfudit.</strong></span> <span class='ocrx_word' id='word_1_319' title='bbox 869 3398 1043 3464; x_wconf 86' lang='lat' dir='ltr'><strong>Postremo</strong></span> <span class='ocrx_word' id='word_1_320' title='bbox 1063 3399 1260 3464; x_wconf 86' lang='lat' dir='ltr'><strong>Ravennam</strong></span> <span class='ocrx_word' id='word_1_321' title='bbox 1278 3409 1364 3482; x_wconf 83' lang='lat' dir='ltr'><strong>usque</strong></span> <span class='ocrx_word' id='word_1_322' title='bbox 1380 3397 1421 3471; x_wconf 69' lang='lat' dir='ltr'><strong>att·</strong></span> 
     </span>
     <span class='ocr_line' id='line_1_37' title="bbox 215 3482 1421 3584; baseline -0.001 -35"><span class='ocrx_word' id='word_1_323' title='bbox 215 3483 368 3564; x_wconf 82' lang='lat' dir='ltr'><strong>veniens,</strong></span> <span class='ocrx_word' id='word_1_324' title='bbox 389 3482 573 3560; x_wconf 82' lang='lat' dir='ltr'><strong>Christum,</strong></span> <span class='ocrx_word' id='word_1_325' title='bbox 593 3485 654 3570; x_wconf 88' lang='lat' dir='ltr'><strong>qui</strong></span> <span class='ocrx_word' id='word_1_326' title='bbox 673 3495 723 3554; x_wconf 87' lang='lat' dir='ltr'><strong>est</strong></span> <span class='ocrx_word' id='word_1_327' title='bbox 748 3482 797 3552; x_wconf 90' lang='lat' dir='ltr'><strong>sol</strong></span> <span class='ocrx_word' id='word_1_328' title='bbox 813 3483 979 3584; x_wconf 84' lang='lat' dir='ltr'><strong>justitiae,</strong></span> <span class='ocrx_word' id='word_1_329' title='bbox 1000 3482 1162 3573; x_wconf 92' lang='lat' dir='ltr'><strong>plurimis</strong></span> <span class='ocrx_word' id='word_1_330' title='bbox 1187 3483 1349 3554; x_wconf 90' lang='lat' dir='ltr'><strong>hominum</strong></span> <span class='ocrx_word' id='word_1_331' title='bbox 1368 3487 1421 3574; x_wconf 62' lang='lat' dir='ltr'><strong>nel·</strong></span> 
     </span>
     <span class='ocr_line' id='line_1_38' title="bbox 216 3567 1414 3662; baseline -0.011 -24"><span class='ocrx_word' id='word_1_332' title='bbox 216 3571 306 3642; x_wconf 91' lang='lat' dir='ltr'><strong>tibus</strong></span> <span class='ocrx_word' id='word_1_333' title='bbox 330 3571 531 3641; x_wconf 87' lang='lat' dir='ltr'><strong>introduxit.</strong></span> <span class='ocrx_word' id='word_1_334' title='bbox 557 3572 754 3642; x_wconf 72' lang='lat' dir='ltr'><strong>Antiochiae</strong></span> <span class='ocrx_word' id='word_1_335' title='bbox 779 3572 910 3642; x_wconf 85' lang='lat' dir='ltr'><strong>scilicet</strong></span> <span class='ocrx_word' id='word_1_336' title='bbox 938 3571 1120 3662; x_wconf 89' lang='lat' dir='ltr'><strong>splendore</strong></span> <span class='ocrx_word' id='word_1_337' title='bbox 1140 3574 1197 3641; x_wconf 91' lang='lat' dir='ltr'><strong>sui</strong></span> <span class='ocrx_word' id='word_1_338' title='bbox 1217 3585 1308 3642; x_wconf 89' lang='lat' dir='ltr'><strong>ortos</strong></span> <span class='ocrx_word' id='word_1_339' title='bbox 1324 3567 1414 3638; x_wconf 84' lang='lat' dir='ltr'><strong>enicut</strong></span> 
     </span>
     <span class='ocr_line' id='line_1_39' title="bbox 214 3660 1420 3816; baseline -0.004 -88"><span class='ocrx_word' id='word_1_340' title='bbox 214 3664 342 3729; x_wconf 86' lang='lat' dir='ltr'><strong>Romae</strong></span> <span class='ocrx_word' id='word_1_341' title='bbox 359 3660 529 3816; x_wconf 76' lang='lat' dir='ltr'><strong>plurimos</strong></span> <span class='ocrx_word' id='word_1_342' title='bbox 550 3660 728 3750; x_wconf 88' lang='lat' dir='ltr'><strong>signorum</strong></span> <span class='ocrx_word' id='word_1_343' title='bbox 750 3660 924 3752; x_wconf 87' lang='lat' dir='ltr'><strong>igniculos</strong></span> <span class='ocrx_word' id='word_1_344' title='bbox 948 3661 1085 3760; x_wconf 88' lang='lat' dir='ltr'><strong>sparsit,</strong></span> <span class='ocrx_word' id='word_1_345' title='bbox 1108 3661 1229 3730; x_wconf 90' lang='lat' dir='ltr'><strong>urbem</strong></span> <span class='ocrx_word' id='word_1_346' title='bbox 1252 3681 1322 3730; x_wconf 91' lang='lat' dir='ltr'><strong>vero</strong></span> <span class='ocrx_word' id='word_1_347' title='bbox 1341 3661 1420 3743; x_wconf 63' lang='lat' dir='ltr'><strong>latit·</strong></span> 
     </span>
     <span class='ocr_line' id='line_1_40' title="bbox 215 3747 1420 3828; baseline -0.012 -11"><span class='ocrx_word' id='word_1_348' title='bbox 215 3771 295 3818; x_wconf 88' lang='lat' dir='ltr'><strong>nam</strong></span> <span class='ocrx_word' id='word_1_349' title='bbox 317 3771 356 3818; x_wconf 87' lang='lat' dir='ltr'><strong>ve</strong></span> <span class='ocrx_word' id='word_1_350' title='bbox 372 3762 410 3819; x_wconf 92' lang='lat' dir='ltr'><strong>ut</strong></span> <span class='ocrx_word' id='word_1_351' title='bbox 441 3770 567 3819; x_wconf 88' lang='lat' dir='ltr'><strong>occasu</strong></span> <span class='ocrx_word' id='word_1_352' title='bbox 594 3749 820 3820; x_wconf 88' lang='lat' dir='ltr'><strong>sacratissimi</strong></span> <span class='ocrx_word' id='word_1_353' title='bbox 844 3750 898 3820; x_wconf 88' lang='lat' dir='ltr'><strong>sui</strong></span> <span class='ocrx_word' id='word_1_354' title='bbox 922 3750 1037 3820; x_wconf 84' lang='lat' dir='ltr'><strong>obitus</strong></span> <span class='ocrx_word' id='word_1_355' title='bbox 1061 3748 1255 3820; x_wconf 88' lang='lat' dir='ltr'><strong>illustravit.</strong></span> <span class='ocrx_word' id='word_1_356' title='bbox 1283 3754 1323 3818; x_wconf 85' lang='lat' dir='ltr'><strong>lta</strong></span> <span class='ocrx_word' id='word_1_357' title='bbox 1343 3747 1420 3828; x_wconf 78' lang='lat' dir='ltr'><strong>nent·</strong></span> 
     </span>
     <span class='ocr_line' id='line_1_41' title="bbox 216 3835 1421 3928; baseline -0.009 -20"><span class='ocrx_word' id='word_1_358' title='bbox 216 3838 439 3908; x_wconf 86' lang='lat' dir='ltr'><strong>sacratissimi</strong></span> <span class='ocrx_word' id='word_1_359' title='bbox 456 3837 561 3926; x_wconf 91' lang='lat' dir='ltr'><strong>hujus</strong></span> <span class='ocrx_word' id='word_1_360' title='bbox 576 3837 652 3920; x_wconf 91' lang='lat' dir='ltr'><strong>viri,</strong></span> <span class='ocrx_word' id='word_1_361' title='bbox 674 3837 764 3908; x_wconf 89' lang='lat' dir='ltr'><strong>velut</strong></span> <span class='ocrx_word' id='word_1_362' title='bbox 781 3839 857 3907; x_wconf 88' lang='lat' dir='ltr'><strong>novi</strong></span> <span class='ocrx_word' id='word_1_363' title='bbox 875 3838 1057 3928; x_wconf 91' lang='lat' dir='ltr'><strong>splendore</strong></span> <span class='ocrx_word' id='word_1_364' title='bbox 1074 3839 1221 3919; x_wconf 84' lang='lat' dir='ltr'><strong>luciferi,</strong></span> <span class='ocrx_word' id='word_1_365' title='bbox 1238 3841 1271 3907; x_wconf 96' lang='lat' dir='ltr'><strong>in</strong></span> <span class='ocrx_word' id='word_1_366' title='bbox 1291 3835 1421 3906; x_wconf 79' lang='lat' dir='ltr'><strong>tritussu</strong></span> 
     </span>
     <span class='ocr_line' id='line_1_42' title="bbox 217 3906 1420 4017; baseline -0.006 -21"><span class='ocrx_word' id='word_1_367' title='bbox 217 3927 414 4017; x_wconf 89' lang='lat' dir='ltr'><strong>praecipuis</strong></span> <span class='ocrx_word' id='word_1_368' title='bbox 440 3927 639 4016; x_wconf 89' lang='lat' dir='ltr'><strong>regionibus</strong></span> <span class='ocrx_word' id='word_1_369' title='bbox 665 3939 755 3996; x_wconf 89' lang='lat' dir='ltr'><strong>totus</strong></span> <span class='ocrx_word' id='word_1_370' title='bbox 780 3927 896 3998; x_wconf 90' lang='lat' dir='ltr'><strong>rutilat</strong></span> <span class='ocrx_word' id='word_1_371' title='bbox 915 3925 1081 4008; x_wconf 88' lang='lat' dir='ltr'><strong>mundus,</strong></span> <span class='ocrx_word' id='word_1_372' title='bbox 1108 3927 1193 3997; x_wconf 92' lang='lat' dir='ltr'><strong>dum</strong></span> <span class='ocrx_word' id='word_1_373' title='bbox 1216 3929 1249 3996; x_wconf 94' lang='lat' dir='ltr'><strong>in</strong></span> <span class='ocrx_word' id='word_1_374' title='bbox 1275 3927 1330 3995; x_wconf 89' lang='lat' dir='ltr'><strong>alia</strong></span> <span class='ocrx_word' id='word_1_375' title='bbox 1350 3906 1420 3989; x_wconf 76' lang='lat' dir='ltr'><strong>null</strong></span> 
     </span>
     <span class='ocr_line' id='line_1_43' title="bbox 215 4015 1419 4104; baseline -0.01 -20"><span class='ocrx_word' id='word_1_376' title='bbox 215 4017 317 4104; x_wconf 81' lang='lat' dir='ltr'><strong>plaga</strong></span> <span class='ocrx_word' id='word_1_377' title='bbox 336 4016 412 4103; x_wconf 88' lang='lat' dir='ltr'><strong>ejus</strong></span> <span class='ocrx_word' id='word_1_378' title='bbox 429 4017 582 4086; x_wconf 89' lang='lat' dir='ltr'><strong>cernitur</strong></span> <span class='ocrx_word' id='word_1_379' title='bbox 601 4028 707 4097; x_wconf 87' lang='lat' dir='ltr'><strong>ortus,</strong></span> <span class='ocrx_word' id='word_1_380' title='bbox 727 4017 761 4084; x_wconf 95' lang='lat' dir='ltr'><strong>in</strong></span> <span class='ocrx_word' id='word_1_381' title='bbox 787 4016 854 4085; x_wconf 89' lang='lat' dir='ltr'><strong>alia</strong></span> <span class='ocrx_word' id='word_1_382' title='bbox 873 4015 1130 4103; x_wconf 82' lang='lat' dir='ltr'><strong>quodammodo</strong></span> <span class='ocrx_word' id='word_1_383' title='bbox 1152 4017 1284 4086; x_wconf 89' lang='lat' dir='ltr'><strong>ridetur</strong></span> <span class='ocrx_word' id='word_1_384' title='bbox 1305 4019 1419 4098; x_wconf 25' lang='lat' dir='ltr'><strong>ascensuro</strong></span> 
     </span>
     <span class='ocr_line' id='line_1_44' title="bbox 216 4099 1421 4194; baseline -0.011 -25"><span class='ocrx_word' id='word_1_385' title='bbox 216 4105 250 4170; x_wconf 92' lang='lat' dir='ltr'><strong>in</strong></span> <span class='ocrx_word' id='word_1_386' title='bbox 269 4105 366 4173; x_wconf 90' lang='lat' dir='ltr'><strong>tertia</strong></span> <span class='ocrx_word' id='word_1_387' title='bbox 382 4103 576 4175; x_wconf 90' lang='lat' dir='ltr'><strong>celebratur</strong></span> <span class='ocrx_word' id='word_1_388' title='bbox 597 4125 753 4178; x_wconf 87' lang='lat' dir='ltr'><strong>occasus.</strong></span> <span class='ocrx_word' id='word_1_389' title='bbox 782 4109 831 4186; x_wconf 82' lang='lat' dir='ltr'><strong>Et,</strong></span> <span class='ocrx_word' id='word_1_390' title='bbox 861 4105 950 4175; x_wconf 90' lang='lat' dir='ltr'><strong>sicut</strong></span> <span class='ocrx_word' id='word_1_391' title='bbox 966 4103 1008 4174; x_wconf 90' lang='lat' dir='ltr'><strong>de</strong></span> <span class='ocrx_word' id='word_1_392' title='bbox 1031 4107 1254 4194; x_wconf 88' lang='lat' dir='ltr'><strong>compatriota</strong></span> <span class='ocrx_word' id='word_1_393' title='bbox 1269 4103 1333 4192; x_wconf 90' lang='lat' dir='ltr'><strong>ejus</strong></span> <span class='ocrx_word' id='word_1_394' title='bbox 1347 4099 1421 4184; x_wconf 67' lang='lat' dir='ltr'><strong>natis·</strong></span> 
     </span>
     <span class='ocr_line' id='line_1_45' title="bbox 216 4182 1421 4284; baseline -0.01 -28"><span class='ocrx_word' id='word_1_395' title='bbox 216 4190 303 4260; x_wconf 93' lang='lat' dir='ltr'><strong>simo</strong></span> <span class='ocrx_word' id='word_1_396' title='bbox 326 4193 519 4282; x_wconf 75' lang='lat' dir='ltr'><strong>Apollinare</strong></span> <span class='ocrx_word' id='word_1_397' title='bbox 533 4192 551 4228; x_wconf 72' lang='lat'><strong>¹*</strong></span> <span class='ocrx_word' id='word_1_398' title='bbox 569 4193 605 4261; x_wconf 96' lang='lat' dir='ltr'><strong>in</strong></span> <span class='ocrx_word' id='word_1_399' title='bbox 622 4195 691 4262; x_wconf 91' lang='lat' dir='ltr'><strong>alio</strong></span> <span class='ocrx_word' id='word_1_400' title='bbox 706 4215 865 4264; x_wconf 87' lang='lat' dir='ltr'><strong>sermone</strong></span> <span class='ocrx_word' id='word_1_401' title='bbox 883 4194 955 4284; x_wconf 91' lang='lat' dir='ltr'><strong>jam</strong></span> <span class='ocrx_word' id='word_1_402' title='bbox 972 4193 1135 4275; x_wconf 87' lang='lat' dir='ltr'><strong>diximus,</strong></span> <span class='ocrx_word' id='word_1_403' title='bbox 1163 4217 1266 4282; x_wconf 89' lang='lat' dir='ltr'><strong>quam</strong></span> <span class='ocrx_word' id='word_1_404' title='bbox 1291 4200 1358 4284; x_wconf 81' lang='lat' dir='ltr'><strong>recte</strong></span> <span class='ocrx_word' id='word_1_405' title='bbox 1375 4182 1421 4270; x_wconf 78' lang='lat' dir='ltr'><strong>lut</strong></span> 
     </span>
     <span class='ocr_line' id='line_1_46' title="bbox 218 4273 1419 4375; baseline -0.002 -36"><span class='ocrx_word' id='word_1_406' title='bbox 218 4273 349 4346; x_wconf 85' lang='lat' dir='ltr'><strong>luciferi</strong></span> <span class='ocrx_word' id='word_1_407' title='bbox 369 4301 492 4350; x_wconf 92' lang='lat' dir='ltr'><strong>nomeu</strong></span> <span class='ocrx_word' id='word_1_408' title='bbox 517 4283 688 4371; x_wconf 85' lang='lat' dir='ltr'><strong>congruit,</strong></span> <span class='ocrx_word' id='word_1_409' title='bbox 715 4283 775 4370; x_wconf 91' lang='lat' dir='ltr'><strong>qui</strong></span> <span class='ocrx_word' id='word_1_410' title='bbox 800 4287 943 4352; x_wconf 86' lang='lat' dir='ltr'><strong>Romam</strong></span> <span class='ocrx_word' id='word_1_411' title='bbox 969 4283 1160 4373; x_wconf 87' lang='lat' dir='ltr'><strong>ingressus,</strong></span> <span class='ocrx_word' id='word_1_412' title='bbox 1181 4279 1419 4375; x_wconf 77' lang='lat' dir='ltr'><strong>primumcum</strong></span> 
     </span>
    </p>
   </div>
   <div class='ocr_carea' id='block_1_3' title="bbox 242 4397 1010 4459">
    <p class='ocr_par' dir='ltr' id='par_1_4' title="bbox 242 4397 1010 4459">
     <span class='ocr_line' id='line_1_47' title="bbox 242 4397 1010 4459; baseline 0.01 -18"><span class='ocrx_word' id='word_1_413' title='bbox 242 4397 255 4421; x_wconf 64' lang='lat'><strong>⁸*</strong></span> <span class='ocrx_word' id='word_1_414' title='bbox 270 4399 292 4437; x_wconf 79' lang='lat' dir='ltr'><strong>S.</strong></span> <span class='ocrx_word' id='word_1_415' title='bbox 301 4402 443 4449; x_wconf 73' lang='lat' dir='ltr'><strong>Apollinarta</strong></span> <span class='ocrx_word' id='word_1_416' title='bbox 452 4407 519 4448; x_wconf 71' lang='lat' dir='ltr'><strong>Harl.</strong></span> <span class='ocrx_word' id='word_1_417' title='bbox 532 4405 586 4447; x_wconf 75' lang='lat' dir='ltr'><strong>vit·</strong></span> <span class='ocrx_word' id='word_1_418' title='bbox 594 4407 695 4448; x_wconf 74' lang='lat' dir='ltr'><strong>habetur</strong></span> <span class='ocrx_word' id='word_1_419' title='bbox 704 4409 730 4448; x_wconf 84' lang='lat' dir='ltr'><strong>tn</strong></span> <span class='ocrx_word' id='word_1_420' title='bbox 740 4409 789 4450; x_wconf 87' lang='lat' dir='ltr'><strong>Vol.</strong></span> <span class='ocrx_word' id='word_1_421' title='bbox 799 4419 837 4456; x_wconf 86' lang='lat' dir='ltr'><strong>vu,</strong></span> <span class='ocrx_word' id='word_1_422' title='bbox 847 4418 898 4459; x_wconf 73' lang='lat' dir='ltr'><strong>pag.</strong></span> <span class='ocrx_word' id='word_1_423' title='bbox 910 4409 956 4456; x_wconf 74' lang='lat'><strong>405,</strong></span> <span class='ocrx_word' id='word_1_424' title='bbox 965 4409 1010 4449; x_wconf 76' lang='lat' dir='ltr'><strong>atr.</strong></span> 
     </span>
    </p>
   </div>
   <div class='ocr_carea' id='block_1_4' title="bbox 0 0 1478 4804">
    <p class='ocr_par' dir='ltr' id='par_1_5' title="bbox 0 0 1478 4804">
     <span class='ocr_line' id='line_1_48' title="bbox 0 0 1478 4804; baseline 0 0"><span class='ocrx_word' id='word_1_425' title='bbox 0 0 1478 4804; x_wconf 95' lang='lat' dir='ltr'><strong> </strong></span> 
     </span>
    </p>
   </div>
  </div>
 </body>
</html>
