2960 4824
52 273 108 335 hlt'.
132 273 169 336 l3
303 291 343 337 mr
367 291 411 337 ss.
438 289 622 348 ausrunrro,
648 291 808 339 nuncnrro
831 289 907 358 cru,
924 291 981 338 ιι.
1169 273 1233 338 307

51 375 324 465 reprehensionem,
336 375 525 466 angebatur
538 376 654 444 animo
669 389 856 464 propterea
869 398 957 463 quae
972 375 1097 444 fiebant
1109 377 1274 462 quotidie,

47 465 279 554 suppliciterque
292 477 324 534 et
339 464 578 534 miserabiliter
595 464 843 536 vociferabatur
859 465 900 534 ad
918 465 1101 534 Dominum
1120 479 1276 534 nostrum

46 557 129 622 lesum
146 553 327 635 Christum,
347 554 381 622 in
396 553 528 643 jejunio
555 575 774 643 perseverans
798 565 830 624 et
854 554 1017 634 oratione,
1045 565 1081 622 ut
1105 554 1277 644 propitius

44 655 103 710 esset
122 645 191 712 suis
214 641 366 725 famulis,
392 655 425 712 et
448 643 639 712 intueretur
662 642 831 733 populum
857 643 1013 712 suumin
1038 641 1160 722 salute,
1183 654 1216 711 et
1242 643 1276 711 in

42 730 177 800 nalorum
201 731 444 800 consolatione.
472 731 636 820 Cupiebat
655 745 769 802 autern
796 731 869 820 ipse
892 752 1029 818 quoque
1048 730 1156 811 idem,
1184 731 1274 818 quod

39 819 129 898 sancti,
154 821 270 890 subire
293 831 478 898 certarnen,
494 830 527 888 et
550 820 688 906 assequi
708 820 931 909 martyrium:
951 819 1009 889 sed
1027 820 1139 889 varias
1164 821 1277 888 minas

38 919 60 974 et
77 910 235 978 saevitiam
261 908 553 999 insuperabilem,
582 908 879 998 multiplicemque
905 908 1119 978 molitionem
1144 919 1176 978 et
1206 931 1276 977 ma·

38 997 235 1067 ellectionem
255 997 424 1068 Praesidis
443 997 714 1090 pertimescebat.
743 999 803 1067 Sui
824 1009 937 1066 tamen
963 997 1060 1086 scopi
1080 1010 1112 1066 et
1129 997 1277 1066 instituti

39 1085 287 1172 periclitationem
307 1085 531 1156 iaciebathoc
550 1086 671 1154 modo:
698 1108 776 1155 nam
802 1108 881 1156 oum
907 1107 1027 1155 zonam
1054 1107 1152 1155 suam
1179 1109 1276 1156 coce-

40 1173 124 1260 plcet,
141 1174 234 1244 dedit
250 1173 380 1243 famulo
395 1197 459 1244 suo
475 1173 696 1245 fidelissimo:
722 1186 754 1244 et
772 1174 878 1265 jussit
902 1195 976 1244 eam
1000 1186 1134 1264 portare
1158 1174 1194 1242 in
1220 1197 1276 1245 ec-

39 1260 142 1330 clesiam
170 1268 441 1346 Araucenorum,
463 1285 503 1332 ex
533 1285 601 1350 qua
629 1275 852 1353 processerat,
879 1277 911 1333 et
935 1264 969 1332 in
996 1284 1058 1332 ara
1080 1263 1273 1353 deponere:

39 1371 95 1418 eum
109 1351 214 1441 ipsum
233 1363 362 1434 autern,
388 1373 560 1422 cumeum
582 1352 724 1422 latenter
748 1352 978 1432 occultaverit,
1006 1373 1164 1433 serrare;
1190 1366 1223 1421 et
1247 1353 1276 1422 si

39 1438 127 1509 rr'dcn
147 1441 288 1528 quidem
314 1441 498 1528 quemdam
523 1442 726 1512 Auxentium
746 1441 803 1509 Dei
823 1462 972 1520 servum,
999 1440 1055 1510 cui
1073 1439 1186 1510 lerunt
1203 1463 1276 1510 orn-

36 1547 77 1594 nes
91 1530 214 1616 pietatis
233 1529 481 1610 testimonium,
499 1530 559 1616 qui
576 1551 615 1598 eo
641 1543 791 1620 tempore
814 1543 886 1599 erat
904 1529 1081 1620 presbyter
1099 1530 1203 1617 hujus
1220 1553 1276 1599 ec·

34 1615 139 1712 desine,
156 1618 352 1709 ingressum
373 1617 415 1686 ad
431 1617 613 1698 orandum,
636 1639 711 1688 earn
730 1617 925 1700 sustulisse,
942 1630 980 1686 ut
997 1617 1121 1687 habeat
1137 1640 1273 1700 zonam,

34 1723 135 1787 suere,
159 1719 190 1775 et
214 1707 256 1776 ad
286 1706 400 1796 ipsum
428 1706 560 1775 reverti.
592 1707 623 1775 Si
653 1706 779 1793 aliquis
804 1720 917 1777 autem
947 1706 1038 1776 alius
1063 1707 1126 1778 hoc
1157 1708 1270 1791 saciat,

35 1813 218 1888 nequaquam
240 1795 272 1864 ei
299 1795 503 1884 permittere,
524 1793 672 1865 sedeam
691 1817 811 1865 zonam
830 1808 998 1884 repetere:
1027 1795 1091 1865 hoc
1106 1796 1139 1863 in
1162 1811 1276 1868 mente

31 1881 174 1964 puniceus,
201 1883 340 1970 quodsi
368 1883 543 1974 presbyter
566 1906 687 1963 zonam
706 1883 897 1964 abstulerit,
920 1884 1076 1954 laturum
1098 1883 1142 1953 sit
1167 1885 1199 1952 id
1222 1885 1275 1954 di-

34 1969 122 2039 tinum
145 1973 331 2041 consilium
356 1984 388 2041 et
414 1972 641 2061 providentia,
668 1994 757 2058 qnae
781 1972 953 2064 significet
978 1971 1111 2041 lelioem
1139 1994 1274 2042 sncces-

32 2075 86 2123 sum
110 2061 273 2150 martyrii,
299 2060 391 2147 quod
408 2060 590 2130 desiderat.
618 2061 675 2131 Sin
703 2083 780 2131 vero
796 2062 859 2131 hoc
882 2083 949 2130 non
970 2060 1130 2141 evenerit,
1151 2060 1275 2130 debere

34 2165 90 2212 enm
114 2148 222 2228 latere,
251 2171 314 2218 nec
339 2149 465 2219 audere
481 2151 530 2218 uti
555 2149 683 2219 fiducia
701 2161 732 2219 et
751 2148 889 2220 dicendi
908 2150 1074 2219 libertate.

64 2235 77 2319 l
96 2241 133 2306 b.
151 2243 233 2308 Cum
255 2238 319 2308 hoc
336 2259 416 2328 ergo
435 2238 564 2308 facturn
582 2250 681 2319 esset,
701 2251 733 2306 et
749 2237 902 2308 lamulus
924 2238 1042 2327 paucis
1061 2246 1136 2327 post
1152 2232 1275 2307 diebus

33 2325 203 2408 revertisset,
231 2338 266 2397 et
282 2326 421 2398 dixisset
436 2327 528 2418 quod
553 2349 591 2397 ea
613 2327 686 2416 ipsa
712 2327 807 2406 bora,
834 2348 902 2416 qua
925 2347 1044 2396 zonam
1072 2328 1105 2395 iu
1132 2346 1190 2394 ara
1216 2345 1275 2414 po-

33 2425 140 2508 suerat,
165 2417 257 2486 sicut
280 2415 401 2506 jussus
430 2415 562 2496 luerat,
592 2417 768 2504 presbyter
795 2415 1002 2496 Auxentius,
1033 2429 1204 2500 tamquam
1232 2413 1275 2482 ab

32 2497 121 2599 aliquo
143 2505 284 2584 missus,
317 2505 493 2595 ingressus
518 2504 563 2573 sit
585 2503 784 2585 Ecclesiam,
806 2516 838 2572 et
862 2524 981 2572 zonam
1005 2502 1186 2592 acceperit.
1214 2502 1275 2570 llis

32 2587 140 2669 audetis,
160 2594 306 2664 lactatus
323 2607 374 2662 est
393 2595 444 2662 vir
469 2592 558 2683 pius,
576 2603 608 2662 et
624 2615 663 2662 ex
679 2593 849 2662 Praetorio
867 2593 1041 2682 accipiens
1057 2611 1177 2660 omnes
1192 2611 1274 2660 suos

33 2675 134 2750 etnicos
156 2681 238 2752 hora
266 2682 426 2772 prandii,
454 2681 544 2752 venit
568 2681 689 2762 laetus,
716 2693 749 2751 et
774 2701 935 2772 magnam
971 2680 1087 2750 vultus
1117 2678 1275 2748 alacrita-

33 2773 258 2854 unquentum
285 2792 462 2857 nunquam
496 2781 620 2850 antea,
647 2769 832 2839 ostendens
861 2770 893 2838 in
924 2767 1101 2838 convivio:
1128 2765 1275 2836 adeunt

34 2868 142 2950 ltppter
163 2859 339 2930 insuetum
364 2859 428 2928 lroc
453 2858 688 2948 spectaculum
714 2857 970 2927 adducerentur
992 2877 1113 2926 omnes
1147 2856 1181 2924 in
1213 2855 1275 2924 ad·

34 2947 228 3039 mirationem,
252 2959 284 3018 et
309 2947 565 3028 scirecausam,
593 2946 873 3036 magnifacerece.
903 2950 998 3015 Unus
1023 2958 1136 3015 autem
1167 2967 1206 3014 ex
1232 2945 1274 3015 iis

32 3045 74 3110 qur
93 3034 187 3105 simul
203 3036 470 3110 accumbebant.
488 3047 595 3106 aetate
607 3035 738 3124 junior,
756 3035 833 3122 ejus
847 3057 950 3106 carus
966 3035 1101 3104 amicus
1126 3045 1158 3104 et
1173 3034 1271 3114 civis,

33 3121 141 3191 numine
162 3125 349 3216 Eugenius,
367 3125 513 3194 fidenter
532 3146 611 3194 euru
636 3135 864 3212 percontatur,
896 3122 1035 3193 dicens:
1055 3146 1073 3190 c
1095 3121 1272 3210 Nunquid,

32 3212 190 3301 tumaxime
206 3215 366 3294 Eustrati,
388 3225 564 3304 propterea
577 3211 668 3299 quod
687 3235 705 3282 a
727 3224 842 3282 nostro
861 3211 1018 3282 Praeside
1031 3212 1066 3282 in
1081 3213 1271 3280 crastinum

32 3289 98 3364 dcem
120 3314 196 3370 sunt
212 3313 343 3392 parata,
365 3315 397 3372 et
417 3301 555 3391 publice
576 3300 798 3391 producenda
815 3301 931 3370 omnia
949 3312 1197 3370 tormentorum
1219 3300 1272 3366 in-

32 3389 373 3461 strumentaadversus
397 3391 619 3472 Christianos,
641 3391 786 3461 accessit
810 3390 870 3459 tibi
898 3388 1060 3479 prolusus
1086 3387 1142 3458 hic
1168 3387 1270 3468 risus,

32 3475 125 3558 utqui
146 3499 184 3548 ex
206 3501 246 3549 eo
270 3501 388 3569 speres
407 3479 537 3566 aliquid
565 3478 716 3548 lucraril
751 3483 822 3547 Hoc
847 3500 924 3548 vero
955 3478 1065 3558 dixit,
1094 3487 1274 3567 propterea

31 3562 151 3638 quadiu
177 3567 273 3637 illurn
306 3589 436 3638 annum
468 3579 557 3637 esset
585 3567 657 3656 ipse
681 3567 1006 3638 commentariensis
1026 3566 1054 3632 ⁴².
1081 3589 1099 3632 u
1125 3570 1273 3635 Sanetus

32 3659 118 3744 tutem
138 3655 311 3744 respondit
334 3655 545 3726 Eustratius:
566 3679 583 3722 c
602 3660 703 3726 Recte
723 3655 938 3738 existimasti,
971 3677 990 3726 ο
1018 3654 1140 3724 amice.
1169 3657 1277 3743 Spero

32 3749 170 3832 tttmegu
185 3765 322 3831 quoque
345 3743 400 3814 die
417 3744 571 3830 sequenti
595 3765 634 3813 ex
650 3744 714 3812 bac
740 3766 774 3812 re
794 3743 957 3835 consequi
985 3743 1185 3813 thesaurum
1212 3743 1274 3898 ‹pui

32 3823 132 3919 tulerri
150 3853 214 3901 non
241 3844 361 3924 potest.
395 3855 413 3900 r>
442 3834 602 3920 Sequenti
623 3853 700 3902 vero
725 3832 781 3901 die
810 3833 938 3922 Lysias,
962 3831 993 3900 ei
1009 3843 1120 3901 erecto
1140 3853 1218 3900 exce
1236 3853 1274 3900 so

32 3911 165 4002 tubunali
182 3921 215 3988 in
236 3921 349 3991 media
365 3920 480 3991 civitat
519 3922 554 3989 iu
576 3921 796 4011 signostasio,
820 3921 925 4009 jussit
949 3921 1150 4007 omnesqui
1172 3932 1272 3990 erant

33 4013 56 4062 lt
67 4007 216 4092 custodia,
237 4009 381 4100 produci
398 4022 435 4080 ut
453 3943 756 4102 inierrogareutur.
777 4013 922 4079 Sanctus
941 4021 1056 4078 autem
1077 4008 1270 4080 Eustratius

34 4089 172 4188 ltolectus
196 4099 229 4167 in
254 4121 437 4181 carcerem,
459 4101 587 4192 rogavit
611 4121 731 4169 omnes
756 4110 892 4168 sanctos
912 4109 950 4167 ut
972 4120 1032 4187 pro
1055 4121 1094 4168 eo
1119 4110 1267 4168 orarent.

35 4173 98 4246 llrrrt
122 4187 208 4254 enim
241 4210 276 4258 se
305 4188 363 4257 illo
389 4188 446 4257 die
476 4188 631 4260 futurum
661 4188 755 4279 paris
784 4187 915 4256 socium
945 4188 1155 4258 certaminis.
1187 4189 1270 4256 Cum

34 4279 125 4341 tunes
146 4287 254 4344 autem
279 4291 452 4360 orassent,
479 4291 511 4348 et
531 4301 645 4371 genua
670 4277 863 4356 flexissent,
894 4287 927 4346 et
954 4289 1145 4346 extremum
1166 4279 1276 4346 Amen

53 4387 62 4410 ¹
73 4391 152 4440 Scilicet
161 4403 238 4444 eustos
247 4401 355 4451 carceris,
363 4406 401 4446 vel
412 4405 526 4448 notarlus.
