2972 4826
247 257 311 319 abd
642 273 681 319 nn
705 273 733 319 s.
759 272 893 320 pantana
916 271 1042 318 srxurx
1185 265 1186 268 ’
1315 251 1389 316 ont.
1408 251 1436 312 ll

201 357 457 436 confirmasset,
491 371 523 425 ct
551 357 615 426 sibi
643 370 785 426 mortem
815 369 1033 425 contemnere
1062 354 1302 445 persuasisset,
1324 365 1441 443 paratus
1470 393 1471 442 p

200 459 272 516 erat
287 447 406 532 exequi
434 445 479 525 id,
504 445 604 530 cujus
624 445 738 514 studio
760 446 948 513 tenebatur.
1470 463 1471 528 t

242 538 261 621 ξ
284 539 325 606 Β.
348 539 430 602 llum
449 555 527 602 vero
553 535 615 602 iter
630 548 719 604 esset
739 535 929 623 ingressus,
950 534 982 602 ei
1007 535 1042 600 in
1068 534 1121 602 via
1145 532 1294 602 occurrit
1318 531 1362 599 vir
1380 529 1442 616 qui·
1470 547 1471 586 t

199 624 291 703 dam,
316 623 372 691 cui
389 637 461 691 erat
485 635 576 692 aetas
605 623 708 702 senis,
737 622 895 690 monachi
918 623 1080 691 vestitus:
1111 643 1196 691 cana
1221 633 1330 690 numm
1351 640 1442 694 coma,

198 727 230 781 et
245 712 390 796 quierat
407 713 439 778 in
460 711 623 781 omnihus
641 711 765 780 similis
782 711 932 780 simeoni
956 711 1017 797 qui
1040 723 1112 780 erat
1135 713 1170 778 in
1196 709 1362 779 columna.
1377 711 1445 795 Syra

200 821 276 869 vero
301 799 421 887 lingua
441 799 611 869 allocutus
636 798 822 880 Danielem,
840 813 873 868 et
896 821 975 868 eum
995 799 1208 887 complexus,
1228 799 1360 887 rogavit,
1374 817 1445 881 quo-

202 911 279 958 nam
305 889 486 958 itersuum
506 888 679 977 dirigeret.
707 888 769 957 llle
795 901 933 956 eutem:
962 889 1033 956 «Si
1059 893 1137 971 Deo,
1165 888 1287 972 inquit,
1322 883 1444 961 videtur,

201 977 286 1046 vado
310 976 351 1046 ad
379 977 451 1046 loca
467 990 596 1048 sancta.
623 1003 635 1040 x
662 981 696 1048 ls
712 998 790 1046 vero
806 977 1001 1065 excipiens:
1027 983 1160 1046 allecte
1186 976 1315 1054 dixisti,
1340 974 1443 1061 inquit,

200 1067 228 1137 si
255 1071 318 1135 Deo
336 1065 481 1135 videtur.
507 1071 603 1135 Nunc
622 1077 737 1135 autem
762 1080 853 1135 certo
872 1066 973 1145 scias,
993 1065 1027 1132 id
1045 1064 1136 1151 quod
1161 1065 1288 1133 esttibi
1317 1061 1446 1152 proposi·

200 1170 285 1235 tum,
313 1176 381 1223 non
398 1175 471 1224 esse
486 1175 525 1223 ex
544 1156 600 1223 Dei
616 1156 794 1223 sententia.
816 1159 886 1224 Non
905 1153 996 1222 enim
1026 1154 1188 1223 audivisti
1213 1152 1403 1222 seditionem
1423 1161 1447 1215 et

202 1243 402 1322 tumultum,
422 1243 482 1329 qui
498 1257 549 1312 est
564 1244 599 1310 in
620 1243 861 1312 Palaestinel»
880 1242 941 1310 llle
958 1263 1056 1310 vero:
1079 1265 1096 1309 a
1115 1243 1248 1322 Audivi,
1270 1241 1385 1326 inquit,
1402 1236 1446 1306 sed

203 1334 235 1400 in
259 1337 324 1400 Deo
340 1330 477 1400 confido
491 1353 571 1401 eum
590 1332 676 1400 mihi
693 1331 847 1401 futurum
871 1330 1060 1432 adjutorem
1077 1355 1084 1410 ;
1111 1345 1143 1401 et
1168 1331 1315 1400 maxime
1330 1327 1446 1414 quiden

200 1441 299 1510 spero
323 1421 465 1490 omnino
482 1420 564 1501 sore,
582 1433 620 1489 ut
639 1442 700 1489 nec
718 1420 799 1488 mali
815 1419 947 1506 aliquid
970 1421 1069 1488 nobis
1085 1421 1226 1489 omnino
1246 1417 1383 1488 accidat.
1404 1414 1446 1482 Sin

200 1523 313 1578 autom
332 1508 464 1596 aliquid
490 1508 556 1578 tale
575 1509 748 1590 acciderit,
771 1531 832 1578 seu
850 1509 1016 1588 vivamus,
1044 1530 1104 1578 seu
1128 1509 1330 1586 moriamur,
1348 1524 1447 1574 sumus

202 1598 371 1667 Domini.»
393 1597 455 1666 Illo
470 1611 583 1666 autem
606 1598 669 1666 boc
692 1598 929 1687 propheticum
947 1596 1137 1686 proferente
1157 1617 1381 1684 responsum:
1399 1597 1448 1660 «lt

199 1685 335 1756 dederis
356 1687 389 1754 in
410 1688 674 1756 commotionem
703 1685 823 1774 pedem
843 1701 952 1766 tuum,
979 1700 1011 1754 et
1032 1707 1098 1754 non
1116 1685 1328 1762 dormitabit,
1355 1681 1407 1769 qui
1427 1694 1448 1746 te

200 1776 360 1852 custodit,
379 1775 542 1860 angelum
560 1798 578 1840 v
598 1797 678 1844 cum
702 1774 744 1843 ad
767 1775 830 1843 lxoc
849 1788 1005 1864 prompto
1020 1787 1053 1844 et
1069 1774 1174 1843 alacri
1199 1776 1317 1842 enimc
1334 1791 1449 1858 respon·

201 1863 306 1932 disset
328 1863 457 1943 Daniel,
477 1863 607 1944 dicens,
626 1864 768 1932 omnino
786 1866 913 1932 bonum
933 1885 1009 1932 esse
1026 1864 1110 1932 mori
1133 1877 1272 1952 propter
1289 1863 1447 1932 Christum,

205 1951 236 2020 id
255 1974 356 2042 aegre
372 1951 485 2022 serens
508 1974 628 2034 cecus
655 1952 776 2021 avertit
802 1951 936 2032 faciem,
955 1966 1003 2019 et:
1034 1956 1138 2020 allon
1164 1951 1247 2031 lero,
1281 1951 1373 2019 dixit.
1397 1953 1449 2016 lion

201 2041 292 2110 enim
314 2040 468 2130 permisit
488 2045 588 2118 Dens,
612 2053 650 2108 ut
675 2062 736 2110 nos
760 2040 996 2130 intempestive
1013 2040 1048 2108 in
1070 2053 1213 2116 mortem
1232 2041 1447 2126 conjiciamus,

202 2143 233 2198 et
257 2142 295 2199 ut
311 2151 371 2218 per
394 2129 461 2197 vim
481 2128 741 2209 interficiamur,
765 2149 1001 2212 procuremus.
1020 2129 1082 2198 llle
1096 2143 1146 2198 est
1161 2130 1268 2206 enim,
1290 2129 1348 2215 qui
1368 2125 1448 2194 dixit:

200 2221 239 2287 Si
251 2226 496 2308 persequantur
511 2241 567 2286 vos
591 2241 637 2286 eoo
654 2219 716 2287 liae
739 2221 885 2296 civitate,
911 2219 1019 2306 [cpite
1043 2219 1078 2285 in
1103 2219 1211 2287 aliam
1228 2219 1362 2306 (mmet.
1384 2213 1449 2308 ψ

200 2311 282 2376 llum
305 2321 419 2375 autem
445 2307 669 2376 concessisset
697 2319 837 2376 sanctus
866 2306 1115 2394 objectionem
1140 2306 1299 2376 dixisset:
1329 2304 1391 2372 «Si
1407 2299 1451 2369 tibi

204 2396 245 2463 ita
264 2395 409 2474 videtur,
431 2393 517 2462 nihil
536 2415 650 2464 moror
674 2395 835 2473 reditum;
856 2417 962 2461 v-a
983 2399 1053 2464 Non
1080 2395 1235 2474 consulo,
1266 2394 1375 2480 inquit
1399 2389 1449 2484 ille,

202 2483 275 2563 tibi,
305 2495 341 2552 ut
360 2483 403 2551 ab
420 2482 484 2550 hoc
504 2496 623 2571 coepto
643 2485 784 2552 omnino
799 2483 956 2564 desistam
975 2483 1101 2552 stultus
1117 2483 1208 2552 enim
1225 2506 1351 2566 essem;
1365 2478 1415 2550 sed
1431 2497 1451 2543 sx

204 2572 288 2640 mibi
315 2571 446 2648 credas,
475 2571 603 2658 jubens
623 2572 769 2642 multum
796 2571 907 2640 valere
925 2573 1080 2661 regiones
1105 2567 1314 2652 Orientales,
1340 2587 1450 2638 conver·

203 2683 274 2740 sus,
299 2661 382 2728 vade
399 2661 612 2749 Byzantium,
631 2682 731 2748 quae,
751 2659 842 2746 quod
863 2661 982 2728 attinet
1006 2661 1048 2728 ed
1078 2661 1394 2736 sanctificationem,
1416 2665 1452 2722 est

202 2749 351 2817 secunda
367 2748 576 2818 ierusalem:
598 2751 704 2818 immo
732 2770 808 2816 vero
827 2763 878 2818 est
896 2750 1018 2838 prima.
1055 2747 1152 2818 lllius
1174 2751 1267 2818 enim
1297 2743 1452 2840 priiilegie

201 2839 233 2904 ei
251 2859 344 2906 nunc
362 2859 380 2904 a
398 2843 463 2906 Deo
481 2837 561 2906 data
591 2851 692 2906 sunt:
722 2839 755 2906 in
786 2859 854 2924 qua
871 2835 988 2906 inultis
1012 2837 1150 2924 quidem
1180 2839 1240 2906 tibi
1270 2835 1383 2906 licebit
1403 2833 1453 2899 lrm

203 2925 352 3014 templis,
376 2925 492 2996 multis
509 2947 584 2994 vero
605 2927 711 2996 sacris
727 2925 944 3015 spectaculis;
963 2939 995 2995 et
1009 2929 1038 2996 si
1056 2926 1118 2995 tibi
1135 2927 1230 2996 cordi
1247 2925 1350 2995 suerit
1366 2924 1453 2992 vivere

204 3016 237 3082 in
265 3014 379 3100 quiete
402 3029 434 3084 et
457 3015 604 3092 silentio,
631 3028 690 3084 aut
716 3015 748 3082 in
782 3015 957 3103 superiore
985 3015 1140 3094 Thracia,
1174 3029 1232 3084 aut
1260 3017 1294 3084 in
1321 3017 1390 3103 ipso
1411 3027 1453 3076 ere

203 3103 310 3181 Ponti,
335 3104 411 3190 ejus
428 3103 473 3172 rei
494 3103 554 3171 tibi
578 3105 643 3173 erit
669 3125 795 3193 magna
824 3103 981 3184 facultas
1003 3117 1036 3173 et
1052 3107 1140 3172 Deus
1168 3104 1288 3173 bacin
1316 3127 1350 3172 re
1374 3115 1452 3170 tuum

204 3191 360 3280 implebit
388 3192 609 3261 desiderium.
641 3197 816 3261 Praeterea
841 3214 906 3261 non
933 3205 1064 3281 oportet
1088 3193 1285 3262 existimare
1310 3206 1341 3262 te
1367 3196 1453 3258 Deum

201 3281 340 3366 quidem
360 3303 433 3350 csse
459 3291 709 3351 conventurum
734 3280 970 3371 ierosolymis,
998 3282 1148 3370 Byzantii
1177 3297 1292 3370 autem
1319 3279 1451 3348 minime.

202 3375 291 3438 Deus
314 3371 406 3438 enim
426 3391 643 3456 nequaquam
670 3370 744 3440 loco
761 3370 1070 3449 circumscribitur,
1098 3393 1119 3438 o
1141 3369 1277 3440 dilecte.
1302 3392 1320 3436 s

246 3461 335 3546 59.
363 3463 432 3528 Hos
456 3481 630 3529 sermones
647 3480 733 3528 cano
758 3458 817 3526 illo
842 3458 1035 3527 conferente
1051 3479 1130 3527 cum
1158 3459 1307 3538 Daniele,
1335 3454 1453 3525 soleret

202 3549 235 3616 in
254 3569 402 3626 occasu;
428 3561 460 3616 et
482 3547 618 3629 accidit,
645 3561 683 3618 ut
710 3547 915 3616 diverterent
939 3547 980 3616 ad
1008 3547 1184 3634 quoddam
1212 3545 1451 3636 monesterium.

203 3643 284 3706 Cum
310 3637 496 3706 audivisset
520 3651 632 3705 autem
666 3635 781 3704 Daniel
807 3635 863 3703 hic
887 3657 961 3704 esse
984 3635 1250 3706 diversandum:
1281 3659 1301 3702 «
1319 3639 1366 3702 Pu
1390 3649 1453 3716 qut·

203 3725 292 3802 dent,
322 3726 434 3812 inquit
457 3746 570 3804 senex,
595 3726 687 3813 prior
720 3724 911 3812 ingredere;
945 3745 1007 3813 ego
1031 3738 1144 3793 autem
1174 3737 1206 3796 te
1229 3745 1351 3812 sequar
1375 3743 1391 3789 e
1412 3737 1454 3814 ve

119 3899 122 3906 Ι
204 3813 353 3900 stigio.»
379 3814 583 3883 Existimans
608 3814 722 3899 itaque
747 3825 887 3882 sanctus
906 3835 985 3882 eum
1001 3835 1124 3903 urgere
1148 3813 1300 3899 aliquam
1320 3825 1453 3898 corporis

205 3903 452 3982 necessitatem,
482 3915 612 3991 portam
637 3903 824 3991 ingressus
853 3903 1079 3991 exspectabat.
1107 3908 1184 3971 Post
1208 3923 1289 3970 uam
1315 3920 1386 3968 vero
1408 3893 1453 3961 ille

204 4011 271 4058 non
297 3990 449 4146 amplius
469 3989 597 4072 aderat,
620 4003 714 4060 ratus
740 3989 854 4059 Daniel
878 4009 956 4060 eum
982 3993 1015 4058 in
1039 3991 1155 4076 aliquo
1175 3925 1243 4060 adio
1266 3991 1339 4060 loco
1361 3987 1452 4078 divcrj

204 4079 284 4158 sari,
319 4100 413 4148 sous
447 4079 614 4148 accedens
638 4079 679 4148 ad
711 4079 920 4149 Praefectum
954 4081 1170 4158 monasterii,
1197 4079 1294 4148 etad
1322 4097 1377 4146 eos
1404 4091 1450 4156 qut

204 4178 300 4234 erant
324 4166 389 4236 sub
404 4167 479 4256 ipso
503 4167 624 4237 fratres
650 4170 829 4238 honestum
856 4165 949 4237 dedit
973 4167 1144 4248 osculum,
1166 4169 1303 4258 signum
1320 4161 1451 4233 dilectio·

205 4255 270 4322 nis.
298 4255 424 4324 Deinde
448 4257 550 4325 etiam
572 4259 720 4344 sumpsit
743 4258 860 4326 cibum
883 4257 1182 4357 sibilappositum.
1209 4263 1471 4344 postquampri

205 4359 268 4412 tem
301 4345 413 4412 somni
449 4357 583 4433 tempus
612 4367 686 4414 esse
719 4347 899 4435 cognovit,
935 4367 966 4415 ex
999 4367 1120 4418 rursus
1153 4347 1447 4416 assistenssexex,
