2972 4826
255 261 317 325 186
554 277 593 323 nr
616 275 850 324 rnnnsnnrrorur
874 275 902 322 5.
928 273 1127 322 1111111111.
1336 257 1412 322 DEC.
1436 259 1452 320 1

208 363 390 454 abripere,
418 361 661 452 propriamque
685 359 726 430 ad
752 362 897 451 patriam
930 373 1172 518 transportare.
1205 367 1351 449 Namque
1373 381 1456 429 unus

209 452 251 523 de
277 450 436 543 palatinis
462 451 680 540 magnatibus
706 450 769 519 hoe
794 473 855 539 pro
879 448 1016 519 auferen
1045 449 1298 520 oetalferendo
1314 450 1453 518 thesauro

209 563 272 612 suo
296 541 339 610 ab
363 545 570 629 Imperatore
594 539 739 629 legatus
765 541 865 628 cujus
890 544 1002 627 Myrea
1027 538 1128 608 tellus
1153 541 1292 628 parebat
1315 538 1451 627 imperio,
1479 591 1480 626 3

209 630 252 700 ad
277 627 455 698 eeclesiam
481 627 542 697 ubi
566 640 721 696 sanctum
742 627 878 716 jacebat
901 650 1026 716 eorpus
1059 627 1207 697 advenit.
1235 627 1299 710 Qui
1328 647 1452 696 cernens
1479 629 1480 705 l

209 715 461 808 propterquod
486 727 622 785 venerat
646 737 713 784 non
739 737 775 786 se
800 737 898 805 posse
921 715 1109 806 perficere,
1135 717 1272 786 beatum
1298 715 1452 786 Nicolaum
1479 721 1480 754 r

209 807 366 896 flagitare
389 805 500 895 eoepit
524 804 712 885 humiliter,
739 816 777 874 ut
801 805 830 873 si
854 803 927 875 loco
951 805 994 875 ab
1018 805 1077 874 illo
1102 805 1324 874 transmutari
1347 826 1379 873 se
1398 825 1454 872 non

210 894 431 986 permitteret,
450 893 501 962 vel
520 893 669 983 aliquam
688 892 867 962 videndam
894 893 1031 963 sibimet
1056 893 1259 983 particulam
1278 893 1456 985 dignaretur

209 983 407 1064 concedere,
429 1003 532 1070 quarn
549 981 698 1053 osculari
723 983 858 1051 valeret.
885 982 989 1072 Cujus
1015 981 1235 1072 postulationi
1260 993 1393 1052 sanctus
1414 979 1456 1049 lv'i·

211 1071 330 1142 colans
355 1093 421 1140 non
446 1070 575 1152 defuit,
606 1071 663 1140 sed
691 1071 781 1158 quod
808 1083 983 1162 rogaverat
1010 1071 1220 1160 adimplevit.
1248 1076 1330 1141 llam
1349 1070 1403 1139 ubi
1423 1068 1455 1134 de

210 1160 344 1251 liquore
364 1182 472 1230 urnae
491 1182 570 1229 cum
590 1159 760 1249 peniculo,
787 1160 876 1229 sicut
899 1159 1020 1230 solitus
1044 1173 1126 1241 erat,
1153 1161 1349 1229 extraxisset
1367 1157 1456 1228 eecle-

208 1251 282 1320 siac
307 1249 484 1330 minister,
516 1248 601 1316 dens
631 1271 723 1318 unns
756 1249 868 1318 statim
900 1271 979 1317 curn
1012 1248 1070 1318 illo
1099 1260 1270 1317 extractus
1303 1247 1453 1338 apparuit.

213 1343 319 1421 Quem
346 1337 494 1406 maxima
520 1358 598 1406 eum
625 1337 751 1406 laetitia
777 1337 969 1426 suscipiens
993 1336 1062 1419 illc,
1091 1341 1156 1408 Deo
1182 1337 1327 1424 ejusque
1349 1335 1480 1424 famnlnq

213 1425 350 1498 Nicolao
379 1426 507 1516 gratias
539 1447 664 1516 agere,
699 1439 731 1495 et
763 1425 879 1495 oscula
911 1426 1015 1516 frgere
1049 1425 1326 1512 frequentissime
1353 1424 1456 1513 coepit.

213 1520 319 1598 Quem
345 1537 448 1585 aurea
473 1513 660 1602 capsellule
685 1536 762 1583 mox
787 1513 949 1597 inclusit,
976 1526 1008 1583 et
1032 1536 1136 1603 super
1162 1514 1292 1596 altare,
1318 1510 1458 1602 quodibi

211 1604 340 1684 aderat,
359 1604 483 1694 posuit.
503 1607 656 1690 Cumque
673 1617 747 1692 post
765 1602 945 1690 paululum
964 1603 1184 1692 adspexisset,
1208 1625 1349 1672 manare
1363 1601 1455 1671 oleun

212 1691 332 1761 iliade
356 1690 543 1783 capselluln
570 1691 715 1760 multum
735 1691 829 1760 vidit.
857 1691 1002 1760 Involvit
1024 1713 1105 1782 ergo
1122 1713 1196 1760 eam
1219 1692 1337 1780 pallio,
1356 1703 1457 1782 putans

212 1781 277 1850 hoc
294 1803 394 1870 posse
411 1781 511 1851 modo
528 1778 626 1848 illum
646 1780 740 1849 intus
761 1780 1001 1870 perstringere,
1021 1801 1062 1850 ne
1082 1779 1172 1850 foras
1191 1782 1298 1850 exiret
1317 1779 1455 1870 amplius.

213 1868 405 1957 liquorem:
443 1869 500 1938 sed
536 1868 672 1939 frustra.
701 1873 782 1938 llam
811 1868 1043 1970 quantoplus
1073 1869 1361 1960 circumligabat,
1385 1877 1457 1937 tanto

213 1957 327 2045 liquor
358 1958 430 2048 ipse
463 1957 710 2026 circumvoluta
746 1956 850 2047 pallra
880 1957 1109 2027 madefaciens
1140 1958 1256 2047 potius
1287 1958 1455 2028 emanabat.

214 2051 301 2137 Ergo
319 2047 500 2137 desperare
519 2047 641 2136 coepit,
668 2046 748 2134 quia
776 2068 842 2115 non
873 2056 986 2134 posset
1012 2046 1139 2115 habere
1161 2046 1196 2114 in
1221 2047 1366 2129 occulto,
1390 2044 1456 2114 sicut

216 2149 412 2226 optaverat:
439 2135 564 2225 idque,
601 2135 744 2206 Domino
776 2133 1037 2216 manifestante,
1069 2135 1238 2224 cognovit.
1273 2141 1289 2204 1
1316 2157 1350 2205 51
1378 2134 1455 2203 etiarn

214 2225 335 2294 beatus
355 2223 515 2294 Nicolaus
538 2224 573 2291 in
600 2224 711 2294 somni
735 2223 866 2292 visione
892 2222 999 2294 fertur
1025 2225 1250 2313 apparuisse,
1304 2235 1457 2306 entemque

217 2312 456 2402 supradictum
483 2335 564 2403 prae
589 2313 751 2383 manibus
782 2325 899 2382 tenens
921 2323 954 2382 et
981 2311 1164 2383 ostendens
1188 2313 1338 2384 dixisse:
1364 2315 1456 2379 «Ecce

218 2401 440 2490 postulationi
460 2414 537 2470 tuae
555 2400 725 2471 satisfeci:
750 2400 837 2471 ferre
852 2413 964 2470 autem
984 2413 1094 2470 tecum
1119 2413 1158 2470 ut
1182 2401 1320 2471 voluisti
1338 2421 1398 2472 non
1415 2417 1455 2486 po·

218 2489 310 2570 11115,
333 2489 496 2576 quoniam
518 2490 669 2580 separari
690 2489 732 2559 ab
750 2489 826 2558 aliis
844 2489 1009 2559 membris
1034 2490 1119 2558 meis
1136 2489 1185 2558 vel
1208 2491 1385 2560 minimam
1401 2505 1456 2578 par·

218 2577 356 2648 ticulam
388 2599 455 2646 non
485 2579 694 2667 permitte.»
722 2577 782 2648 lllc
809 2591 922 2648 autern
950 2577 1128 2668 evigilans,
1153 2591 1185 2648 et
1208 2579 1457 2648 animadvertens

218 2666 455 2737 tantummodo
477 2667 758 2756 imaginationem
780 2669 892 2736 somni
920 2665 1049 2749 fuisse,
1077 2667 1212 2737 dentem
1238 2668 1300 2738 ubi
1326 2671 1456 2759 posuerat

216 2777 283 2825 non
312 2755 451 2824 invenit.
478 2759 548 2824 Hoc
563 2755 700 2842 quidem
719 2754 753 2822 in
773 2756 909 2826 Graecis
926 2756 1161 2826 voluminibus
1181 2757 1406 2846 significatum
1422 2752 1457 2818 in·

216 2845 385 2924 11111115,
412 2843 502 2930 quod
522 2844 649 2914 idcirco
671 2857 804 2914 nostrae
825 2844 981 2914 relationi
1008 2845 1297 2934 praenotavimus,
1316 2857 1457 2933 quatenus

216 2931 485 3014 ostenderemus,
505 2933 585 3019 quia
600 2933 817 3021 omnipotens
839 2933 972 3002 Domini
990 2934 1044 3002 sui
1065 2933 1186 3002 famuli
1203 2956 1331 3024 corpus
1347 2928 1454 3002 exinde,

216 3020 276 3091 ubi
307 3020 632 3122 fuerathactenns,
666 3043 727 3111 per
762 3033 808 3091 111
839 3020 1013 3092 curricula
1047 3023 1211 3112 temporis
1235 3045 1303 3094 non
1330 3014 1456 3113 permisit

218 3123 453 3180 transmutari.

261 3201 279 3288 ξ
305 3203 349 3269 2.
376 3203 479 3268 Porro
495 3199 585 3267 sieut
600 3198 633 3266 in
653 3219 729 3267 vera
745 3202 952 3269 Graecorum
971 3199 1141 3289 reperitur
1159 3201 1312 3282 historia,
1328 3199 1385 3267 iste
1399 3211 1456 3262 san·

217 3287 393 3358 ctissimus
409 3286 559 3376 pontifex
576 3287 609 3358 in
631 3287 762 3376 synodo
782 3289 927 3358 Nicaena
947 3289 964 3325 *
983 3289 1089 3358 fuisse
1114 3289 1239 3379 legitur
1265 3287 1386 3380 oppido
1402 3283 1455 3373 jam

217 3399 342 3448 senex:
370 3376 404 3444 in
434 3399 501 3464 qua
528 3377 742 3466 praesidente
773 3377 870 3446 beato
894 3382 985 3466 Papa
1014 3377 1184 3467 sylvestro
1203 3377 1261 3459 *Ἃ
1294 3385 1457 3465 magnoque

217 3465 373 3556 principe
405 3466 649 3545 Constantino,
677 3465 776 3535 Arius
800 3466 873 3535 suis
904 3487 983 3535 curn
1015 3465 1207 3537 fautoribus
1236 3466 1456 3536 condemnatus

216 3567 278 3625 est.
305 3559 382 3644 lpse
403 3567 518 3624 autem
536 3553 655 3624 beatus
672 3553 831 3624 Nicolaus
849 3556 969 3644 paucis
993 3567 1069 3655 post
1092 3555 1215 3626 diebus
1239 3553 1455 3644 supervivens·

215 3643 310 3714 coelo
327 3643 485 3733 spiritum
505 3642 664 3723 reddidit,
684 3665 810 3732 eorpus
827 3643 899 3713 solo
917 3642 1068 3714 tradidit.
1087 3648 1111 3712 Α
1127 3666 1195 3732 quo
1212 3655 1359 3734 tempore
1372 3650 1456 3723 usque

218 3731 258 3800 ad
278 3733 353 3822 ejus
370 3731 480 3801 sancti
500 3732 652 3821 corporis
677 3731 948 3812 translationem,
976 3733 1167 3803 secundum
1193 3730 1383 3802 eorumdem
1405 3718 1455 3792 tal·

216 3819 436 3901 colationem,
463 3820 690 3890 dueentarum
709 3820 778 3890 fere
797 3820 1042 3911 olympiadum
1063 3823 1237 3892 curricula
1262 3817 1453 3902 transierunt

215 3911 254 3976 tt
278 3929 355 3977 vero
372 3909 563 3980 secundum
586 3921 736 3980 nostram
762 3911 1062 3999 supputationem,
1092 3933 1132 3979 err
1160 3933 1227 3998 quo
1256 3909 1391 3979 Verbum
1405 3903 1454 4000 ¹Del

218 4017 298 4065 caro
314 3995 441 4066 facturn
467 4010 529 4079 est,
550 4010 582 4066 ct
597 3997 761 4067 habitavit
780 3998 813 4066 in
834 3999 944 4075 nobis.
966 4019 1058 4068 anno
1073 3999 1257 4068 millesimo
1277 4003 1454 4089 octogesrmss

218 4085 374 4174 septimo,
397 4086 588 4156 Indictione
612 4086 757 4167 decimo,
780 4087 920 4176 quidam
940 4092 1103 4157 Berenses
1118 4109 1196 4157 curn
1216 4088 1324 4158 tribus
1339 4077 1454 4152 navibus

242 4281 256 4308 ·
266 4282 372 4330 synodus
383 4279 677 4322 111111111111111111111
688 4293 748 4323 anno
759 4285 804 4326 11111.

243 4334 271 4361 ’*
285 4335 415 4374 61111118.
425 4333 652 4382 81111111111111111
664 4335 791 4384 Pontificio,
800 4345 930 4386 personam.
942 4335 966 4378 lu
976 4338 1077 4379 11111111
1087 4337 1194 4384 11111111,
1205 4338 1281 4388 011111,
1290 4334 1403 4385 1111100111
1412 4321 1453 4362 ω’

217 4386 338 4433 derbensis,
346 4385 488 4435 collegarum
498 4389 628 4438 legatorum
637 4390 771 4438 prlmnrtua.
833 4435 835 4440 .
