2960 4824
221 290 285 355 336
542 307 581 354 mr
605 309 633 354 s.
660 307 823 355 aurosnro
845 309 895 354 sr.
921 304 1076 354 cananae.
1284 285 1359 350 nat.
1383 283 1415 346 ta

175 391 240 482 (sic
264 393 356 461 enim
381 404 453 461 erat
470 411 593 460 nomen
619 390 696 479 illi),
717 390 915 481 regionibus
930 389 1086 472 diversis,
1106 390 1230 460 insulis
1245 401 1276 459 et
1293 385 1417 457 urbibus

178 481 379 572 peragratis,
400 501 562 570 prospero
590 501 696 549 cursu
721 480 859 549 tandem
909 479 1038 550 ervenit
1061 479 1104 548 ad
1137 478 1260 559 locum,
1279 477 1334 563 qui
1351 489 1419 543 tuuc

177 569 341 659 temporis
365 569 408 640 ab
432 568 555 639 incolis
581 568 786 659 Ursdungus
806 502 996 650 dicebatur,
1023 589 1063 638 ex
1086 562 1420 638 consuetudinevide·

177 657 254 728 licet
270 679 371 729 ursae
395 658 629 748 parturientis:
649 679 742 727 nunc
760 679 838 727 vero
862 657 952 728 Cella
975 671 1124 729 vocatur.
1144 657 1209 740 Qui
1228 655 1322 726 locus
1335 651 1421 722 distat

177 748 320 838 trigenis
336 746 405 818 lere
421 746 576 818 millibus
592 748 636 815 ab
659 746 746 816 urbe
770 747 1026 816 Cameracensi:
1046 747 1080 815 in
1095 768 1165 833 qua
1181 748 1254 836 ipse
1272 765 1310 814 ex
1323 741 1422 810 divino

177 836 316 906 oraculo
333 849 490 906 sanctum
519 835 714 925 pontificem
739 857 844 923 super
867 857 1006 936 gregem
1032 835 1155 906 Christi
1178 856 1261 904 cura
1287 827 1422 990 pervigili

177 925 333 994 audierat
352 925 526 994 insudare.
546 929 584 994 lt
613 923 670 993 ille
698 925 809 994 noxiis
835 925 965 994 avulsis
989 923 1183 1005 arboribus,
1211 924 1281 993 basi
1300 919 1423 990 icamia

178 1013 307 1084 honore
322 1013 558 1104 Apostolorum
577 1013 688 1103 coepit
707 1011 900 1094 aedificare,
922 1025 955 1082 et
978 1012 1103 1082 studiis
1127 1014 1294 1083 bonorum
1310 1031 1344 1080 se
1360 1027 1422 1096 ope·

178 1123 254 1171 rum
286 1103 482 1172 exercitare.
517 1101 767 1171 llisseminante
799 1123 875 1170 vero
899 1101 1037 1171 diabolo
1060 1101 1171 1172 zelum
1205 1098 1349 1171 invidiae
1378 1117 1424 1186 pcr

177 1191 282 1261 corda
306 1191 489 1274 malorum,
519 1189 677 1259 auditum
706 1201 767 1271 est,
796 1188 942 1277 aliquos,
973 1203 1012 1261 ut
1035 1204 1086 1260 est
1111 1212 1184 1260 mos
1213 1185 1421 1262 adulantium,

178 1294 296 1350 sancto
315 1281 482 1371 Episcopo
499 1279 659 1360 suasisse,
679 1301 721 1346 nc
738 1279 863 1349 sineret
880 1279 977 1348 illum
996 1279 1298 1370 pseudodoctorem
1315 1277 1347 1345 in
1364 1270 1425 1343 lini·

179 1370 244 1439 bus
259 1369 333 1439 suis
357 1369 398 1439 ad
425 1367 589 1460 injuriam
613 1367 668 1436 sui
689 1367 830 1439 honoris
851 1381 1056 1450 manerent
1077 1367 1138 1459 qui
1163 1367 1205 1438 ad
1233 1363 1425 1438 seducendas

180 1470 310 1527 ruentes
340 1457 564 1549 simplicium,
596 1455 728 1526 urbana
754 1456 960 1558 sapientium
987 1456 1226 1527 conventicula
1257 1456 1374 1533 vitans,
1400 1453 1424 1518 in

179 1547 241 1615 lias
255 1545 459 1617 solitudines
473 1545 675 1614 devenisset.
696 1544 758 1615 Sed
776 1566 827 1613 vir
844 1546 980 1616 Domini
997 1545 1175 1616 advertens
1192 1543 1424 1646 suggestionem

181 1635 310 1704 invidia
336 1637 460 1724 potius,
482 1655 585 1722 quam
612 1633 754 1715 ratione,
781 1635 1033 1724 compositam:
1064 1639 1134 1705 llon
1159 1646 1221 1716 est,
1246 1633 1364 1734 inquit,
1382 1651 1425 1698 no·
1475 1689 1476 1698 ,

179 1737 301 1804 strum,
320 1724 494 1793 bominem
522 1721 758 1792 indiscussum
780 1723 951 1810 judicare,
971 1745 1082 1811 neque
1101 1724 1196 1795 omni
1217 1721 1353 1813 spiritui
1371 1739 1426 1789 cre·
1468 1707 1476 1753 1

179 1813 259 1882 dere
282 1813 390 1882 donec
415 1811 589 1902 probetur,
609 1810 639 1879 si
661 1833 700 1880 ex
729 1811 871 1882 Deosit.
1474 1877 1475 1886 ,

222 1903 332 1989 512.
363 1902 505 1971 Mittitur
534 1901 648 1986 itaque
677 1901 839 1981 nuncius,
863 1901 924 1987 qui
949 1899 1123 1970 bominem
1149 1899 1191 1968 ad
1223 1910 1425 1989 conspectum
1474 1951 1475 1984 ,

180 1991 353 2080 pontificis
376 1990 543 2060 accersire
566 1989 698 2071 debeat,
716 1987 781 2058 hoc
805 1989 941 2058 interim
975 1990 1159 2078 proposito,
1180 2011 1221 2056 ue
1247 1989 1299 2058 vir
1327 1987 1377 2056 llei
1396 2005 1426 2052 er
1474 1986 1475 2006 ¹

178 2094 348 2150 conventu
377 2079 498 2166 quovis
530 2077 677 2167 injuriae
709 2089 804 2148 motu
838 2078 1109 2149 contristaretur.
1135 2081 1304 2148 Evocatus
1332 2086 1426 2146 autem

180 2169 299 2238 beatus
323 2167 493 2248 Gislenus,
511 2167 622 2255 coepit
637 2169 703 2234 Deo
720 2165 848 2256 gratias
872 2188 984 2257 agere,
1004 2167 1094 2254 quod
1114 2187 1149 2236 se
1167 2189 1227 2255 per
1245 2189 1344 2238 suunt
1361 2183 1424 2253 pon·
1473 2203 1474 2237 ;

181 2255 303 2326 tificem
330 2277 480 2346 superna
512 2255 622 2344 gratia
655 2253 835 2326 visitasset.
859 2254 1062 2325 Perveniens
1089 2255 1203 2342 itaque
1234 2256 1279 2325 ad
1314 2253 1424 2326 urben,
1471 2260 1478 2311 l

179 2359 297 2417 sancto
323 2357 557 2434 praesentatur
577 2344 765 2434 Episcopo:
794 2366 895 2433 quem
922 2343 991 2426 illc,
1015 2356 1051 2413 ut
1079 2343 1247 2433 flagrabat
1273 2337 1425 2414 charitatis
1471 2346 1474 2397 '1

179 2433 373 2515 dulcedine,
392 2434 441 2504 sic
465 2431 606 2501 allatus:
624 2455 641 2498 «
659 2433 728 2512 Dic,
751 2433 875 2520 inquit,
900 2433 1009 2512 nobis,
1023 2431 1126 2502 lrater
1141 2433 1331 2514 carissime,
1346 2428 1426 2518 cujus
1470 2452 1478 2520 ιῘ

178 2545 225 2604 es,
245 2521 387 2613 cujusve
410 2519 649 2610 dignitatislv
670 2521 728 2591 Cui
753 2521 809 2590 ille
836 2521 1107 2611 respondens:«
1133 2527 1295 2603 Graecus,
1323 2515 1424 2610 inquit,¹
1470 2496 1475 2579 l

182 2612 329 2692 natione,
358 2609 573 2680 Christianus
598 2631 675 2678 vero
699 2610 876 2699 dignitate.
910 2609 1049 2679 ltlrenis
1079 2633 1156 2679 vero
1179 2626 1299 2690 ortus,
1326 2605 1425 2678 Christi
1468 2598 1478 2692 l

180 2701 384 2789 baptismate
402 2711 551 2778 renatus,
571 2699 617 2768 ita
641 2701 784 2767 Romam
805 2699 938 2780 adiens,
959 2721 1018 2788 per
1039 2697 1094 2768 ltei
1114 2712 1332 2790 praeceptum
1357 2697 1424 2764 banc
1469 2695 1478 2723 ·¹

182 2789 317 2876 perveni
342 2789 375 2857 in
406 2787 564 2877 patriam,
583 2808 688 2875 super
714 2787 843 2856 llumen
869 2791 1039 2876 Hagnam,
1067 2788 1101 2856 in
1128 2787 1201 2857 loco
1225 2788 1288 2875 qui
1321 2784 1426 2856 dicitnr

184 2876 398 2964 Ursdungus,
425 2897 547 2965 operor
573 2875 744 2956 manibus,
767 2874 948 2946 aedificare
974 2877 1124 2966 gestiens
1148 2879 1214 2946 Deo
1246 2874 1423 2946 oratorium.
1469 2876 1472 2955 ᾖ

101 2989 105 3000 ’
182 2964 420 3034 llesiderabam
446 2962 604 3051 equidem
627 2977 721 3033 tuam
738 2978 893 3054 expetere
911 2965 1137 3046 sanctitatem,
1158 2965 1326 3054 petiturus
1342 2962 1425 3032 licen·
1471 3035 1472 3039 Ἰ

184 3053 263 3121 tiam
288 3052 412 3142 agendi
428 3074 516 3140 quae
540 3065 622 3122 sunt
640 3065 771 3142 coepta,
790 3053 846 3122 sed
872 3055 1045 3138 praevenit
1059 3053 1170 3144 gratia
1195 3067 1267 3136 tua,
1285 3073 1366 3141 quac
1380 3063 1425 3115 nos
1469 3050 1472 3139 j

180 3141 368 3210 accersivit.
390 3165 407 3207 »
428 3140 578 3211 Intuitus
594 3153 708 3210 autem
725 3141 840 3212 almus
857 3142 1046 3242 Episcopus
1058 3143 1126 3212 -viri
1142 3163 1328 3222 sermones,
1342 3133 1425 3208 nitnt-

180 3251 246 3318 nue
263 3229 539 3319 reprehensionis
558 3229 831 3318 deprehendens,
854 3231 973 3301 dilexit
995 3253 1088 3311 eum;
1106 3231 1224 3318 sicque
1243 3254 1302 3322 per
1319 3228 1424 3319 aliquot
1477 3247 1478 3254 ¹

180 3319 254 3389 dies
273 3321 382 3410 gratia
400 3317 642 3408 hospitalitatis
665 3330 847 3401 retentum,
865 3333 898 3390 et
919 3319 1107 3409 corporalis
1130 3319 1315 3390 alimoniae
1334 3315 1423 3410 subst-
1471 3343 1472 3350 ,

131 3451 140 3470 ·
181 3409 249 3490 dio,
271 3423 304 3478 et
334 3429 430 3477 sacro
455 3407 647 3497 spiritualis
674 3409 759 3477 vitae
784 3407 954 3496 colloquio
980 3407 1124 3478 satiarit.
1155 3408 1284 3479 Dehinc
1308 3400 1424 3477 benedt-

181 3499 305 3568 ctionis
340 3519 422 3566 suae
447 3517 589 3565 manere
619 3501 798 3578 donatum,
825 3510 1033 3586 acceptaque
1058 3497 1274 3588 regrediendi
1297 3489 1420 3566 licentia.

181 3609 259 3656 cum
287 3584 490 3654 venerabilis
509 3599 604 3675 pater
628 3586 784 3654 bortatur
809 3587 971 3674 perlicere
987 3585 1150 3666 studiose,
1173 3608 1262 3674 quae
1279 3586 1420 3673 coeperat.

181 3695 285 3762 seque
301 3674 456 3774 peractis,
475 3695 564 3760 quae
578 3687 819 3764 congruerent,
846 3675 1034 3746 oratorium
1059 3697 1142 3745 suae
1164 3671 1366 3746 auctoritatis
1380 3666 1422 3736 be
1477 3711 1478 3714 =

183 3763 374 3834 nedictrone
404 3775 684 3832 consecraturum
720 3763 889 3854 promisit.
922 3769 994 3848 Qua
1027 3765 1186 3854 Episcopi
1223 3757 1422 3854 promissione
1473 3761 1474 3766 ’

182 3853 302 3932 laetus,
331 3851 426 3950 operi
451 3851 629 3921 ardentius
661 3852 832 3934 instabat,
863 3853 1139 3923 animadvertens
1166 3851 1240 3941 jem
1271 3859 1421 3938 errarunt

181 3953 305 4010 eventu
329 3963 364 4010 se
385 3940 483 4008 rllum
506 3940 689 4022 invenisse,
707 3963 808 4028 quem
835 3943 877 4010 ad
904 3941 1134 4012 ministerium
1160 3941 1296 4012 socialis
1318 3935 1420 4007 labens

181 4028 348 4099 divinitus
369 4027 525 4098 audierat
541 4029 607 4099 sibi
624 4030 846 4118 promissum.
868 4029 1017 4120 Expletis
1041 4052 1118 4100 vero
1140 4054 1200 4120 pro
1218 4026 1347 4101 modulo
1361 4039 1416 4091 sut¹

182 4141 269 4203 (luae
288 4117 487 4186 monasticis
501 4119 624 4188 usibus
639 4119 888 4207 congruebant,
908 4120 958 4189 vir
982 4119 1038 4188 llei
1065 4119 1293 4189 venerandum
1317 4109 1417 4184 talibus
1477 4135 1478 4138 ¹

185 4207 296 4274 verbis
320 4205 514 4294 interpellat
538 4207 768 4362 Episcopum:
789 4229 807 4273 «
831 4213 979 4298 Tempus
1003 4208 1109 4290 adest,
1134 4223 1238 4298 pater,
1257 4211 1416 4296 quo-servo
1476 4237 1478 4280 p

183 4315 246 4363 suo
271 4293 434 4364 dominus
465 4295 613 4382 ponti'ex
639 4297 827 4384 promissae
853 4296 1100 4368 benedictionis
1126 4321 1253 4368 inuans
1275 4287 1415 4384 exsolvere

183 4379 314 4450 debeat.
343 4405 360 4448 v
386 4383 546 4452 Gaudeus
580 4381 685 4474 igitur
714 4385 918 4456 venerabilis
953 4398 1047 4476 pater
1078 4387 1177 4456 bonis
1210 4385 1268 4456 viri
1296 4375 1412 4452 stadt&
1475 4465 1476 4470 Ἰ
