2960 4824
245 253 306 318 3b'l
588 271 626 316 nn
651 272 678 317 s.
706 270 838 318 nussum
862 271 911 316 rr.
939 269 1086 318 venenat.
1314 253 1389 320 net.
1414 257 1446 318 lb

156 409 159 416 ,
200 371 350 448 tempore
375 355 416 425 ad
444 355 590 424 videnda
615 354 687 424 loca
712 367 830 425 sancta
850 370 1050 438 accesserat,
1072 371 1105 426 et
1128 379 1207 428 cum
1233 357 1368 428 caeteris
1389 357 1446 426 lra-

200 447 310 517 tribus
336 447 496 514 inventus
525 465 591 514 non
618 456 680 513 est.

242 538 260 624 ξ
284 540 359 608 16.
387 539 563 603 Caeterum
588 532 643 601 vir
663 532 753 601 banc
776 531 956 623 epistolam
977 533 1302 623 quomodocumque
1320 533 1447 605 conscri-

200 626 345 716 psimus
357 626 464 692 Deum
483 642 620 710 semper
633 621 858 712 postulantes,
870 634 908 692 ut
922 624 1083 693 custodes
1101 625 1134 692 in
1153 623 1257 694 boras
1274 623 1446 700 refrenaret,

197 726 230 784 et
252 710 464 791 concederet,
485 731 528 780 ne
547 710 590 778 ad
612 731 670 779 vos
691 710 860 781 Diaconus
878 713 1048 781 nuncium
1074 713 1186 803 magis
1202 712 1330 782 laboris
1346 711 1444 783 nostri.

196 823 302 891 quam
322 799 593 888 qualescumque
613 797 830 870 salutationis
847 799 977 870 litteras
997 799 1109 870 secret.
1124 807 1267 892 Propter
1283 801 1368 892 qnod
1381 801 1448 869 satis

198 913 256 962 vos
282 903 370 991 peto,
390 900 427 958 ut
449 909 530 958 cnm
555 888 652 959 omni
672 888 849 980 vigilantia
873 889 1076 960 custodiatis
1100 889 1217 972 fidem,
1237 891 1371 962 servetis
1386 910 1448 957 con·

198 980 364 1060 cordiam,
387 975 601 1048 orationibus
621 977 843 1058 incumbatis,
864 978 973 1050 nostri
1002 1000 1172 1049 memores
1198 979 1276 1050 sine
1299 979 1447 1049 intermis-

199 1070 295 1141 sione
318 1067 405 1148 sitis‚
424 1077 463 1136 ut
486 1065 650 1156 dignetur
668 1066 835 1137 Dominus
859 1067 1046 1137 Ecclesiam
1072 1089 1171 1138 suam
1198 1068 1354 1149 liberare,
1378 1087 1446 1154 quae

199 1179 304 1248 super
328 1155 527 1226 universum
553 1154 669 1224 orbem
697 1153 839 1237 laborat,
853 1167 892 1240 ,et
916 1169 953 1226 ut
971 1176 1032 1225 nos
1051 1158 1112 1244 qui
1127 1157 1368 1248 deprimimur,
1388 1177 1445 1246 pos-

200 1249 310 1320 simus
330 1245 506 1315 vobiscum
533 1243 667 1314 liberati
692 1244 863 1334 gaudere:
882 1243 972 1331 quod
1000 1257 1174 1334 praestare
1190 1247 1389 1337 dignabitur
1404 1250 1447 1312 lto-

126 1375 129 1384 ι
199 1338 327 1416 minus,
345 1333 540 1425 petentibus
564 1333 672 1414 vobio,
694 1353 752 1421 per
770 1333 952 1403 Dominum
971 1344 1128 1404 nostrum
1146 1340 1268 1405 Jesum
1285 1335 1445 1410 Christum,

197 1425 257 1513 qui
285 1437 336 1494 est
358 1443 476 1494 secum
500 1421 701 1493 benedictus
724 1443 744 1491 a
768 1421 895 1492 seculis
918 1433 951 1492 et
981 1423 1017 1492 in
1045 1423 1163 1494 omnia
1193 1423 1314 1494 secula
1337 1420 1447 1493 seculo·

200 1537 292 1595 rum,
315 1517 433 1582 lmen.

241 1604 259 1690 ξ
282 1605 348 1676 ss.
366 1607 494 1670 Iterum
513 1609 600 1689 peto,
620 1610 652 1668 et
669 1619 727 1668 vos
745 1621 804 1689 par
825 1599 1097 1670 misericordiam
1118 1600 1176 1670 Dei
1193 1623 1291 1692 rogo,
1311 1613 1348 1671 ut
1363 1619 1446 1670 unus·

196 1691 345 1780 quisque
369 1691 403 1759 in
428 1689 493 1759 hac
516 1687 661 1779 epistula
686 1687 926 1758 salutationem
952 1711 1050 1760 suam
1070 1705 1272 1780 nuncupata
1297 1691 1374 1781 quia
1392 1687 1445 1758 sin·
1470 1761 1471 1770 ,

223 1779 300 1862 ulis,
320 1791 359 1848 ut
377 1777 541 1858 solebam,
564 1776 709 1847 faciente
734 1777 946 1860 necessitate,
966 1779 1116 1849 scribere
1142 1799 1208 1847 non
1261 1776 1445 1851 otui.1tain
1470 1783 1471 1820 ³

197 1803 261 1938 lac
286 1889 345 1938 vos
368 1887 500 1948 omneS,
534 1865 665 1946 fratres,
698 1865 757 1936 sed
791 1879 824 1936 et
857 1879 997 1937 sanetae
1032 1889 1186 1950 sorores,
1216 1801 1282 1938 filli
1306 1880 1339 1938 et
1364 1865 1444 1937 tiliae

197 1977 334 2028 omnem
361 1977 479 2026 serum
512 1953 672 2045 appello,
699 1976 836 2026 omnem
870 1967 1014 2025 aetatem
1040 1969 1140 2046 peto,
1168 1969 1205 2027 ut
1232 1958 1299 2027 hac
1322 1953 1445 2050 contenti

198 2046 414 2126 salutatione,
434 2055 550 2114 nostro
565 2044 729 2131 obsequio
745 2045 847 2114 etiam
870 2044 943 2126 hus,
962 2045 1024 2131 qui
1048 2044 1131 2116 loris
1154 2060 1251 2129 sunt,
1279 2057 1313 2114 et
1336 2065 1393 2113 nos
1410 2041 1446 2110 di-

197 2147 347 2226 gnantur
364 2135 519 2224 diligere,
538 2132 687 2203 salutare
703 2132 908 2223 dignemini.
936 2133 1093 2204 Salutant
1118 2156 1176 2204 vos
1200 2134 1325 2206 fratres
1349 2131 1444 2226 nostri.¹

197 2225 257 2312 qui
277 2245 409 2294 mecum
429 2233 520 2302 sunt,
538 2221 728 2313 presbyteri
752 2234 783 2292 et
803 2222 977 2304 diacones,
998 2219 1056 2292 sed
1073 2234 1245 2296 stolones
1266 2225 1388 2294 nostri:
1404 2241 1446 2306 qut

198 2335 267 2384 una
289 2333 423 2382 meeum
450 2311 532 2380 satis
558 2323 688 2401 petunt,
710 2323 750 2380 ut
774 2311 881 2380 nostri
907 2331 1087 2392 memores,
1106 2333 1229 2382 omnes
1259 2325 1384 2384 vestros
1405 2329 1445 2376 m·

198 2416 268 2474 stro
291 2400 485 2559 dipnemini
509 2399 675 2490 obsequio
699 2399 859 2469 salutare.
892 2401 1083 2470 Transmisi
1120 2412 1297 2490 praeterea
1330 2401 1443 2470 litteras,

196 2512 282 2578 quas
307 2512 325 2559 a
374 2487 610 2578 Patropbilum
631 2487 808 2559 custodem
835 2509 950 2557 meum
974 2488 1050 2572 leci,
1068 2503 1106 2559 ut
1120 2511 1160 2558 ex
1184 2489 1241 2562 his
1261 2487 1443 2581 agnoscatis.

198 2601 259 2650 nos
283 2578 573 2650 driomanitarum
600 2598 662 2646 nec
684 2577 787 2647 minis
805 2599 904 2667 posse
926 2579 1055 2660 terreri,
1078 2599 1189 2666 neque
1214 2581 1369 2670 ipsorum
1395 2595 1446 2644 ser·
1469 2651 1470 2662 χ

198 2669 337 2756 pentina
361 2665 489 2736 blanda
513 2665 702 2737 subtilitate
728 2666 887 2756 possead
910 2666 1064 2756 ipsorum
1091 2669 1291 2739 societatem
1313 2661 1443 2758 perduci.
1469 2669 1470 2692 ¹

197 2758 360 2827 Divinitas
378 2777 436 2824 vos
452 2767 617 2846 protegat,
637 2755 866 2842 florentesque
883 2755 995 2825 vivere
1010 2768 1043 2825 et
1061 2756 1116 2826 bic
1131 2769 1164 2826 et
1181 2757 1216 2826 in
1237 2757 1351 2828 futuro
1367 2753 1445 2823 laciat

195 2867 275 2916 cum
300 2844 464 2914 omnibus
480 2845 612 2926 vestris,
631 2843 753 2914 fratres
769 2844 954 2926 carissimi,
972 2857 1005 2914 et
1024 2845 1106 2916 satis
1123 2843 1411 2917 desideratissimi.

515 3159 739 3240 bauain*
757 3161 824 3254 DE
857 3161 895 3240 S.
927 3157 1148 3242 busseto
1215 3245 1219 3254 ,

192 3367 277 3425 QUAE
302 3369 333 3416 ΙΝ
358 3371 386 3418 S·
413 3371 538 3418 EUSllllll
562 3373 611 3418 ΕΡ.
641 3369 786 3420 vuacutt.
815 3372 898 3436 virt,
921 3373 942 3418 A
964 3373 1085 3421 tutuno
1109 3373 1273 3422 suntiono
1297 3365 1440 3420 Illllllllllld.

371 3473 509 3522 ntosntttt
532 3472 700 3522 uentustlttt
723 3475 899 3535 auttsrlru,
924 3475 1030 3535 abtin,
1058 3475 1287 3526 continuarum

238 3646 420 3717 transmit
447 3659 542 3737 pater
573 3648 639 3717 sub
660 3646 865 3718 Maximiano
889 3647 969 3718 fidei
1001 3650 1107 3718 causa
1132 3649 1290 3730 vinctus,
1315 3645 1390 3716 dum
1411 3661 1440 3710 er
1468 3695 1469 3736 p

192 3736 303 3807 llrica
323 3742 465 3806 Romam
485 3735 634 3818 ducitur,
655 3737 688 3804 in
708 3737 828 3806 itinere
848 3759 868 3805 a
893 3735 1099 3808 satellitibus
1123 3737 1325 3828 injuriosius
1340 3744 1439 3830 tracta·

192 3839 290 3930 ctus,
321 3847 360 3894 ex
400 3825 463 3894 bac
499 3825 566 3894 vita
593 3825 762 3908 discessit,
800 3824 976 3915 praeclara
1008 3847 1088 3896 cum
1124 3825 1355 3897 testificatione
1382 3839 1439 3911 pre·

193 3929 384 3986 tatrssuae.
869 3976 877 3991 ,

235 4009 278 4075 ll.
307 4009 353 4073 Er
376 4025 416 4072 eo
442 4014 601 4092 parente,
629 4003 700 4073 viro
732 4002 798 4074 fide
850 4004 1031 4092 enerisque
1055 4003 1210 4074 claritate
1234 4000 1434 4094 nobilissimo.
1468 3937 1469 4022 l

193 4105 368 4180 matreque
397 4091 499 4161 etiam
533 4087 796 4182 religiosissima
827 4027 1003 4175 loomina,
1037 4093 1206 4164 Eusebius
1236 4095 1269 4164 in
1302 4087 1434 4162 Sardinia

216 4235 229 4262 *
244 4237 319 4286 Etoqta
332 4237 398 4288 haec,
412 4239 439 4276 ut
453 4237 504 4285 lpse
520 4237 643 4276 Ferrerluu
660 4237 806 4282 testabamur
827 4239 922 4278 Petrum
941 4241 991 4280 tum
1002 4239 1153 4288 Graecorum,
1162 4241 1213 4280 tum
1222 4239 1352 4280 Latinorum
1361 4228 1433 4270 condo·

188 4288 258 4328 nlbue
273 4291 390 4339 excerpta.
405 4299 418 4330 ι
432 4291 522 4330 Jounne
537 4289 663 4330 rrsnctsoo
676 4287 813 4336 Bonhomio.
828 4291 961 4334 clarissimo
976 4295 1016 4343 Ep.
1028 4293 1172 4334 vercellensl
1187 4294 1248 4334 edlu
1257 4293 1376 4332 meretum
1385 4280 1433 4344 tede

190 4342 354 4382 transferendo
376 4345 398 4383 s.
418 4341 512 4383 Eusebll
535 4353 633 4392 corporo
653 4345 773 4392 cogitaret,
791 4345 818 4383 ut
835 4346 945 4394 arcubus,
964 4348 1057 4396 vitaque
1073 4346 1175 4397 publicu
1192 4345 1360 4398 apponerentur.
1376 4337 1432 4377 nitet

191 4399 270 4434 umen
280 4396 485 4444 ls'topti'aenouuulla
495 4395 585 4436 addidit
595 4395 644 4445 lpse
654 4395 783 4442 Ferrarius.
796 4398 824 4438 ab
835 4400 886 4448 ipro
896 4403 1033 4450 composita.
