2920 4810
201 269 303 338 viduo*
550 289 812 340 unnrrnocoerun
843 293 1057 340 ictusrnnruu
1292 272 1361 337 tut.
1379 273 1400 332 u

154 374 305 452 apparuit,
329 373 434 435 induta
459 376 574 446 tunica,
597 391 687 452 quam
710 391 723 436 a
741 391 789 434 me
819 373 950 446 sessoris,
972 375 1060 452 ouJus
1082 375 1144 434 uita
1167 375 1256 434 tantis
1274 373 1404 432 eutitium·

155 455 239 530 prius
259 461 427 532 acceperat.
453 452 529 514 Cum
555 469 604 515 me
631 461 733 516 autem
757 455 793 515 in·
818 452 1085 530 reculisgloriosa,
1104 459 1136 514 ut
1153 455 1244 514 trium
1259 459 1402 514 mortuorum

155 541 267 594 terram
290 533 493 612 projecissem,
515 535 660 606 accurrit,
675 543 788 595 etcum
819 535 968 594 meruerit
988 550 1052 595 esse
1077 533 1243 596 suscitator.
1271 531 1350 610 (uice
1368 533 1403 590 Su·

154 612 536 686 lacrymisdixiteminus:
561 612 788 690 ‹Nequaquam
817 613 913 686 munt,
930 628 997 692 pag.
1014 613 1096 691 391).

155 692 212 754 hoc
226 692 461 766 lactasonomo,
478 708 670 771 nequaquam
689 695 787 766 iacias,

154 772 295 834 ditinum
328 773 442 833 donum
474 773 619 834 aderens:
655 787 693 833 ne
723 789 789 834 uras
936 769 1121 833 attendit
1143 771 1214 835 lin.
1237 787 1269 830 ar
1290 771 1321 831 li.

155 853 313 924 miseram,
329 851 431 912 diuina
447 851 593 914 dedecore
608 851 753 914 alliciens.
771 875 784 907 s
958 880 1076 941 Pam
1091 885 1134 941 ω
1150 895 1232 940 mmo
1245 877 1308 938 294·

154 929 787 1010 lleitapuetunicaapprehensumerexit.
1391 1009 1393 1014 ,

154 1008 219 1088 Ego
239 1017 343 1072 autem
366 1011 456 1072 eduxi
479 1027 496 1074 e
517 1011 589 1073 sinu
618 1027 685 1073 meo
707 1013 790 1089 pyxi-
858 1010 1034 1074 Mnerunoc.
1062 1045 1100 1057 —
1122 1010 1245 1086 Cotyaei
1267 1013 1296 1072 in
1315 1009 1403 1084 Pluycu

155 1087 225 1150 dem
241 1105 309 1152 cum
325 1088 421 1152 Carne
436 1091 569 1152 Domini.
585 1089 662 1153 dum
679 1090 727 1152 illa
739 1107 791 1154 au-
820 1091 949 1168 insignis
963 1093 1057 1168 passio
1078 1092 1173 1154 sancti
1197 1093 1320 1153 Mauras
1342 1089 1406 1164 leyy·

157 1175 218 1230 tem
241 1172 272 1230 in
298 1177 407 1232 tertam
439 1171 617 1244 cecidisset,
648 1171 789 1232 diuinum
818 1171 872 1246 prii
888 1171 1002 1244 llilitis,
1025 1173 1077 1250 qui
1095 1172 1127 1231 in
1151 1171 1345 1250 persecutione
1365 1167 1400 1226 liu

154 1247 270 1310 donum
292 1252 415 1326 accepit,
437 1257 468 1311 et
482 1249 751 1312 lamentationibus
762 1259 790 1311 et
819 1249 955 1324 cletiani,
978 1259 1153 1329 postquam,
1181 1251 1296 1327 abjecto
1320 1247 1407 1309 militiae

154 1326 295 1407 lacrymis
319 1337 430 1390 terram
446 1332 547 1409 rigans
559 1330 652 1391 dixit:
677 1329 790 1391 oNunc
819 1330 955 1407 cingulo,
973 1331 1087 1392 meruit
1108 1331 1227 1393 coelesti
1245 1329 1314 1405 Regi
1332 1332 1406 1387 aaut]

154 1405 287 1469 dimittis
321 1409 463 1470 ancillam
498 1419 601 1484 tunm,
635 1410 787 1470 Domine:
819 1410 1095 1472 conversationein
1112 1411 1214 1470 eremo
1230 1409 1409 1482 militarepn·

155 1486 306 1560 Quoniam
330 1489 472 1550 uiderunt
487 1487 566 1550 oculi
584 1491 643 1550 mei
659 1487 790 1552 salutare
820 1489 930 1551 cedens
942 1489 973 1550 in
985 1487 1406 1566 ponticumetsecnrrstiann

154 1573 264 1628 tuum:
287 1566 435 1640 Quoniam
459 1569 669 1630 remissionem
693 1583 790 1646 pecca-
819 1567 913 1631 libera
937 1584 1009 1630 uoce
1041 1568 1221 1643 declarans,
1251 1571 1339 1648 primo
1363 1567 1408 1623 tus

156 1654 256 1708 torum
271 1649 302 1709 in
316 1649 455 1710 inanibus
466 1646 675 1726 occepi.Nuno
689 1648 789 1720 abibo,
819 1648 1004 1711 cruciatibus
1018 1650 1224 1723 examinatum
1241 1647 1380 1710 nouissima
1390 1641 1409 1700 l·

153 1741 213 1802 quo
242 1733 291 1788 tua
322 1743 372 1788 nte
397 1727 482 1806 y'ubet
513 1731 685 1807 petentia.»
713 1726 790 1789 llaec
819 1729 867 1790 xis
882 1729 912 1790 in
928 1729 1066 1790 oratione
1077 1727 1219 1804 genibus,
1241 1723 1407 1788 Domiuoteu

153 1821 226 1884 ergo
251 1823 320 1868 cum
342 1808 479 1881 dixisset,
501 1817 533 1869 et
554 1822 662 1870 manus
681 1805 734 1868 diu
758 1807 789 1868 in
820 1805 940 1868 Christo
961 1809 1057 1886 gratia
1079 1823 1193 1884 agens,
1223 1806 1319 1884 gladio
1341 1815 1408 1888 cassu

153 1887 274 1948 coelum
286 1887 480 1959 extendisset,
502 1903 552 1960 nte
569 1887 709 1964 precibus
724 1903 790 1965 pro·
819 1893 871 1960 est,
886 1903 920 1950 ac
941 1886 1046 1948 multis
1060 1895 1124 1966 post
1139 1894 1271 1948 mortem
1295 1881 1407 1946 miracula

153 1981 296 2044 sequens,
317 1967 434 2028 dimisit
448 1968 484 2028 ad
498 1969 603 2028 socios.
620 1964 697 2028 Corn
713 1982 789 2044 pau·
819 1967 939 2029 claruit.

156 2061 206 2106 cos
230 2055 333 2108 antem
362 2046 425 2108 dies
454 2047 556 2108 venati
589 2061 735 2119 essemus,
760 2053 791 2108 et
858 2045 988 2108 Consule
1008 2046 1206 2108 directorium
1221 2046 1302 2107 Roas.
1317 2038 1410 2134 subla?

155 2127 294 2201 praedam
317 2131 388 2186 satis
409 2141 553 2203 magnam
581 2127 788 2203 cepissemus,
818 2126 876 2187 die.
896 2157 934 2170 -
957 2124 989 2186 ln
1005 2125 1035 2186 S.
1054 2125 1184 2187 llennae
1207 2126 1345 2186 honorem
1363 2123 1410 2179 tuu-

155 2205 269 2268 reversi
292 2222 407 2268 suanus.
431 2205 468 2266 nt
484 2205 526 2266 illi
545 2205 670 2284 qttidem
692 2205 790 2285 prole·
818 2207 971 2268 staulinus
999 2205 1126 2280 diagnus
1156 2202 1309 2266 eeclesiam
1332 2207 1411 2263 entm-

155 2285 322 2346 ctisuntad
337 2301 458 2350 nauem:
471 2292 640 2362 egoautem
654 2285 788 2358 cucurri,
819 2287 897 2346 uisse
925 2283 1210 2364 Constantinopoli,
1234 2283 1337 2344 dicitur
1361 2274 1410 2354 apul

155 2364 285 2438 utillius
301 2365 519 2443 beataepreoes
538 2366 706 2444 acciperem
723 2366 790 2426 viae
819 2365 1037 2444 Nicephorum.
1064 2361 1141 2425 llum
1173 2379 1255 2425 anno
1282 2361 1335 2424 aut
1361 2371 1410 2419 nat·

155 2444 290 2505 comites.
306 2443 380 2506 Caum
392 2453 496 2506 autem
508 2445 701 2506 venissemin
715 2455 789 2506 tem·
819 2444 933 2524 tyrium
954 2441 1154 2522 complevisse
1170 2441 1297 2506 Ruinart
1320 2445 1410 2502 testatur

154 2524 250 2601 plum,
272 2533 303 2585 et
324 2525 433 2586 deinde
454 2525 732 2603 circumspicerem,
756 2531 790 2586 ut
819 2523 850 2585 in
867 2523 1065 2602 Proesolt'ooe
1079 2530 1137 2585 etc.

154 2617 221 2664 eam
245 2604 392 2676 uiderem,
416 2603 506 2664 uideo
526 2620 592 2666 eam
609 2605 640 2664 iu
658 2619 694 2665 eo
712 2605 788 2744 Ιὲοο,

157 2683 699 2761 itaquopriusuideram,emigrasse.
738 2699 788 2743 um
871 2718 886 2739 η
1348 2709 1387 2768 νς

154 2763 444 2840 ergoprocidissem,
466 2763 679 2840 etiteatosey‘us
702 2763 790 2840 pedes
846 2719 899 2782 3³·
915 2716 1173 2793 W‘ENTINUS’
1190 2712 1370 2834 FFLIOEAM

154 2857 252 2902 essem
272 2841 441 2918 amplexus,
465 2848 495 2904 et
517 2841 663 2920 rigassam
691 2843 789 2920 lacry·
949 2813 1231 2878 chlCTORlNUs
1246 2815 1308 2878 ΜΜ·

155 2921 223 2994 illis,
236 2921 349 2982 stabam
359 2931 471 2997 inlitus,
483 2923 536 2984 diu
547 2921 691 2984 dubii-alis
705 2921 790 2999 qdid-
878 2931 1065 3009 Martyrium
1086 2927 1208 2992 subiere
1222 2947 1300 2992 antid
1318 2923 1371 2988 303.

155 3015 225 3062 nam
247 3001 388 3063 lacerem.
415 3005 513 3081 dtque
528 3001 788 3082 videbarquidem

154 3079 307 3157 sapienter
328 3090 357 3143 et
378 3083 495 3144 utiliter
516 3081 661 3156 lecturus,
677 3083 701 3142 si
717 3097 788 3143 outo
858 3083 1032 3144 Mancinus.
1049 3082 1262 3144 ——llarennae
1276 3083 1406 3142 sanctorm

153 3159 295 3239 lacrymis
317 3162 376 3223 ileo
397 3161 589 3240 supplicans,
611 3170 641 3223 et
670 3170 790 3224 sunctae
820 3163 983 3241 Martyrum
1020 3159 1210 3234 lanearum,
1238 3162 1372 3223 lectoren
1385 3156 1407 3241 'et

154 3248 255 3302 motos
277 3245 459 3312 reverentia,
482 3256 636 3318 rogarem,
658 3252 692 3302 nt
717 3241 791 3303 huic
819 3241 996 3312 Vroroetm,
1019 3243 1070 3318 qui
1096 3243 1125 3302 in
1153 3243 1348 3317 persecutione
1367 3233 1407 3292 llu-

156 3319 200 3382 rel
216 3337 231 3381 a
247 3321 307 3383 [leo
330 3322 564 3399 provideretur:
585 3327 616 3382 et
637 3322 790 3400 quomodo
819 3321 940 3383 cletiani
957 3322 1092 3383 coronati
1108 3329 1193 3382 sunt

73 3447 74 3450 ,
156 3400 180 3462 is
199 3400 400 3473 ostendisset,
420 3403 535 3482 jussum
558 3401 699 3462 diuinum
722 3417 790 3464 exo·
859 3401 980 3464 Praeter
1003 3401 1170 3480 liautytum
1202 3401 1406 3462 nominaetau·

154 3495 276 3558 queror.
298 3481 382 3555 Quod
404 3483 428 3544 si
444 3481 501 3543 troo
516 3495 576 3542 non
592 3495 689 3543 essem
712 3496 788 3544 asse·
821 3495 905 3556 num,
928 3495 988 3561 quo
1013 3481 1089 3557 passi
1111 3487 1196 3554 sunt,
1219 3480 1291 3541 nihil
1311 3471 1374 3538 aliod
1389 3481 1405 3525 u

155 3566 255 3635 cutus,
276 3561 409 3623 secunda
430 3570 505 3636 erat,
528 3569 561 3623 ut
584 3557 720 3632 dicitur,
744 3561 788 3622 in·
819 3560 950 3622 Batonio
969 3563 1134 3637 reperitur.

155 3639 253 3704 eunde
277 3641 443 3718 nauigatio,
468 3648 620 3718 nempeut
635 3640 789 3703 lianoram

155 3720 243 3782 sociis
264 3725 536 3796 communicarem,
558 3729 589 3782 et
604 3736 673 3782 cum
689 3721 792 3784 cisse·
879 3719 909 3781 S.
938 3717 1218 3781 nunnuouunt's
1248 3719 1370 3779 liseria.

155 3802 296 3877 pulturae
317 3801 493 3863 mandarem
509 3801 613 3862 beatae
636 3801 789 3879 reliquias,
957 3827 1074 3888 passm.
1088 3833 1131 3886 ,sy
1147 3843 1229 3888 am„
1244 3823 1307 3887 304·

156 3881 280 3960 hymnis
307 3887 338 3942 et
368 3883 491 3944 canticis
521 3897 704 3959 prosequens
735 3897 790 3960 pro
1335 3954 1339 3963 ¹

157 3961 287 4024 uiribus.
313 3960 371 4023 Sed
394 3967 429 4022 ut
450 3960 595 4034 videtur,
619 3975 680 4022 non
703 3959 790 4024 laoile
859 3959 1089 4021 llanrnnoc.-
1104 3958 1137 4021 ln
1160 3959 1352 4036 Mesopotamia
1364 3957 1407 4006 sau·

154 4043 305 4118 contingit
318 4055 350 4102 se
364 4043 515 4119 sapienter
530 4057 636 4118 gerere
640 4087 696 4104 .....
712 4065 724 4098 t
819 4039 858 4098 cti
876 4038 1070 4101 drnauooonr
1094 4040 1244 4116 Martyris,
1265 4036 1311 4116 qui
1325 4028 1408 4114 sulti·

457 4118 459 4124 ’
819 4119 886 4180 dem
909 4119 1093 4182 Diocletiano
1107 4127 1135 4180 et
1163 4117 1279 4180 Eleusio
1297 4099 1408 4194 Praestri}

183 4189 370 4232 economus
663 4192 713 4232 ΝΕ
728 4192 764 4232 ¹1·
820 4197 943 4274 ignibus
971 4199 1134 4271 ortioiatus,
1157 4208 1188 4260 et
1211 4197 1274 4260 aliis
1292 4185 1408 4267 supplico

196 4273 377 4338 Manrunoc.
408 4311 445 4322 —
473 4277 606 4339 Turonis
632 4281 663 4339 in
696 4277 790 4342 Gelda
820 4269 1406 4358 tortus,demumcapitisdamnatusllssl

158 4352 263 4410 natalis
278 4353 357 4414 beati
374 4356 657 4436 nnsrtniitpiscopi
674 4357 791 4422 etCou·
819 4358 952 4420 carnilett
983 4359 1169 4433 corruisset,
1192 4373 1244 4420 nec
1271 4351 1338 4414 ullus
1353 4341 1407 4406 altus
