2946 4798
29 230 95 294 blf.
117 231 155 294 tt
352 250 391 296 us
415 249 444 296 s.
469 249 590 296 tonnus
615 249 665 295 aa.
693 249 730 296 nr
754 247 906 296 evanum.
1158 231 1217 296 l8l

28 337 143 420 bosque
165 332 360 424 subjungit:
380 339 464 404 Erat
486 355 566 424 erpo
582 335 772 404 recumbens
787 355 875 403 uuus
891 357 936 403 eu
948 335 1123 422 discipulis
1137 339 1218 404 Jesu
1231 337 1266 404 ln

25 423 84 490 n'nn
98 421 181 503 lesu,
207 445 302 514 quem
320 424 485 514 dllipebot
506 429 613 492 lesus.
646 425 761 492 lenuit
787 445 865 513 erpo
897 424 976 492 but'c
998 425 1112 493 Simon
1136 428 1265 502 Petrus,

26 520 48 577 ct
63 510 132 578 dicit
147 513 196 580 ei:
224 514 302 595 (lais
332 522 392 592 est,
422 511 463 582 de
486 534 551 603 quo
580 513 689 580 dictat
718 516 824 598 Atque
843 523 881 581 ut
906 511 1068 582 historiae
1092 511 1180 602 stylo
1201 535 1267 582 non

26 613 128 678 terrear,
152 600 278 670 Joanni
292 600 516 690 interroganti
545 601 711 669 Dominus
728 622 804 669 mox
837 601 1028 691 respondit:
1047 604 1111 670 Ille
1128 611 1186 681 est,
1216 603 1273 670 cui

24 709 70 776 epo
91 689 256 758 intinctum
270 710 393 780 ponem
408 711 592 780 porreucro
614 688 727 778 (boon.
746 688 831 778 xtra).
852 694 877 759 0
897 689 1151 770 admirabilem,
1171 711 1191 758 o
1217 691 1270 758 in·

24 778 264 864 comparabilem
292 779 426 859 virum,
453 791 486 846 et
512 777 608 847 omni
633 777 844 864 Christianae
868 778 1058 848 devotionis
1087 779 1271 869 praeconio

25 864 280 951 praeferendaml
300 871 384 936 Ecce
408 867 550 936 verbum
577 865 748 966 profertur
771 868 805 935 in
827 867 993 948 medium,
1020 879 1053 936 et
1074 879 1161 938 totus
1186 881 1272 938 tacet

24 975 54 1020 ac
76 954 133 1022 sub
159 955 284 1025 silentii
315 977 460 1025 censura
494 957 695 1044 reprimitur
719 967 858 1040 senatus
887 956 1137 1044 Apostolorum.
1165 962 1269 1026 Tanta

24 1041 168 1127 siquidem
194 1045 346 1134 Magistri
377 1043 605 1134 praesidentis
636 1045 816 1113 videbatur
839 1046 1036 1126 auctoritas,
1066 1057 1104 1114 ut
1128 1047 1194 1114 suh
1219 1045 1270 1114 di-

26 1131 121 1200 stricta
134 1155 165 1201 se
180 1145 414 1222 corupesceret
438 1133 536 1203 beata
549 1132 801 1234 discipulorum
821 1133 941 1204 concio
960 1133 1158 1224 disciplina.
1184 1139 1269 1204 Hae-

27 1218 120 1300 sitant,
137 1222 330 1313 ambigunt,
357 1235 459 1310 atque
479 1222 568 1290 inter
586 1243 622 1290 se
640 1223 784 1292 invicem
811 1222 990 1292 oculorum
1019 1223 1161 1292 nutibus
1213 1246 1271 1293 uo·

27 1305 183 1379 dammodo
208 1312 338 1381 interro
363 1323 460 1382 antes
484 1310 706 1400 adspiciunt:
737 1324 973 1396 verumtamen
1004 1310 1121 1402 lingua
1148 1246 1273 1382 reduce

24 1395 97 1479 quod
119 1399 279 1488 gestiunt,
308 1333 557 1470 velbominum
584 1399 803 1470 consulentes
828 1400 1002 1486 inquirere
1029 1423 1095 1469 non
1131 1423 1270 1492 praesu-

25 1498 114 1554 munt.
138 1493 232 1558 facet
253 1493 387 1569 Petrus
415 1487 601 1558 taceteoeli
626 1488 882 1558 clavicularius.
910 1494 1008 1557 Tacet
1032 1489 1180 1577 denique
1206 1490 1270 1559 lin-

25 1593 87 1658 gua,
110 1597 191 1662 quae
215 1577 326 1648 clavis
349 1576 437 1648 faeta
461 1577 648 1659 coelorum,
675 1577 808 1646 coelum
835 1577 939 1646 simul
965 1590 997 1646 et
1022 1591 1145 1648 terram
1175 1578 1269 1670 ligat,

24 1671 48 1728 et
67 1661 163 1735 solvit.
182 1672 284 1737 Taeet
308 1667 349 1748 ἰε,
376 1666 532 1754 inquam,
551 1667 607 1735 cui
629 1679 744 1755 portae
770 1665 868 1736 inferi
891 1687 958 1735 non
982 1667 1189 1756 praevalent,
1209 1671 1268 1756 qui

27 1747 130 1838 ligandi
145 1757 282 1825 animas
297 1768 398 1843 atque
419 1753 570 1826 solvendi
588 1755 718 1824 obtinet
743 1755 988 1844 principatum.
1010 1757 1091 1825 Silet
1108 1755 1270 1838 Andreas,

27 1840 142 1930 quiipsi
165 1843 261 1914 fratri
280 1844 322 1914 ad
353 1842 478 1914 fontem
505 1843 592 1912 vitae
627 1845 785 1934 praevius
809 1843 884 1914 fuit.
913 1849 982 1914 Non
1010 1843 1163 1931 loquitur
1186 1845 1273 1914 Tho-

29 1946 95 2010 mas,
112 1933 167 2018 qui
191 1933 284 2003 triam
303 1953 339 2004 se
363 1932 495 2002 nescire
525 1931 710 2022 professus
739 1931 899 2010 eumdem
923 1955 998 2004 esse
1023 1935 1125 2014 viam,
1152 1935 1272 2003 verita·

28 2023 79 2084 tam
99 2031 128 2088 et
149 2021 263 2103 vitam,
293 2023 302 2090 i
330 2043 367 2092 so
387 2019 567 2102 referente,
591 2022 760 2112 cognovit.
784 2026 854 2092 llon
873 2023 1063 2111 praesumit
1086 2043 1124 2092 os
1141 2022 1275 2113 aperire

29 2103 191 2204 Philippus,
210 2111 273 2197 qui
298 2043 380 2178 dum
409 2114 541 2180 Patrem
567 2111 632 2180 sibi
653 2111 806 2200 poposcit
829 2110 975 2192 ostendi,
1003 2111 1174 2202 profunda
1200 2133 1275 2200 my·

30 2202 109 2264 steria
129 2197 330 2268 individuae
353 2199 528 2269 Trinitatis
551 2198 694 2268 audivit.
721 2204 847 2270 Omnes
868 2211 1002 2280 tacent,
1030 2221 1149 2270 omnes
1173 2200 1276 2271 dubi-

34 2293 97 2362 tant,
113 2299 140 2355 et
162 2286 310 2358 latenter
333 2287 525 2377 inquirunt,
542 2308 610 2356 non
627 2287 766 2374 quidem
795 2289 982 2377 prolatione
1004 2290 1196 2370 verborum,
1217 2289 1275 2358 sed

34 2381 136 2442 teritum
160 2377 307 2446 nutibus
325 2377 519 2446 oculorum.
548 2376 612 2446 Scd
627 2398 705 2446 cum
733 2399 786 2447 res
803 2377 865 2446 diu
889 2379 955 2446 sub
971 2377 1036 2448 hac
1053 2378 1277 2468 ambiguitate

32 2460 185 2544 penderet,
220 2487 286 2535 neo
315 2464 444 2533 nodum
470 2464 656 2535 dubietatis
694 2466 774 2554 quis
802 2465 868 2534 iam
895 2465 1100 2546 absolveret,
1139 2466 1274 2535 tandem

29 2543 144 2621 loannis
159 2553 392 2642 patrocinium
418 2553 607 2642 quaeritur,
634 2555 732 2624 etsie
749 2487 857 2624 adrui
879 2553 1006 2624 dubiae
1023 2555 1178 2624 notitiam
1202 2577 1278 2645 per-

29 2637 150 2708 vcnitur.
176 2642 235 2712 llle
254 2643 435 2722 nimirum,
459 2641 778 2744 condiscipulorum
806 2665 951 2733 persona
984 2645 1018 2712 in
1045 2667 1081 2713 sc
1105 2657 1276 2734 suscepta,

29 2728 179 2800 onsuttor
202 2730 350 2810 aceedit,
369 2731 428 2818 qui
453 2731 496 2801 de
520 2731 678 2822 amphori
697 2731 941 2803 familiaritatis
965 2743 1066 2820 atque
1085 2731 1280 2804 dilectionis

30 2819 239 2908 praerogativa
262 2819 420 2888 confidit.

50 2905 77 2998 ⁸l
100 2909 157 2978 tt.
183 2909 283 2980 Unde
306 2907 597 2978 considerandum
626 2919 689 2991 est,
708 2908 829 2980 fratres
855 2909 933 2984 mei.
960 2923 1109 2998 quantae
1133 2910 1281 2982 devotio·

31 3007 72 3060 ms
93 2993 248 3068 instantia
262 2999 354 3069 beati
370 2998 515 3068 loannis
531 2995 645 3068 ididae
665 2998 722 3067 Dei
738 2999 893 3090 flagitare
905 2997 1072 3070 debemus
1096 3001 1278 3081 auxilium,

30 3097 112 3160 quem
137 3085 272 3156 sibimet
297 3087 560 3156 interventorem
587 3099 620 3156 et
643 3087 710 3176 ipsi
739 3087 887 3178 Apostoli
912 3088 1145 3175 quaesierunt.
1169 3095 1281 3173 Quen·

32 3175 88 3270 lum
111 3174 196 3262 apud
220 3175 354 3266 justum
375 3173 529 3276 judicem
563 3196 624 3263 pro
640 3177 889 3264 peccatoribus
918 3177 1052 3265 poterit,
1079 3178 1196 3264 quiet
1222 3199 1283 3266 pro

34 3262 276 3340 tpstscoelestis
313 3285 430 3334 curiae
457 3265 674 3333 senatoribus
710 3265 913 3334 intervenit?
942 3270 979 3334 Et
1003 3265 1061 3355 qui
1096 3264 1284 3336 advocatus

35 3339 124 3418 lactus
146 3364 194 3422 est
217 3353 381 3434 summis,
406 3367 511 3440 quam
531 3351 708 3422 humiliter
724 3353 966 3441 implorandus
990 3368 1079 3424 esta
1102 3354 1285 3423 minimisl

35 3433 110 3504 Hanc
131 3439 296 3511 nimirum
314 3440 469 3512 hominis
491 3441 727 3520 eminentiam,
747 3441 837 3512 hane
852 3443 1050 3512 meritorum
1078 3443 1283 3513 sublimium

34 3519 248 3621 celsitudinem
267 3529 417 3630 Angelus
435 3529 493 3599 ille
508 3531 678 3619 cognovit,
705 3531 764 3616 qui
790 3533 889 3602 sech
918 3532 977 3602 illo
1005 3531 1139 3602 adorari
1168 3531 1287 3621 prohi-

36 3605 103 3680 buit.
122 3617 212 3698 tide,
238 3619 377 3706 inquit,
404 3639 448 3688 ne
471 3617 604 3700 feceris,
641 3641 828 3691 conservus
852 3633 933 3692 tuus
968 3642 1058 3700 sum,
1084 3634 1118 3690 et
1141 3621 1286 3690 fratrum

36 3706 149 3798 luorum
173 3705 374 3778 habentium
401 3707 635 3778 testimonium
650 3707 740 3777 lesu.
761 3713 867 3779 Deum
886 3709 1003 3780 adora.
1031 3708 1168 3801 Refugit
1187 3710 1287 3780 obse-

37 3803 134 3868 quium
158 3796 200 3866 ab
224 3795 284 3866 illo
309 3797 496 3887 suscipere,
522 3817 626 3884 quem
656 3811 795 3867 noverat
818 3798 910 3887 apud
947 3819 1170 3869 conrmunem
1192 3797 1288 3889 judi-

39 3892 94 3944 tam
116 3879 223 3962 locum
241 3885 372 3975 gratiae
382 3884 598 3954 familiariter
620 3886 785 3957 obtinere.
809 3885 923 3957 Noluit
938 3886 1165 3965 adoratorem,
1186 3909 1287 3974 quem

40 3957 216 4065 decernebat
237 3973 431 4061 aequalem.
459 3978 607 4044 Fratrem
633 3974 839 4068 recognovit,
860 3977 992 4046 socium
1007 3975 1190 4065 judicavit,
1210 3976 1292 4046 sub·

42 4060 172 4156 ltcttouis
202 4061 434 4134 obedientiam
467 4083 533 4132 non
563 4064 706 4154 aceepit.
745 4063 908 4147 Quamvis
938 4066 1031 4135 enim
1063 4067 1097 4136 in
1128 4065 1292 4136 omnibus

45 4155 145 4244 Sancus
167 4171 236 4220 sem
265 4172 303 4220 er
322 4151 562 4242 ,strangulatae
583 4152 774 4223 munditiae
790 4153 1062 4238 contubernalis,
1089 4168 1122 4226 ct
1145 4169 1291 4246 cognata

48 4236 211 4320 virginitas,
288 4254 365 4310 atus
397 4257 509 4310 tamen
534 4245 685 4312 loannes
719 4255 812 4312 tanto
837 4243 988 4331 reliquos
1013 4245 1163 4336 virgines
1186 4266 1290 4334 supe-

49 4326 95 4397 rat,
114 4339 232 4410 quanto
252 4328 439 4420 virginitati
457 4330 575 4400 beatae
599 4331 724 4400 blaciae
749 4352 810 4421 per
832 4331 1025 4404 sedulitatis
1046 4355 1086 4404 ac
1104 4346 1290 4425 perpetuae

109 4442 242 4504 turius-
260 4445 345 4509 Vt'ltte
361 4445 413 4510 sS.
429 4444 597 4513 ·V01.Xll.
1175 4449 1209 4512 tt
