2946 4798
33 357 107 424 DEC.
134 359 178 425 28
390 377 428 426 nn
453 379 499 426 se.
527 379 611 439 iivnn,
639 378 746 427 noiisi
770 380 837 428 iirc.
865 381 922 428 iiir.
1185 369 1242 432 53i

29 473 55 530 et
77 462 224 532 maxime
248 472 386 552 propter
409 460 543 544 lndem,
563 463 621 551 qui
642 477 715 534 erat
728 465 835 534 unius
852 488 931 535 cuin
950 463 1024 556 ipsa
1045 467 1153 537 animi
1174 481 1207 539 et
1222 469 1294 559 spi·

29 551 117 620 ritus.
149 551 277 622 Partim
302 561 418 623 autem
442 550 485 621 ad
512 552 737 622 imitationem
766 575 902 642 quoque
935 554 1154 639 incitabatur,
1180 570 1212 627 et
1242 580 1293 628 ea·

26 639 106 720 dem,
128 661 218 730 quae
242 639 308 731 ipsi
326 652 520 724 evenerant,
546 641 707 731 cupiebat
735 645 922 713 certamina
942 655 975 714 et
1001 646 1166 735 praemia.
1198 647 1292 718 Unde

26 749 79 798 nec
102 727 259 819 despexit
275 729 443 800 Dominus
456 751 555 804 suain
582 751 758 820 sponsam:
777 753 865 819 quae
888 744 1013 803 vestem
1031 734 1170 821 quidem
1187 734 1293 814 habe·

24 817 74 886 bat
93 818 261 888 mundam
286 840 307 889 a
331 818 475 909 nuptiis,
503 819 553 890 sic
580 832 789 890 autemeam
820 821 922 891 etiam
949 821 1112 914 lacrymis
1139 824 1293 912 quotidie

23 906 207 990 dealbabat,
235 905 328 996 quod
346 929 413 977 non
431 927 506 977 eam
531 908 702 998 sanguine
726 910 882 999 martyrii
893 910 1049 982 redderet
1066 933 1288 1004 purpuream,

23 1008 50 1064 et
74 1008 172 1067 totam
194 1017 359 1087 sponsam
389 994 537 1067 efficeret
561 996 594 1066 di
624 1018 701 1067 nam
727 1000 801 1087 ejus
832 998 1076 1088 pulcritudine,
1107 1003 1170 1071 etsi
1196 1023 1292 1094 prae-

23 1105 95 1153 sens
117 1086 191 1174 ejus
210 1085 279 1155 vita
295 1084 382 1155 nihil
407 1085 540 1156 abesset
563 1019 767 1176 aiigntiaie
793 1088 966 1178 martyrii,
992 1101 1031 1159 ut
1053 1111 1142 1179 quae
1167 1101 1233 1160 tani
1259 1103 1291 1162 et

24 1172 240 1244 diuturnitate
260 1174 513 1244 exercitationis
537 1186 570 1244 et
588 1195 710 1265 aspera
741 1175 877 1245 vivendi
903 1177 1033 1249 ratione
1056 1199 1131 1249 eain
1159 1199 1290 1269 preme·

27 1273 81 1341 ret,
98 1263 197 1332 cumi
228 1286 266 1334 sa
289 1263 494 1334 elinantio
519 1262 638 1334 lateret
661 1264 897 1344 subterraneo,
920 1287 1027 1354 eoque
1051 1266 1234 1358 ejusmodi,
1252 1279 1291 1338 ut

28 1361 168 1422 terrestre
191 1285 264 1423 <lici
279 1365 396 1512 Eosset
413 1352 632 1510 sepulcrum:
652 1365 684 1423 et
709 1366 810 1445 potus
835 1355 910 1444 eJ'us
935 1367 1023 1426 esset
1047 1357 1137 1457 lons,
1161 1357 1222 1446 qui
1254 1358 1290 1426 in

25 1459 59 1507 eo
79 1453 163 1510 erat:
189 1453 224 1512 et
245 1442 275 1512 ci
304 1463 345 1512 us
372 1441 451 1514 simi

24 1525 145 1600 luricae.

60 1620 175 1704 §.82
204 1622 291 1689 Cum
312 1639 352 1688 ea
377 1618 425 1690 sic
446 1639 482 1688 se
501 1629 632 1710 gereret
659 1619 694 1689 in
719 1621 972 1701 exercitatione,
1005 1631 1087 1691 tunc
1111 1622 1288 1694 descendit

23 1704 59 1774 de
81 1720 211 1778 monte:
234 1719 266 1777 et
282 1707 423 1778 veniens
447 1708 482 1776 in
507 1708 679 1778 civitatem
697 1707 812 1779 adhuc
836 1710 871 1778 in
897 1721 988 1780 vesto
1006 1709 1098 1780 virili
1120 1711 1175 1801 (ea
1195 1712 1289 1782 enim

24 1793 120 1882 ipsam
142 1797 303 1868 indutam
328 1801 442 1898 lgape
461 1797 536 1887 ejus
556 1810 665 1866 mater
688 1797 879 1868 secundum
910 1799 1085 1890 spiritum,
1122 1800 1290 1870 suffurata

24 1895 68 1952 est
79 1885 116 1956 ab
132 1884 201 1957 illis
227 1885 417 1976 impudicis
433 1897 466 1955 et
486 1885 798 1977 intemperantibus
827 1887 1015 1978 manibus),
1044 1887 1177 1958 beatam
1200 1887 1289 1958 hanc

25 1976 194 2057 quaerebat
209 1979 373 2065 Agapem.
400 1978 584 2062 Postquam
605 1986 719 2046 autem
755 1973 919 2046 intellexit
947 1997 1022 2046 eain
1048 1997 1186 2065 quoque
1210 1999 1289 2046 cur·

26 2081 90 2129 suin
101 2064 292 2134 coniecisse
307 2063 475 2153 martyrii,
493 2063 647 2134 effectam
666 2063 904 2135 holocaustum
917 2066 1151 2136 Dominocum
1170 2062 1288 2136 multis

468 1441 531 1512 iter
558 1442 695 1524 herbae,
722 1463 810 1530 quae
838 1457 936 1515 erant
961 1445 995 1513 in
1028 1463 1185 1536 margine
1211 1467 1289 1537 spe-

25 2148 90 2219 aliis
108 2152 302 2246 virginibus
319 2152 354 2221 in
373 2151 512 2242 templo,
540 2151 631 2240 quod
648 2150 758 2222 luerat
781 2165 953 2236 exustum,
982 2175 1147 2246 magnum
1172 2152 1288 2223 animo
1386 2217 1394 2234 ,

26 2236 158 2310 dolorem
185 2241 325 2331 accipit,
354 2262 422 2312 non
446 2263 547 2332 aegre
571 2241 683 2311 serens
698 2241 789 2329 quod
809 2255 943 2314 mortua
960 2255 1048 2314 esset
1075 2249 1199 2344 Agape,
1227 2241 1288 2312 sed

29 2327 125 2412 potius
140 2329 237 2420 quod
256 2351 323 2399 non
344 2352 424 2401 curn
446 2330 522 2420 ipsa
551 2334 664 2421 Agape
688 2341 777 2400 esset
802 2343 954 2412 mortua,
984 2344 1016 2402 et
1045 2353 1138 2422 paris
1168 2330 1289 2431 luisset

30 2417 130 2488 moitis
145 2421 261 2490 socia:
285 2429 447 2508 stansque
464 2419 506 2488 ad
524 2419 690 2510 templum
708 2429 881 2501 exustum,
903 2421 984 2491 ssetu
1000 2421 1167 2491 miscebat
1192 2441 1287 2490 cine-

26 2523 97 2574 rem.
122 2509 183 2578 [liu
202 2529 285 2578 vero
298 2507 370 2594 jam
395 2508 512 2578 divina
536 2509 741 2598 gratiosam
761 2520 903 2578 vocante
928 2509 972 2580 ad
997 2511 1086 2580 viam
1115 2509 1283 2597 martyrii,

25 2589 203 2667 illuminata
222 2595 314 2668 etad
341 2595 374 2665 ld
390 2597 486 2666 omni
510 2617 550 2666 ex
571 2609 665 2688 parte
678 2595 793 2677 ducta,
813 2597 991 2669 descendit
1011 2597 1055 2668 ad
1082 2619 1185 2667 mare.
1202 2602 1287 2668 Ecce

24 2694 122 2754 autem
148 2687 336 2776 piscatores
348 2685 382 2754 in
397 2685 509 2756 littore
533 2695 673 2765 stantes,
686 2685 760 2775 jani
778 2699 937 2774 parantes
958 2689 1054 2769 retia,
1073 2700 1105 2757 et
1122 2686 1287 2757 habentes

23 2789 121 2844 remos
144 2788 295 2865 paratos.
316 2778 425 2856 Quam
450 2795 529 2844 cuni
555 2773 605 2843 illi
635 2785 718 2843 tunc
744 2773 909 2846 vidissent
926 2788 1017 2848 veste
1041 2775 1132 2845 virili
1157 2775 1206 2846 sic
1233 2775 1288 2844 in-

22 2855 140 2945 dutam,
161 2885 229 2933 non
255 2884 295 2934 ex
319 2883 359 2932 eo
382 2863 474 2950 quod
498 2873 581 2944 erat,
609 2863 666 2932 sed
688 2884 728 2932 ex
756 2883 796 2932 eo
819 2865 945 2954 potius,
972 2863 1064 2952 quod
1091 2863 1282 2944 videbatui,

22 2965 85 3018 eam
110 2964 291 3023 vocarunt:
312 2973 330 3018 a
349 2953 443 3033 leni,
463 2951 627 3034 dicentes,
654 2949 866 3032 adolescens,
887 2953 987 3024 nobis
1011 2973 1112 3045 opem
1137 2952 1283 3034 laturus,

21 3047 53 3104 ut
67 3049 94 3106 te
106 3039 205 3110 etiam
226 3039 373 3130 praedae
388 3039 556 3110 iaciamus
574 3039 812 3130 participem.»
828 3041 891 3112 llla
908 3053 1023 3112 eutem
1044 3042 1149 3112 alacri
1168 3042 1285 3112 animo

22 3124 63 3191 eis
86 3128 342 3220 obtemperavit.
374 3133 533 3220 Ingressa
566 3130 894 3219 vero-piscatorum
919 3131 1034 3202 statim
1068 3130 1286 3202 conturbavit

23 3213 126 3288 oculos
141 3231 174 3288 et
198 3219 346 3301 animos,
364 3239 444 3288 cum
471 3217 623 3288 viderent
641 3239 717 3287 eam
734 3217 841 3287 videri
854 3218 993 3305 quidem
1019 3219 1152 3290 virum:
1171 3241 1285 3290 mores

22 3315 139 3396 autem,
166 3319 198 3377 et
225 3305 428 3398 virginalem
454 3306 723 3397 pulcritudinem
753 3317 786 3376 et
810 3307 977 3398 pudorem
1009 3307 1042 3377 in
1064 3308 1142 3397 ejus
1169 3307 1281 3376 oculis

25 3391 172 3465 insidere.
201 3397 503 3466 verumenimvero
530 3417 609 3465 cum
635 3395 677 3465 ad
703 3396 909 3486 piscandum
934 3396 1019 3467 retia
1043 3395 1282 3476 demisissent,

24 3495 90 3548 cuni
114 3505 239 3574 magno
259 3484 375 3555 labore
394 3505 434 3554 ea
458 3507 477 3556 a
499 3495 586 3554 terra
609 3483 811 3563 avellerunt,
843 3484 985 3575 perinde
1009 3483 1081 3555 acsi
1111 3505 1278 3574 magnum

25 3564 146 3654 aliquod
168 3573 305 3662 pondus
323 3574 357 3642 in
375 3572 425 3644 eis
445 3573 618 3644 sentirent.
639 3579 717 3643 tam
731 3593 809 3644 vero
825 3593 904 3643 cum
925 3595 1031 3665 prope
1058 3572 1152 3642 littus
1169 3573 1281 3644 venis-

25 3669 96 3740 sent,
122 3675 223 3733 noctu
243 3662 370 3744 vident,
398 3661 481 3733 luna
505 3661 697 3751 depellente
717 3662 914 3752 caliginem,
938 3677 970 3733 et
994 3661 1281 3752 comprehensam

27 3743 157 3826 piscium
182 3751 453 3832 multitudinem,
476 3762 508 3820 et
527 3771 671 3854 corpora
697 3762 832 3821 mortua
853 3752 888 3821 in
902 3763 1022 3846 veptre
1040 3749 1132 3820 retis.

61 3834 171 3919 §84
198 3843 303 3931 Atque
324 3839 375 3911 illi
400 3838 540 3927 quidem
568 3840 698 3910 visione
723 3840 929 3921 conturbati,
956 3859 1034 3910 curn
1055 3859 1137 3930 prae
1166 3837 1283 3909 dolore

26 3929 51 3985 tt
72 3937 157 3996 metu
180 3949 324 4020 corpora
353 3928 595 4010 excussissent,
623 3941 655 4000 et
682 3929 715 3997 in
739 3941 828 3998 terra
861 3928 1112 4018 deposuissent,
1151 3926 1282 3998 retibus

27 4007 178 4098 collectis,
204 4016 455 4090 contendebant
487 4019 716 4088 transmittere
743 4018 997 4120 inregionein,
1024 4038 1112 4106 quae
1140 4029 1213 4086 erat
1240 4035 1281 4084 ex

30 4095 161 4185 adverso,
188 4107 336 4177 volentes
351 4107 385 4176 in
408 4107 485 4176 navi
503 4127 619 4177 secum
637 4105 759 4176 vehere
776 4106 956 4197 virginem.
980 4111 1063 4178 Cum
1081 4116 1280 4176 autemnon

31 4192 262 4279 persuaderent,
281 4196 360 4266 dato
383 4197 415 4265 ei
448 4216 509 4284 pro
540 4194 694 4265 mercede
720 4217 808 4286 pane
834 4208 866 4265 et
894 4195 1072 4286 piscibus,
1106 4195 1277 4264 abierunt.

34 4267 83 4342 llla
98 4301 169 4352 vero
185 4306 263 4354 cuni
283 4285 387 4356 Indae
403 4295 435 4353 et
453 4282 547 4355 illius
563 4284 734 4354 sociorum
753 4296 786 4355 et
802 4295 945 4355 mortem
963 4297 996 4354 et
1021 4305 1130 4373 genus
1147 4282 1276 4363 mortis,

33 4369 63 4457 ut
84 4368 167 4450 prius
189 4372 350 4456 diximus,
364 4373 436 4464 jam
452 4373 650 4462 accepisset,
667 4373 809 4444 accessit
822 4373 961 4462 quidem
979 4373 1020 4442 ad
1043 4393 1206 4462 corpora:
1225 4370 1279 4440 di-

34 4441 275 4538 ligenterautem
295 4485 336 4534 ea
358 4461 586 4534 consideravit
609 4474 640 4532 et
656 4461 811 4534 versavit:
830 4475 862 4534 et
878 4460 1001 4532 deinde
1017 4462 1118 4534 etiam
1142 4458 1280 4550 singula
