3046 4838
179 271 220 334 lo
541 286 581 334 nr
604 286 631 334 s.
654 285 758 335 atrato
781 287 831 335 rr.
856 285 989 336 aonios.
1265 269 1350 336 otto.
1380 272 1394 334 l

133 374 206 464 ipse
229 371 405 463 diligebat,
423 382 456 441 et
471 371 635 442 omnibus
651 392 785 442 servare
810 370 1008 442 mandabat.
1034 371 1204 442 Existebat
1222 372 1339 460 utique
1362 374 1397 442 in

132 463 266 533 cunctis
282 461 420 531 casibus
444 460 587 541 firmus,
610 463 793 550 omniaque
817 461 960 532 adversa
982 461 1150 552 patienter
1172 460 1310 532 ferebat.
1338 467 1400 532 Pe-

133 551 241 622 ricula
260 551 372 621 aliena
391 551 423 620 iu
444 572 479 620 se
498 551 770 640 pertimescebat,
792 550 1008 640 aliorumque
1031 572 1144 634 casus,
1161 572 1243 622 suos
1258 573 1333 622 esse
1348 552 1399 622 la-

131 662 237 728 queos
252 640 442 731 judicabat.
468 640 584 710 Finem
602 663 739 728 quoque
759 640 845 711 vitae
862 663 944 710 suae
961 639 1128 712 sollicitus
1143 639 1395 722 considerabat,

133 744 289 802 metuens
306 751 349 800 ne
372 751 409 800 se
431 743 607 819 tamquam
632 729 688 799 fur
709 729 793 800 hora
815 729 875 800 illa
897 729 1061 800 inermem
1079 730 1396 820 comprehenderet.

133 823 215 890 Cum
241 841 342 909 opere
368 819 469 889 etiam
503 819 638 889 lectioni
667 819 824 902 vacabat,
852 819 964 890 sciens
990 819 1082 908 quod
1107 818 1250 890 lectione
1275 841 1400 890 sensus

132 922 324 999 augentur,
352 921 384 978 et
407 907 600 979 intellectus
633 909 814 979 tribuitur:
841 921 873 978 et
895 907 988 996 quod
1014 909 1111 980 lectio
1139 909 1280 990 doceat,
1312 909 1397 995 quid

132 1013 302 1068 caveatur.
322 1003 400 1068 llrat
420 1019 497 1068 vero
511 1019 591 1088 erga
606 1019 725 1068 omnes
742 997 897 1079 humilis,
919 997 1135 1087 nimiumque
1150 999 1184 1068 in
1202 997 1399 1068 humilitate

132 1087 320 1158 fundatus:
344 1087 431 1157 nulli
455 1109 491 1158 se
514 1108 753 1177 praeponens,
781 1086 869 1157 nulli
893 1087 1103 1178 superiorem
1133 1109 1169 1157 se
1201 1087 1394 1178 deputans:

133 1178 245 1247 sciens
268 1190 300 1248 et
323 1176 422 1258 illud,
450 1177 532 1265 quia
548 1177 672 1266 siquis
696 1175 844 1267 perlecta
868 1189 1048 1248 contentus
1062 1176 1165 1247 luerit
1187 1177 1395 1260 humilitate,

133 1266 271 1336 habebit
294 1288 334 1337 ex
357 1265 417 1335 illa
449 1264 617 1357 gloriam:
642 1277 675 1336 et
700 1277 829 1354 quanto
855 1266 933 1354 quis
956 1265 1122 1336 humilior
1152 1265 1276 1347 luerit,
1304 1279 1399 1336 tanto

133 1377 212 1426 eum
230 1354 373 1426 altitudo
394 1354 523 1445 gloriae
546 1370 718 1442 sequetur.
743 1355 896 1426 Habebat
918 1356 1009 1424 enim
1035 1368 1341 1446 temperamentum
1360 1356 1396 1425 in

133 1446 331 1536 prosperis,
365 1445 563 1534 patientiam
587 1445 622 1514 in
647 1444 821 1526 adversm,
855 1457 1071 1532 mentemque
1095 1466 1156 1514 nec
1181 1445 1307 1534 gaudio
1332 1467 1397 1516 nee
1514 1503 1518 1512 .

133 1556 285 1604 moerore
312 1557 331 1604 a
355 1533 478 1604 Christi
503 1555 656 1622 unquam
673 1555 789 1604 amore
812 1533 1002 1604 revocabat.
1028 1537 1234 1604 Irascantem
1259 1555 1399 1622 quoque

133 1623 296 1715 patientia
321 1621 517 1708 deliniebat,
542 1635 576 1694 et
598 1622 833 1694 blandimento
857 1623 1072 1694 iracundiam
1100 1622 1245 1693 furentis
1269 1635 1399 1714 tempe·

133 1712 241 1795 rabat,
260 1735 299 1783 ac
316 1713 366 1784 sic
382 1713 530 1782 alienam
555 1713 728 1783 miseriam
754 1725 930 1803 tamquam
952 1734 1048 1782 suam
1076 1711 1225 1804 lugebat.
1249 1717 1397 1801 Eratque

132 1803 163 1872 ei
180 1803 215 1873 in
232 1823 353 1894 gressu
370 1801 586 1904 simplicitas
607 1801 642 1870 in
661 1812 759 1960 pastu
773 1802 933 1893 gravitas,
963 1802 996 1869 in
1016 1813 1110 1872 motu
1128 1803 1271 1891 puritas
1290 1803 1325 1870 in
1343 1804 1399 1872 in-

132 1913 233 1963 cessu
250 1892 420 1974 honestae,
436 1913 471 1960 m
485 1891 617 1993 jejunio
630 1890 663 1960 hi
681 1892 796 1963 aritas.
815 1891 959 1961 holmus
970 1891 1061 1960 enim
1077 1892 1152 1980 ejus
1168 1892 1203 1960 in
1219 1891 1398 1962 modestis-

132 1982 221 2052 simo
244 1981 397 2084 corporis
420 1980 541 2051 habitu
560 1982 759 2071 apparebat.
791 1985 869 2051 lirat
886 1981 986 2050 etiam
1014 2001 1137 2069 parcus
1163 1981 1197 2050 in
1214 2003 1397 2064 sermone,

132 2069 283 2142 blandus
307 2093 340 2140 tn
363 2070 511 2158 eloquio.
537 2071 692 2151 Tristem,
721 2070 897 2156 immoque
920 2069 1102 2152 dolentem,
1124 2069 1219 2140 dulci
1239 2069 1398 2140 consola-

132 2160 235 2232 batur
262 2161 378 2230 affatu.
405 2165 475 2230 Hoc
499 2159 690 2250 proferebat
713 2181 752 2230 er
781 2158 893 2240 tabiis,
920 2158 1010 2246 quod
1032 2171 1179 2230 mentem
1203 2158 1401 2230 aedificaret

132 2250 315 2333 audientis,
332 2249 502 2338 fiebatque
518 2250 593 2339 ejus
609 2270 721 2320 sermo
736 2248 980 2338 exspectationi
996 2248 1166 2318 Ecclesiae
1182 2248 1288 2319 utilis.
1306 2249 1397 2320 Nihil

133 2340 225 2408 enim
257 2362 297 2409 ex
327 2338 490 2410 omnibus
518 2359 606 2439 quae
636 2339 760 2429 egisset
787 2337 909 2419 bonis,
947 2338 1076 2409 meritis
1101 2339 1172 2409 suis
1199 2338 1396 2421 tribuebat,

133 2427 289 2516 nihilque
313 2429 348 2497 in
368 2427 500 2498 viribus
525 2449 598 2498 surs
626 2449 778 2516 unquam
811 2425 1070 2517 praesumebat:
1097 2427 1154 2496 sed
1170 2441 1280 2496 'omne
1309 2450 1400 2518 opus

133 2539 235 2587 suum
250 2516 291 2587 ad
314 2521 419 2588 Deum
437 2537 572 2608 semper
587 2516 777 2600 conferens,
794 2517 827 2585 iu
845 2515 980 2586 cunctis
992 2515 1126 2586 actibus
1140 2517 1216 2606 ejus
1228 2517 1398 2586 auxilium

133 2605 350 2697 implorabat.
377 2611 506 2675 Bonum
532 2605 624 2694 quod
649 2605 837 2688 didicerat,
864 2604 1027 2675 docebat:
1056 2604 1156 2675 verba
1181 2617 1292 2676 tamen
1318 2629 1401 2697 ope-

134 2695 231 2766 ribus
255 2694 497 2786 praecedebat:
534 2695 646 2765 sciens
677 2716 745 2765 non
778 2717 852 2766 esse
876 2694 978 2764 laude
1007 2694 1151 2785 dignum
1183 2694 1275 2782 quod
1302 2695 1402 2766 docet

132 2785 222 2941 puis,
250 2785 317 2854 nisi
341 2785 442 2854 dictis
466 2783 554 2854 laeta
576 2783 812 2872 conjunxerim
839 2784 895 2853 sed
926 2783 1037 2874 potius
1063 2784 1092 2852 si
1116 2785 1208 2942 quod
1228 2783 1337 2866 docet,
1365 2797 1399 2855 et

146 2875 223 2954 acit,
246 2885 328 2944 tunc
341 2873 525 2944 habebitur
547 2872 729 2962 gloriosus.
752 2873 845 2943 Unde
870 2886 903 2942 et
921 2872 1100 2962 Apostolus
1145 2873 1224 2943 icit:
1242 2879 1300 2956 lle,
1323 2897 1400 2944 cum

132 2965 213 3032 aliia
233 2963 512 3054 praedicaverim,
539 2965 609 3054 ipse
632 2965 787 3054 reprobus
803 2964 931 3053 efficior
948 2963 995 3052 (l.
1015 2963 1060 3032 nd
1085 2967 1157 3034 Gor.
1177 2961 1234 3052 rx).
1259 2968 1398 3033 Hostem

132 3063 306 3143 praeterea
322 3051 529 3123 invisibilem
547 3051 761 3123 orationibus
777 3065 809 3122 et
824 3051 984 3143 precibus
999 3051 1161 3142 repellere
1174 3051 1305 3142 jugiter
1318 3074 1401 3123 con-

132 3141 302 3223 tendebat,
326 3162 487 3232 pugnans
514 3163 584 3223 ore,
614 3163 681 3211 non
711 3140 849 3232 gladio:
875 3141 1099 3222 orationibus,
1129 3163 1193 3210 non
1213 3141 1296 3212 telo:
1324 3163 1399 3232 pre-

131 3229 242 3312 cibus,
263 3252 330 3302 non
344 3231 442 3302 ferro.
463 3231 600 3302 Cunctis
615 3242 728 3300 aulem
745 3230 878 3310 diebus,
898 3231 1032 3302 cunctis
1047 3230 1140 3300 horis
1155 3230 1210 3300 Dei
1223 3231 1402 3332 flagitabat

158 3319 370 3402 raesidium,
397 3333 435 3391 ut
462 3319 590 3412 dignus
615 3333 691 3412 post
724 3320 845 3412 mundi
879 3319 989 3390 lucem
1018 3331 1130 3409 posset
1153 3341 1330 3410 pervenire
1354 3319 1397 3390 ad

131 3341 303 3481 bravium.
323 3415 388 3482 lies
408 3409 632 3500 temporarias
652 3409 823 3480 tribuebat
838 3409 966 3500 egeria,
985 3419 1022 3477 ut
1037 3431 1098 3500 pro
1117 3409 1245 3478 eisdem
1269 3432 1397 3480 merca·
1468 3415 1472 3422 '

132 3512 226 3570 retur
242 3499 393 3590 paradisi
403 3498 556 3570 delicias.
575 3497 894 3587 Devitabatquidem
908 3497 1116 3588 superbiam,
1130 3497 1401 3589 amplectebatur

132 3589 381 3660 humilitatem:
410 3589 467 3658 Dei
490 3611 625 3690 semper
648 3587 815 3659 auxilium
838 3610 975 3679 rogans,
995 3587 1097 3657 finem
1114 3589 1245 3679 Jugiter
1263 3587 1397 3659 felicem

133 3679 324 3767 postulans.
350 3679 434 3762 Quis
457 3679 549 3749 enim
567 3677 626 3748 illo
644 3690 794 3769 tempore
813 3677 1041 3748 humilitatem
1058 3676 1134 3766 ejus
1153 3699 1309 3761 cernens,
1329 3700 1396 3748 non

133 3768 290 3859 protinus
306 3771 622 3859 compungeretur?
645 3772 708 3837 hut
730 3767 809 3856 quis
825 3779 957 3837 amator
981 3768 1157 3857 pecuniae,
1178 3768 1253 3858 ejus
1277 3767 1401 3836 huma-

130 3857 271 3927 nitatem
296 3879 335 3926 ao
353 3857 618 3948 parsimoniam,
646 3856 858 3927 devotionem
884 3877 1020 3945 quoquo
1048 3869 1080 3925 et
1102 3857 1254 3926 studium
1280 3857 1398 3948 adspi-

132 3946 251 4027 ciens,
282 3968 350 4017 non
377 3947 581 4016 admirando
609 3945 787 4016 confestim
818 3945 1097 4036 obstupesceret?
1120 3951 1203 4016 llam
1232 3946 1398 4035 quicquid

130 4034 299 4106 bonorum
329 4037 363 4105 in
384 4035 558 4127 principio
580 4036 742 4126 arripuit,
770 4035 946 4122 usquead
971 4035 1074 4104 sinam
1097 4035 1184 4104 vitae
1211 4033 1318 4105 nullis
1342 4057 1400 4104 ne-

130 4125 232 4217 gotiis
257 4147 380 4216 passus
395 4138 446 4196 est
461 4125 634 4214 implicari
651 4148 659 4193 :
686 4125 742 4194 sed
771 4127 942 4215 integrum
958 4136 991 4194 et
1005 4137 1163 4196 sanctum
1184 4126 1398 4226 propositum

131 4236 281 4296 servans,
307 4215 341 4284 in
363 4215 459 4285 nullo
476 4236 535 4285 coe
563 4225 631 4284 tam
649 4213 802 4304 regulam
828 4215 1063 4284 commutavit.
1085 4214 1155 4284 Sub
1175 4213 1294 4286 babitu
1317 4214 1400 4284 alte·

129 4305 203 4374 rius
220 4325 355 4394 semper
370 4302 466 4373 altari
483 4237 662 4372 militavit:
688 4314 720 4372 et
737 4303 902 4391 quioquid
929 4303 1053 4374 habere
1070 4303 1181 4394 potuit
1194 4303 1228 4371 in
1252 4303 1396 4384 mundo,

131 4392 262 4464 Christo
281 4392 422 4462 tradidit
440 4415 479 4463 er
501 4404 579 4464 toto.
