2954 4816
27 293 90 358 tttt'.
114 293 152 358 23
363 312 401 358 ou
424 309 523 368 uacari
547 309 667 360 cocras
691 311 887 358 unanimous
1150 291 1214 358 383

56 398 70 481 5
88 401 126 466 tt.
143 393 187 464 ld
211 394 295 464 haec
311 417 431 466 rursus
448 395 510 465 viri
527 395 717 466 lortissimi:
736 419 754 464 c
782 400 825 466 lte
841 401 922 465 Jo've
945 395 1097 483 quidem,
1113 417 1133 464 o
1156 400 1256 466 Prae·

26 505 74 564 ses,
92 497 120 552 et
140 483 232 553 illius
256 497 364 554 matre
387 485 480 554 Rhea
504 484 589 553 nihil
622 485 721 555 nohis
745 483 882 554 dixeris.
902 489 1015 572 Neque
1044 485 1135 554 enim
1161 484 1254 642 apud

24 571 131 658 eosqui
152 572 321 661 ignorant,
352 573 452 643 verba
485 572 581 642 lacis.
609 575 744 643 Scimus
767 574 871 654 enim,
900 585 937 643 ut
962 574 1067 660 quia
1097 572 1255 661 patrius

25 663 124 729 nostris
139 661 382 743 audiverimus
398 683 508 752 genus
526 662 601 752 ejus
617 674 649 730 ct
663 661 835 730 fortunam
853 674 885 730 et
905 682 1027 731 mores.
1049 659 1253 751 Sepulcrum

22 761 123 830 autem,
140 749 166 818 si
191 749 253 831 vis,
274 750 375 819 etiam
395 764 589 841 praesentes
613 749 857 820 indicabimus.
872 753 955 820 Nam
973 751 1047 840 ipse
1069 769 1206 837 quoque
1221 749 1256 816 in

22 841 95 904 treta
109 850 197 906 ortus
220 851 284 908 est.
307 838 382 908 Fuit
406 859 483 908 vero
497 860 629 918 eorum,
646 839 706 926 qui
726 839 760 906 in
779 859 818 907 ea
839 838 1048 919 habitabant,
1062 842 1254 927 Tyrannus.

22 929 82 994 ltrat
101 937 205 995 autem
230 927 316 996 adeo
344 927 577 1016 intemperans
602 937 635 996 et
667 924 827 1015 proclivis
854 927 897 996 ad
922 925 1097 1008 libidines,
1125 937 1256 995 utnon

21 1013 110 1082 sotum
133 1015 165 1082 in
180 1013 361 1098 foeminas,
379 1015 438 1084 sed
461 1015 564 1085 etiam
591 1016 758 1087 insaniret
782 1015 816 1083 in
843 1015 1035 1085 masculos:
1064 1013 1258 1104 praestigiis

23 1121 84 1170 tero
102 1102 255 1172 utebatur
278 1115 311 1172 et
335 1102 435 1173 malis
459 1103 603 1184 artibus,
625 1125 661 1173 se
688 1103 812 1174 collide
840 1115 978 1175 mutans
1003 1125 1063 1194 pro
1092 1117 1140 1173 ter
1164 1123 1258 1172 sum-

23 1192 418 1289 mam'intemperantiam,
436 1203 469 1261 et
495 1192 643 1282 singulis
662 1192 757 1262 horis
781 1213 817 1261 se
840 1192 997 1282 polluens
1019 1126 1158 1262 nelbriis
1176 1211 1257 1260 con-

22 1276 177 1350 cubitibus.
198 1281 348 1363 Quidam
373 1293 501 1362 autem,
519 1282 580 1368 qui
603 1280 731 1352 eisdem
752 1279 954 1351 laborabant
971 1281 1072 1362 vitiis,
1086 1293 1118 1350 et
1135 1279 1259 1349 imitati

23 1363 130 1437 luerent
151 1369 244 1438 illius
269 1367 558 1438 abominationem
584 1369 681 1456 (quid
710 1382 760 1440 est
794 1369 885 1438 enim
920 1383 986 1438 tam
1013 1368 1253 1455 [deiloquam

23 1454 285 1546 naliimitatiol),
313 1469 446 1527 etcum
481 1462 585 1528 Deum
609 1480 684 1528 esse
713 1458 962 1548 pronuntiant,
997 1470 1030 1527 et
1063 1459 1094 1526 ei
1131 1455 1256 1547 templa

23 1543 141 1614 excitant
161 1559 193 1615 et
216 1545 424 1626 sacrificant,
454 1559 493 1616 ut
515 1546 606 1634 quod
630 1548 679 1616 eis
704 1547 825 1636 placet,
853 1550 919 1616 Deo
942 1567 1078 1632 quoque
1101 1544 1257 1615 videatur

24 1629 149 1782 placere:
172 1647 205 1703 et
224 1635 275 1704 sic
299 1655 366 1703 non
389 1633 499 1705 solum
519 1640 583 1704 lieo
601 1655 667 1704 non
686 1636 849 1717 invisum,
869 1633 927 1704 sed
952 1634 1068 1714 etiam,
1087 1633 1173 1724 proh
1197 1632 1256 1703 do·

34 1723 71 1786 orl
92 1721 236 1792 divinum
262 1723 486 1805 existimetur,
504 1745 539 1792 se
563 1722 746 1794 libidinose
768 1735 800 1792 et
820 1724 1086 1812 intemperanter
1102 1741 1255 1811 gerere.»

58 1810 129 1892 le.
153 1812 273 1883 Divino
298 1811 382 1881 haec
407 1811 565 1899 loquente
588 1813 704 1894 choro,
730 1811 914 1883 Proconsul
940 1809 1080 1899 quidem
1108 1810 1259 1880 disrum-

29 1897 151 1981 pebatur,
168 1913 206 1970 ut
229 1901 292 1988 qui
306 1901 583 1970 convinceretur:
602 1900 710 1972 multo
734 1913 847 1970 autem
870 1901 981 1990 magis
1004 1898 1139 1969 furebat
1154 1897 1256 1966 etiam

29 1985 156 2072 populus,
173 2005 205 2060 et
221 1990 357 2078 impetu
380 1988 577 2060 serebantur
600 1991 642 2059 ad
662 1988 1003 2079 comprehendendos
1027 1993 1202 2076 Martyres3
1227 1997 1260 2054 et

26 2091 68 2142 eos
89 2078 237 2149 manibus
266 2077 517 2168 propemodum
543 2079 799 2168 discerpissent,
827 2078 894 2148 nisi
919 2077 1041 2146 Decius
1065 2087 1099 2145 et
1123 2095 1203 2143 voce
1226 2085 1258 2142 et

27 2181 109 2258 niano
125 2187 179 2236 eos
202 2167 440 2236 cohibuisset:
461 2179 493 2236 et
517 2189 597 2236 cum
622 2165 783 2254 jussisset
805 2188 863 2237 eos
886 2167 1073 2252 quiescere,
1100 2161 1258 2233 acerbius

25 2245 78 2320 illis
97 2257 204 2325 mortis
227 2277 342 2346 genus
368 2254 640 2324 machinabatur.
659 2261 697 2324 Et
714 2259 854 2324 Sanctus
873 2254 1011 2341 quidem
1037 2253 1150 2324 statim
1171 2249 1258 2320 arri-

30 2355 108 2441 puere
121 2355 297 2414 tormenta:
316 2342 402 2412 alios
425 2341 564 2430 quidem
586 2343 665 2424 alia,
688 2343 745 2412 sed
771 2343 953 2413 acerbitate
967 2355 999 2413 et
1020 2339 1259 2499 mapnitudine

30 2425 126 2498 doloris
146 2433 284 2502 similia.
306 2437 387 2502 Nam
413 2432 503 2502 alius
526 2431 665 2518 quidem
686 2454 726 2501 ex
745 2432 830 2521 ipsis
855 2453 1056 2519 suspensus
1089 2451 1194 2500 erreis
1209 2427 1259 2496 la-

30 2519 175 2608 cerabatur
196 2543 241 2591 un
272 2519 360 2590 ulis:
381 2521 474 2590 nervi
499 2542 577 2590 vero
599 2520 860 2601 divellebantur,
887 2542 1008 2592 carnes
1032 2531 1144 2588 eutem
1165 2517 1259 2585 illius

32 2615 178 2698 interram
201 2543 415 2680 debachant.
432 2608 496 2678 ttti
521 2630 598 2678 vero
622 2608 797 2698 lapidibus
816 2620 848 2679 ct
871 2607 981 2678 acutis
1007 2607 1154 2677 sudibus
1178 2627 1259 2675 sau-

31 2691 175 2766 ciabantur
196 2698 304 2768 latera
329 2719 440 2784 usque
458 2697 499 2766 ad
516 2719 606 2767 ossa.
622 2697 684 2767 ttit
708 2697 847 2784 quidem
865 2697 961 2798 gravi
983 2695 1125 2784 plumbo
1142 2695 1260 2764 verbe-

32 2792 81 2847 roto
94 2783 359 2857 dissolvebantur
382 2807 576 2876 compages,
603 2807 748 2874 ossaque
771 2783 1077 2876 conlrmgehantur
1099 2795 1131 2853 et
1146 2794 1261 2852 conte-

33 2867 170 2942 rebantur.
188 2875 279 2946 hlius
303 2875 383 2944 item
409 2875 523 2944 aliter:
543 2887 594 2944 est
617 2875 708 2944 enim
734 2873 784 2943 vel
809 2873 881 2943 solo
905 2873 1027 2943 auditu
1052 2870 1259 2942 miserabilis

31 2959 163 3056 acerbitas
184 2963 451 3055 suppliciorum.
469 2964 600 3034 Etenim
621 2962 792 3050 quomodo
818 2963 860 3032 iis
878 2963 937 3050 qui
964 2974 1045 3033 sunt
1069 2961 1171 3051 paulo
1195 2960 1260 3029 mi-

33 3051 245 3135 sericordiores,
271 3055 359 3122 haec
386 3051 498 3121 videre
525 3065 576 3122 est
604 3051 838 3121 intolerabile:
878 3053 922 3120 ita
952 3051 1053 3120 ctiam
1081 3049 1258 3140 sigillatim

33 3140 156 3230 insequi
176 3153 206 3210 et
225 3142 361 3221 audire,
379 3153 430 3208 est
455 3140 554 3231 longe
575 3141 868 3210 molestissimum.
896 3139 959 3208 Sed
988 3145 1150 3228 Martyres
1175 3138 1257 3207 haec

33 3231 106 3292 ettam
127 3231 298 3316 patientes,
322 3229 407 3298 adeo
427 3227 536 3311 facile,
559 3240 629 3308 aut,
648 3242 684 3298 ut
710 3229 821 3298 verius
849 3227 974 3309 dicam,
997 3227 1152 3318 jucunde
1177 3225 1259 3296 iere·

35 3303 101 3390 bont,
116 3331 150 3386 ut
170 3321 226 3406 qui
247 3321 404 3400 aderant,
423 3319 629 3408 conjicerent
652 3337 709 3386 eos
732 3338 799 3386 non
826 3329 894 3386 tam
919 3316 1034 3385 dolere
1059 3326 1196 3406 propter
1219 3336 1259 3384 ea

35 3413 96 3478 luae
115 3409 334 3488 sustinebant,
356 3429 459 3494 quam
481 3427 580 3497 aegre
597 3405 695 3487 serre,
713 3405 804 3492 quod
834 3427 901 3475 non
926 3417 1040 3474 essent
1069 3403 1167 3493 plura
1191 3413 1261 3472 tor-

37 3501 127 3558 nenta.
221 3536 232 3546 -

65 3575 126 3660 ll.
142 3585 260 3655 Omnes
280 3585 397 3670 itaque
413 3584 456 3652 ad
476 3605 534 3654 eos
552 3583 783 3665 confluebant,
810 3595 985 3668 tamquam
1011 3580 1053 3650 ad
1079 3601 1133 3650 res
1157 3599 1261 3648 novas

39 3665 281 3758 liudmirebiles,
312 3685 379 3742 tam
404 3672 535 3754 fideles,
554 3693 657 3760 quam
682 3673 811 3759 quibus
827 3693 950 3739 manca
968 3683 1039 3739 erat
1061 3670 1178 3758 pietas.
1196 3666 1260 3736 Sed

41 3742 72 3814 tt
89 3758 231 3844 quidem,
260 3775 300 3832 ut
324 3760 577 3830 admirarentur
600 3761 803 3831 athletarum
829 3759 1076 3837 constantiam,
1105 3770 1137 3826 et
1161 3777 1259 3825 suam

42 3841 237 3921 toolrmarent
253 3853 426 3942 pietatem:
443 3849 477 3918 hi
495 3861 675 3930 autemut
694 3848 875 3918 irriderent
893 3869 1010 3916 eorum
1031 3845 1258 3924 tolerantiam,

44 3933 163 4025 eteorum
187 3939 297 4031 plagis
321 3937 577 4026 quodammodo
603 3937 809 4007 laetarentur
833 3948 970 4025 propter
994 3933 1163 4025 insignem
1183 3954 1260 4001 cru-

47 4005 181 4094 delitatem.
199 4027 428 4111 Quamobrem
449 4048 516 4096 non
535 4026 635 4096 modo
655 4025 752 4096 nulla
769 4024 993 4094 movebantur
1010 4021 1259 4103 misericordia,

50 4101 181 4194 ederim
205 4116 398 4188 Praesidem
423 4129 455 4185 et
479 4115 614 4185 lictores
632 4115 742 4204 magis
760 4113 939 4184 irritabant
958 4111 1000 4182 ad
1019 4111 1208 4181 saevitiam.
1223 4113 1262 4181 Et

53 4179 188 4276 ltquidem
212 4207 260 4276 sic
277 4203 479 4286 incitabant,
500 4204 557 4274 ille
572 4225 650 4273 vero
662 4203 817 4294 jubebat,
837 4201 972 4272 lictores
989 4213 1102 4271 autem
1119 4221 1263 4288 exeque-

54 4267 143 4354 halitt.
155 4295 249 4365 Porro
264 4307 380 4366 eutem
396 4298 519 4362 Praeco
531 4314 666 4380 quoque
679 4292 890 4362 clamabam«
906 4291 1036 4360 Parcite
1052 4289 1147 4358 vobis
1163 4287 1261 4378 ipsis.

54 4357 127 4441 Proto
147 4381 367 4475 principibus.
400 4382 592 4454 sacrificate
621 4381 699 4452 diis.
730 4387 935 4471 »Martyres
959 4391 1072 4449 autem
1099 4378 1200 4449 etiam
1226 4377 1262 4445 in
