3046 4838
53 299 151 362 llll
441 311 476 362 nr
498 316 523 363 s.
544 315 649 364 anisio
672 318 724 364 sn.
750 315 880 364 nouos.
1108 349 1111 354 .
1206 303 1241 366 ot

50 399 224 488 perdidisse:
257 422 334 470 nec
363 399 460 469 facile
491 415 615 490 poterat
647 400 828 491 psallentis
854 401 936 472 cleri
965 414 1089 473 cantus
1116 425 1135 472 a
1160 405 1291 474 lamen-

50 489 127 557 tantis
141 488 253 578 populi
280 488 431 580 planctu
455 489 644 561 internosci.
673 495 712 560 Et
736 491 815 579 quis
834 489 893 560 illo
917 489 973 560 die
999 505 1067 561 tam
1092 514 1216 562 saxeus
1232 508 1292 564 aut

46 577 124 664 plane
145 577 271 648 lcrreus
299 599 383 648 esse
408 591 551 668 poterat,
586 589 622 650 ut
650 602 731 649 cum
767 579 894 649 videret
926 581 1080 670 reginam
1112 594 1145 651 et
1174 604 1292 671 proce-

46 687 94 744 res,
117 689 279 767 pauperes
305 679 343 735 et
367 665 494 748 divites,
520 667 654 758 plebem
681 669 876 738 universam
903 681 971 738 tam
995 669 1117 739 misere
1142 670 1288 760 plorare,

43 775 95 822 nnn
116 777 182 844 ipsc
219 755 358 846 pariter
394 756 510 826 acerbe
533 758 653 827 lleret‘l
688 757 762 826 lam
788 779 865 828 vero
894 756 973 844 quis
1005 758 1088 828 satis
1121 759 1292 849 explicare

42 855 134 927 queat,
157 855 215 914 ant
237 845 349 914 siccis
372 847 557 914 etiamnum
576 845 750 916 recordari
773 845 894 927 oculis,
914 868 993 916 cnm
1023 863 1222 937 perventum
1242 861 1293 920 est

40 930 74 998 ad
93 933 282 1090 sepulturae
308 933 437 1015 locum,
458 955 526 1021 quo
545 934 678 1005 ardoris
700 933 882 1017 desiderio,
909 956 977 1022 quo
1001 936 1130 1005 amoris
1152 938 1288 1020 allectu',

39 1041 94 1104 qua
142 1023 243 1093 oloris
271 1023 304 1090 ri
338 1035 371 1092 et
395 1022 524 1112 impetu
549 1035 731 1104 retentum,
757 1045 1008 1113 compressum,
1037 1039 1221 1096 retractum
1247 1028 1292 1096 sit

39 1107 212 1180 feretrana
237 1111 383 1201 populo,
412 1123 460 1192 ut,
488 1111 599 1198 quoad
623 1112 698 1180 fieri
726 1124 849 1200 posset,
879 1124 1031 1186 maneret
1053 1113 1165 1186 oculis
1188 1137 1290 1216 expo-

38 1198 125 1266 situm
142 1221 281 1289 corpus,
301 1221 372 1287 qno
397 1199 448 1268 vel
479 1201 528 1268 sic
552 1215 738 1287 utcumque
763 1223 825 1272 suo
842 1199 1077 1272 satisfacerent
1094 1202 1291 1274 desiderio?

39 1291 145 1358 Omnes
166 1289 321 1359 studiose
345 1288 513 1376 quasdam
541 1289 741 1378 injiciebant
758 1313 883 1371 moras,
908 1313 949 1360 ne
967 1291 1167 1380 sepulcrum
1192 1292 1291 1364 clau-

37 1375 175 1445 deretur:
196 1397 266 1448 non
281 1376 376 1446 enirn
391 1377 479 1446 lerre
493 1391 646 1467 poterant
662 1378 736 1466 ejus
749 1379 952 1449 absentiam.
968 1383 1072 1470 Aegre
1086 1381 1222 1450 tandem
1247 1381 1290 1450 ab

38 1465 195 1553 Episcopis
209 1465 342 1556 populo
358 1478 527 1555 ereptum,
548 1481 772 1536 monumento
795 1467 957 1538 traditum
979 1483 1049 1538 est:
1068 1469 1291 1557 celeriterque

37 1551 179 1624 advoluto
200 1577 295 1635 saxo,
323 1555 503 1644 inprimis
527 1567 718 1626 reverenter
740 1566 772 1624 et
800 1555 987 1628 honorifice
1011 1557 1082 1626 illic
1119 1558 1287 1641 habetur,

38 1640 205 1727 aliquando
221 1644 256 1712 in
302 1643 390 1712 loria
401 1657 651 1714 surrecturum.
666 1644 712 1714 ld
728 1655 918 1714 extremum
936 1647 1066 1736 Regina
1085 1647 1291 1717 venerabilis

37 1751 108 1798 cnm
131 1730 218 1820 plebe
243 1667 345 1802 valde
374 1731 475 1813 fessa,
504 1744 683 1822 postquam
708 1733 796 1802 illud
827 1748 1018 1804 reverenter
1044 1749 1203 1805 venerata
1226 1751 1288 1818 est,

34 1820 140 1906 jejuna
162 1821 309 1902 recessit,
339 1821 504 1908 luctuque
527 1844 601 1892 eam
634 1845 702 1892 non
737 1823 869 1893 sinente
899 1823 1015 1892 cibum
1049 1846 1203 1905 sumere,
1241 1826 1291 1896 sic

40 1905 216 1979 triduanum
237 1909 518 1999 lacrymabunda
536 1911 709 2001 jejunium
735 1911 881 2000 explevit
885 1961 952 1980 .....
973 1919 975 1922 ’

79 1999 174 2080 bu.
189 2003 272 2069 Cum
289 1999 342 2070 sic
357 2011 472 2068 autem
485 1999 575 2069 beati
593 2000 655 2069 viri
670 2021 797 2088 corpus
810 1999 853 2069 ad
872 2000 962 2070 latus
983 2000 1101 2070 altaris
1117 2001 1291 2090 sepultum

46 2097 134 2163 essm,
149 2088 257 2186 Episco
285 2099 357 2158 oet
372 2089 523 2177 Reginae
546 2088 580 2156 in
601 2089 723 2176 primis
746 2088 943 2160 consultum
970 2089 1081 2159 visum
1102 2101 1174 2170 est,
1201 2090 1293 2160 ultra

48 2169 139 2241 altare
150 2195 178 2243 er
189 2199 245 2246 con
276 2199 335 2246 ere
352 2175 583 2258 mausoleum,
607 2189 709 2279 alque
724 2199 763 2246 eo
779 2176 967 2246 honorilice
984 2176 1069 2248 illud
1091 2176 1289 2270 transferre.

46 2263 125 2330 Eunt
146 2263 246 2352 igitur,
274 2279 309 2335 et
332 2265 517 2356 diligenter
532 2264 721 2355 inspiciunt
745 2265 872 2348 locum,
892 2277 924 2334 et
946 2287 1025 2334 ecce
1049 2266 1163 2337 subito
1180 2268 1216 2334 in
1233 2289 1294 2355 pa·

42 2350 117 2418 riete
132 2351 231 2424 vident
253 2355 368 2424 instar
391 2375 493 2423 arcus
509 2353 683 2440 quandam
709 2375 874 2444 apparere
894 2366 1090 2444 rupturam.
1110 2354 1194 2424 Inde
1212 2377 1294 2446 ergo

40 2437 199 2526 colligunt,
222 2443 394 2514 divinitus
417 2441 607 2532 significari
632 2442 794 2532 parietem
821 2441 921 2512 illum
947 2465 986 2513 eo
1013 2443 1086 2513 loco
1101 2443 1294 2514 demolien-

37 2527 124 2596 dum.
149 2534 297 2619 Cumque
313 2531 348 2600 id
373 2552 498 2622 magna
522 2530 651 2600 liducia
675 2530 785 2600 lacere
809 2531 1006 2612 instituunt,
1034 2531 1081 2601 ita
1107 2532 1219 2622 paries
1238 2533 1295 2602 ille

35 2616 151 2703 absque
165 2619 234 2690 ullo
251 2619 407 2690 hominis
423 2631 550 2689 conatu
565 2633 686 2709 sponte
702 2619 877 2709 collapsus
893 2632 955 2702 est,
976 2632 1013 2689 ut
1029 2643 1092 2694 nec
1116 2620 1292 2691 bominem

32 2703 142 2786 ullum,
160 2730 223 2780 nec
241 2709 378 2780 thecam
395 2707 427 2777 ei
443 2708 673 2798 propinquam
687 2707 737 2778 vel
753 2707 901 2778 tenuiter
916 2708 1075 2780 laederet.
1092 2714 1167 2780 Mox
1180 2711 1296 2800 itaquo

32 2809 176 2884 coeptum
208 2811 260 2868 est
287 2797 467 2898 egregium
499 2797 651 2868 construi
682 2796 910 2868 mausoleum.
943 2797 1151 2869 Adventante
1180 2818 1294 2882 autern

29 2885 253 2956 anniversario
275 2885 494 2975 migrationis
508 2885 584 2972 ejus
608 2885 674 2967 die,
700 2885 773 2974 jam
799 2907 835 2956 se
860 2888 1113 2976 praeparabant
1136 2887 1226 2958 cives
1252 2887 1295 2958 ad

28 2995 144 3061 corpus
163 2976 239 3064 ejns
264 2973 455 3044 honorilice
479 2972 768 3044 transferendum.
796 2975 927 3064 Regina
946 2997 1089 3134 pnoque
1110 2989 1218 3047 vestes
1237 2978 1295 3048 bo·

27 3059 181 3134 losericas
206 3064 349 3134 maximi
375 3063 474 3152 pretii
498 3063 698 3152 apparabat,
717 3076 862 3132 exutura
879 3063 944 3134 illu
988 3065 1086 3146 alias,
1106 3066 1142 3134 iu
1167 3067 1297 3155 quibus

27 3163 268 3222 curaratantea
280 3173 318 3222 se
364 3150 533 3232 liendum,
550 3164 582 3220 et
596 3151 658 3222 has
675 3173 780 3222 novas
797 3151 974 3222 indutura.
991 3153 1037 3222 ld
1050 3155 1166 3243 ipsum
1181 3167 1294 3224 autem

27 3241 294 3310 anniversarium
338 3241 404 3310 iem
422 3242 579 3310 convenit
595 3241 629 3308 in
647 3239 815 3330 oppidum
835 3238 932 3310 valde
952 3240 1113 3331 frequens
1129 3242 1293 3332 populus,

28 3330 161 3397 Interim
180 3342 323 3399 canente
346 3328 448 3410 clero,
476 3328 602 3418 populo
619 3329 653 3398 in
679 3328 814 3419 vigilias
841 3329 1073 3410 incumbente,
1095 3330 1192 3400 theca
1217 3329 1297 3397 dili-

28 3429 138 3496 center
152 3417 267 3488 ablata
282 3431 336 3488 est
351 3441 371 3487 a
387 3429 621 3488 monumento,
650 3417 788 3498 Deinde,
816 3417 952 3488 sublato
970 3417 1095 3488 tumuli
1112 3417 1294 3507 opertorio,

28 3507 249 3578 suavissimus
275 3527 294 3576 e
320 3527 463 3596 corpore
491 3507 599 3576 sancti
623 3506 693 3574 Viri
725 3507 877 3575 manavit
906 3506 1011 3576 odor:
1037 3507 1129 3594 quod
1155 3506 1296 3597 quidem

30 3605 89 3660 tarn
115 3593 230 3664 adhuc
248 3596 420 3686 integrum
464 3593 610 3682 lanaque
629 3595 868 3684 incorruptum
893 3596 1111 3676 cernebatur,
1132 3609 1171 3665 ut
1187 3596 1297 3664 vivere

29 3693 213 3766 putaretur
230 3683 392 3784 quodque
407 3617 650 3754 admirabilius
669 3693 731 3764 est,
751 3683 858 3754 barba
874 3695 907 3752 et
931 3683 1049 3774 capilli
1066 3684 1154 3772 ejus,
1178 3683 1238 3772 qni
1257 3705 1298 3754 ex

7 3839 8 3844 ,
33 3789 117 3840 more
129 3770 243 3840 abrasi
257 3786 356 3842 erant
371 3773 438 3842 vita
451 3771 580 3854 iuncto,
596 3774 630 3840 in
648 3771 807 3863 sepulcro
822 3793 944 3842 rursus
957 3785 1145 3853 creverant,
1162 3776 1298 3842 cunctis

31 3856 66 3924 ad
88 3879 215 3928 novum
234 3871 266 3930 et
285 3861 483 3931 inauditum
502 3861 710 3932 miraculum
727 3861 1063 3950 obstupescentibus.
1083 3865 1120 3930 tt
1136 3862 1298 3952 Episcopi

33 3967 103 4014 rum
123 3947 231 4017 multo
255 3949 375 4019 timore
400 3949 551 4019 levantes
569 3949 658 4019 illud
674 3972 693 4017 e
709 3950 854 4032 tumulo,
874 3951 985 4020 exutis
1004 3950 1178 4039 prioribus
1194 3951 1299 4022 indu·

34 4035 169 4116 mentis,
188 4038 451 4122 pretiosissimis,
467 4060 555 4128 quae
571 4039 701 4126 Regina
717 4050 905 4128 paraverat,
925 4039 1087 4122 induunt,
1104 4061 1299 4132 magnoque

7 4127 9 4186 t
37 4123 146 4192 studio
171 4126 288 4214 sigillis
307 4128 479 4197 munitum
501 4139 693 4218 reponunt:
720 4139 820 4216 atque
844 4127 891 4195 ita
915 4125 1054 4196 demum
1076 4127 1181 4197 choro
1206 4129 1299 4219 psal-

38 4206 132 4292 lente,
150 4213 473 4306 modnlantibusque
491 4216 642 4306 organis,
661 4215 741 4285 inde
761 4217 794 4283 in
824 4215 946 4304 primis
971 4229 1164 4286 reverenter
1179 4229 1211 4286 el
1226 4231 1298 4288 stu·

42 4295 128 4368 diosc
152 4303 369 4386 translatum,
399 4306 433 4373 in
464 4316 665 4394 praeparato
690 4303 866 4374 mausoleo
899 4315 1057 4374 accurate
1081 4304 1237 4374 condunt
1268 4315 1300 4373 et

45 4403 251 4477 componunt,
267 4393 300 4462 in
318 4394 391 4465 dies
407 4394 532 4480 majori
551 4394 677 4463 honore
691 4405 724 4462 et
738 4391 955 4462 veneratione
972 4393 1297 4481 prosequendum...
