2954 4816
209 281 273 348 390
567 295 605 340 nn
629 292 746 340 vrartre
770 293 903 340 uerutis
928 293 1037 342 nomm
1279 273 1355 340 blld.
1376 273 1409 338 ll

163 399 268 454 artem
296 379 459 452 nocendi:
487 377 544 450 sed
571 378 699 466 ubique
716 399 798 448 suae
814 376 1012 469 calliditatis
1037 377 1194 468 assignat
1212 379 1365 466 argutias,
1385 389 1411 444 et

164 476 199 544 in
220 471 324 542 choro
344 469 483 558 quidem
502 468 589 536 inter
604 465 775 537 orandum
800 479 832 536 et
858 466 1077 556 psallendum
1101 479 1250 536 mentem
1270 464 1411 554 pertrahit

163 563 198 632 in
219 561 376 641 diversa,
413 557 672 648 praeteritorum
704 556 987 626 rememoratione
1024 555 1208 645 puritatem
1243 553 1412 623 intellectus

163 649 352 720 involvens.
372 652 410 718 ln
431 659 502 715 toro
523 666 600 715 vero
626 642 854 726 multiformes
878 643 1036 716 libidinis
1059 665 1184 714 sensus
1208 642 1353 722 involvit,
1373 643 1412 710 in·

164 739 296 810 sidians
320 734 499 807 solitudini
519 746 660 814 vestrae,
683 745 716 803 et
731 732 807 803 telis
823 731 1024 804 fortioribus
1043 753 1275 824 oppugnans;
1301 732 1412 802 utinam

165 849 232 899 non
249 837 438 916 expugnet:
466 835 609 914 pungat,
629 843 696 892 non
715 821 880 892 vulneret.
908 827 946 891 ln
973 821 1150 892 refectorio
1175 833 1290 890 autem
1315 819 1413 912 gulam

164 915 271 987 allicit
287 913 329 984 ad
349 912 534 983 videndum
562 933 650 1001 quae
676 909 901 1011 perferantur,
929 923 961 980 et
985 910 1116 1001 ingenti
1138 910 1299 980 aviditate
1318 921 1415 979 onerat

164 1005 351 1075 distentum
373 1015 537 1081 ventrem,
556 1013 593 1070 ut
617 1021 747 1090 majore
765 1021 869 1089 opera
888 998 931 1068 nd
956 999 1166 1090 egerendum
1188 1021 1301 1090 egeas,
1328 1019 1414 1086 quam

164 1093 207 1164 ad
224 1090 463 1184 ingerendum.
491 1093 530 1159 In
554 1088 705 1160 claustro
722 1087 829 1158 libros
848 1087 1014 1158 revellita
1035 1087 1210 1168 manibus,
1233 1088 1415 1158 memoriam

166 1195 294 1252 resecat
311 1180 573 1270 scripturarum,
592 1189 624 1246 et
643 1199 734 1247 nuno
752 1176 794 1247 de
811 1176 870 1247 illo
883 1177 926 1246 ad
945 1177 1047 1246 istum
1064 1199 1143 1246 cum
1162 1176 1274 1277 signis
1290 1189 1322 1246 et
1337 1197 1417 1244 senr-

166 1270 290 1340 rilitate
306 1267 510 1338 transvertit.
527 1271 588 1336 Per
601 1265 819 1337 officinarum
835 1265 1092 1336 multitudinem
1105 1279 1136 1336 te
1146 1264 1228 1336 saort
1243 1285 1416 1342 excurrere,

165 1371 196 1430 et
221 1356 426 1449 vagabundo
450 1377 486 1426 se
509 1355 667 1426 comitem
694 1353 792 1436 lacit,
819 1353 927 1424 donec
952 1354 1197 1425 taciturnitatis
1224 1355 1350 1424 ostium
1373 1363 1419 1421 aut

165 1448 308 1538 aperiat,
327 1459 386 1516 aut
402 1444 608 1536 confringat.
626 1443 714 1528 Quid
733 1443 857 1534 plural
876 1448 914 1514 ln
935 1443 1040 1514 choro
1056 1442 1285 1525 devotionem,
1310 1443 1342 1512 in
1361 1455 1419 1512 toro

164 1537 366 1609 castitatem.
389 1535 423 1604 in
442 1532 617 1604 refectorio
636 1533 847 1623 parcitatem,
874 1533 910 1602 in
936 1531 1085 1604 claustro
1110 1530 1305 1612 lectionem,
1329 1533 1361 1601 in
1383 1529 1420 1598 oi·

165 1625 280 1696 licinis
297 1623 423 1695 silentii
442 1623 613 1706 virtutem,
634 1621 769 1691 virtutis
794 1621 958 1691 inimicus
981 1623 1137 1712 extirpet.
1164 1625 1229 1692 Nec
1249 1619 1374 1690 sufficit
1395 1620 1421 1687 in

165 1712 340 1815 vigilando
360 1711 547 1784 subtilibus
571 1710 716 1800 spiculis
736 1709 850 1780 cordis
875 1709 1045 1780 terebrare
1070 1709 1237 1784 muralia.
1269 1709 1328 1780 sed
1358 1709 1422 1778 dor-

166 1801 303 1872 miendo
316 1800 486 1892 singulari
505 1821 541 1870 se
558 1811 669 1870 versat
684 1810 717 1868 et
733 1811 882 1868 reversat
898 1800 1045 1870 astutia:
1064 1821 1153 1887 quae
1169 1798 1295 1868 melius
1309 1811 1422 1868 vestrae

165 1891 416 1972 conscientiae,
447 1909 551 1976 quam
581 1887 661 1977 styli
691 1889 854 1958 scientiae
877 1887 1091 1976 derelinquo.
1118 1886 1180 1958 Sed
1211 1900 1244 1957 et
1268 1887 1310 1957 ad
1330 1887 1424 1957 altare

168 1979 301 2050 Domini
320 1980 483 2049 virtutum
502 1990 696 2064 sequuntur
709 1999 766 2048 vos
781 1977 925 2067 spiritus
938 1977 1005 2058 isti,
1023 1977 1056 2045 in
1071 1976 1164 2066 ipsos
1179 1977 1305 2046 mentis
1320 1975 1424 2046 oculos

167 2069 368 2149 involantes,
388 2080 421 2136 et
438 2067 488 2136 vir
503 2065 619 2152 aliqua
643 2065 693 2136 vel
720 2067 892 2136 nascentis
916 2065 982 2146 Dei,
1006 2064 1057 2134 vel
1083 2065 1264 2155 pendentis
1281 2067 1316 2134 in
1334 2070 1424 2136 Crura

189 2169 312 2228 ossunt
337 2156 502 2226 memoria
517 2153 705 2224 deturbari.
734 2159 878 2244 Magnus
902 2153 959 2222 ille
984 2153 1180 2224 Patriarcha
1204 2155 1260 2224 vix
1284 2153 1425 2224 volucres

165 2179 366 2337 eujusmodi
391 2265 410 2312 a
434 2243 508 2312 suis
532 2243 713 2314 sacrifieiis
737 2243 909 2332 abigebat.
936 2247 1002 2314 llos
1025 2242 1108 2331 quid
1134 2265 1275 2324 sumus,
1301 2245 1362 2331 qui
1385 2243 1425 2311 lu-

165 2357 246 2424 gere
270 2331 550 2424 praesumimus?
566 2332 650 2414 Quis
669 2333 703 2401 in
720 2331 784 2401 boc
802 2332 873 2402 rivo
892 2331 944 2400 vel
964 2353 1127 2413 mersum,
1148 2331 1198 2401 vel
1217 2332 1424 2403 submersum

165 2445 201 2494 se
223 2445 298 2494 esse
326 2421 523 2513 negaverit?
554 2420 674 2491 videtis
698 2442 803 2508 quam
828 2419 989 2491 turbidus
1010 2435 1153 2501 torrens,
1180 2435 1213 2491 et
1237 2420 1364 2492 limosa
1387 2441 1424 2489 rc-

164 2513 344 2615 gurgitans
363 2510 580 2587 coenositate.
600 2510 657 2596 qui
684 2510 748 2590 vir,
776 2522 836 2578 aut
865 2531 1044 2599 nunquam
1066 2508 1109 2578 ad
1134 2509 1198 2580 hoc
1222 2509 1376 2590 ducitur,
1400 2521 1426 2576 ut

166 2615 302 2690 penitus
326 2599 525 2669 exsiccetur.
552 2602 623 2668 Non
646 2612 728 2688 puto
751 2597 843 2685 quod
869 2597 946 2680 ille,
972 2597 1034 2686 qui
1058 2597 1182 2669 clausit
1205 2597 1341 2668 coelum
1367 2620 1427 2669 ora·

165 2689 268 2772 tione,
290 2687 453 2758 clauserit
475 2687 632 2788 animum
658 2709 677 2756 a
701 2687 926 2778 cogitatione:
954 2698 991 2756 ut
1007 2685 1143 2757 lucilius
1160 2689 1202 2758 sit
1218 2687 1358 2758 coelum
1380 2687 1426 2757 ob·

165 2799 279 2847 serare
302 2799 405 2864 quam
428 2797 599 2844 animum.

207 2868 286 2954 δῖ.
315 2863 494 2934 Secundus
530 2864 623 2934 rivus
652 2876 703 2934 est
738 2863 864 2934 locutio
901 2885 1070 2952 perversa.
1112 2864 1281 2952 Linguam
1322 2865 1428 2936 nullus

164 2953 344 3023 hominum
374 2952 515 3022 domare
544 2964 662 3043 potest,
694 2953 741 3022 ait
770 2951 972 3042 Apostolus:
1007 2952 1200 3022 membrum
1227 2953 1426 3042 inquietum.
1457 3016 1465 3041 ,

164 3043 359 3112 membrum
386 3041 613 3122 mortiferum,
640 3041 751 3112 facilis
771 3041 814 3112 ad
846 3041 1082 3129 loquendum,
1114 3041 1155 3112 ad
1178 3041 1427 3130 obloquendum
1459 3050 1465 3091 ÷

165 3130 358 3222 proclivior.
381 3135 420 3200 Et
433 3129 634 3211 notandum,
652 3130 743 3218 quod
759 3131 914 3202 nascitur
927 3129 1012 3200 alter
1028 3151 1067 3200 ar
1087 3129 1205 3212 altero,
1225 3153 1307 3201 cum
1332 3131 1428 3202 malae
1460 3104 1466 3197 l

162 3219 361 3310 cogitationi
383 3241 505 3309 pravae
523 3219 823 3305 locutionisjanua
840 3220 883 3289 sit
900 3233 1027 3310 aperta.
1047 3223 1085 3288 Et
1099 3231 1150 3290 est
1169 3221 1328 3302 verbum,
1345 3216 1426 3291 aliud
1458 3214 1476 3305 ξ1

161 3308 313 3388 falsum,
341 3308 434 3378 unde
457 3309 606 3378 dieitur:
632 3309 753 3378 Perdes
787 3331 898 3378 omnes
928 3311 989 3400 qui
1011 3311 1196 3400 loquuntur
1227 3311 1428 3381 mendacium
1460 3330 1466 3383 t

162 3397 230 3487 (Ps.
257 3397 312 3486 5):
340 3397 435 3466 alind
469 3419 616 3479 vanum,
647 3398 785 3485 dequo
813 3397 981 3486 scriptum
1010 3411 1080 3466 est:
1113 3401 1204 3482 Vana
1233 3401 1340 3468 locuti
1364 3405 1427 3467 sunt
1460 3394 1467 3487 ’ξ

163 3489 392 3578 unusquisqne
416 3486 461 3555 od
489 3489 686 3577 promimrtm
712 3508 812 3556 soum
838 3486 908 3575 (Ps.
935 3485 992 3574 2):
1020 3484 1114 3555 aliud
1135 3485 1370 3566 maledictum,
1394 3484 1428 3552 de
1462 3498 1467 3511 ·

162 3598 232 3661 quo
259 3575 438 3666 Apostolus
469 3575 610 3645 scribit:
646 3581 759 3667 Neque
788 3575 949 3644 maledici
976 3597 1118 3666 reguum
1149 3578 1208 3644 Dei
1227 3577 1427 3666 possidebunt
1474 3642 1475 3672 p

162 3665 210 3754 (l.
234 3668 311 3734 Gor.
337 3663 403 3754 v1):
430 3663 524 3733 aliud
543 3663 774 3752 impudicum,
792 3663 919 3751 dequo
936 3662 1046 3733 idem:
1066 3669 1091 3733 Τ
1091 3666 1184 3754 urpis
1198 3687 1306 3734 sermo
1326 3665 1366 3734 de
1382 3683 1427 3732 ore

164 3763 272 3823 oestro
296 3776 361 3823 nort
386 3754 544 3844 procedat
562 3753 697 3845 (Epiros.
717 3751 782 3841 1v):
815 3751 909 3823 aliud
939 3753 1205 3830 excusatorium.
1228 3753 1322 3823 unde
1347 3750 1426 3822 Psal-

165 3843 282 3911 mista:
310 3847 381 3910 Non
405 3843 550 3912 declines
574 3864 760 3913 cormeum
783 3842 819 3910 in
842 3843 944 3912 verbo
967 3843 1134 3922 malitiae,
1158 3843 1204 3911 od
1228 3841 1427 3912 accusandos

164 3932 396 4002 accusationes
415 3932 609 4021 inpeccatis
631 3929 701 4020 (rs.
730 3930 829 4018 lld):
856 3928 951 4000 aliud
985 3929 1169 4008 dolosum.
1201 3931 1244 4000 de
1267 3953 1336 4017 quo
1360 3935 1426 3998 Pro·
1466 3926 1471 3961 ²

163 4021 284 4110 plreta:
311 4019 488 4108 Disperdot
512 4021 671 4090 nominor
695 4021 853 4088 universo
883 4019 976 4089 lobio
1000 4019 1116 4090 doloso
1138 4019 1207 4108 (Ps.
1237 4025 1272 4089 tt
1281 4021 1316 4108 ):
1342 4011 1427 4111 aliud¹
1474 4037 1475 4050 ¹

161 4110 322 4188 otiosum,
343 4107 384 4176 de
401 4128 469 4194 quo
488 4107 576 4176 idem
597 4107 782 4177 Dominusz
809 4113 854 4177 lle
869 4109 961 4176 omni
974 4109 1070 4178 verbo
1087 4110 1200 4188 otioso,
1229 4110 1317 4200 quod
1335 4112 1423 4176 locuti

160 4198 287 4284 luerint
305 4198 463 4276 domines,
482 4197 619 4266 reddent
635 4199 799 4266 rationem
824 4195 863 4266 de
880 4219 916 4266 eo
940 4198 975 4265 t'n
992 4197 1046 4266 dic
1055 4195 1185 4287 judicii
1198 4198 1330 4288 (Mottlt.
1356 4191 1421 4276 rrrl:

161 4295 194 4352 et
226 4286 372 4383 siquae
392 4284 461 4370 alia
485 4298 565 4354 sunt
589 4305 713 4374 genera
741 4284 845 4375 pestis
873 4285 990 4376 hujus,
1018 4307 1106 4372 quae
1137 4308 1198 4356 nos
1227 4287 1316 4358 brevi
1340 4283 1418 4352 saltu

162 4371 334 4442 trausrlrre
359 4395 424 4442 non
449 4395 645 4462 possumus.
