2934 4810
240 260 341 330 ⁴074*
591 283 854 333 ulnrsnonoeruu
883 283 1100 331 rususrssnus
1259 263 1331 328 buo.
1346 263 1419 326 issi

193 366 330 442 cognitae
351 365 485 439 inerant,
513 381 671 440 moerore,
701 381 738 429 es
772 367 827 428 bac
854 364 1044 428 solemnitate
1060 371 1182 427 sanctus
1195 361 1420 441 inputantes

164 503 172 538 ἦ
192 445 254 507 rita
271 446 302 507 in
318 446 433 510 coetnm
448 446 603 524 migravit.
853 444 889 506 ad
911 443 1058 523 populum
1078 457 1249 506 sermonen
1268 442 1359 506 babuit.

732 579 737 592 .
799 579 804 591 .
900 524 977 586 sila
996 524 1106 586 eodem
1138 531 1238 585 uetera
1263 521 1420 595 nruwipn.

230 578 411 642 Easrunou.
440 615 478 628 -—
502 579 643 642 Veronae
674 580 825 643 ordinatio
853 603 896 666 ΒΘ
916 619 1059 666 sermone
1080 601 1113 664 g·
1132 602 1298 681 Augustini,
1314 601 1378 676 cnjus
1393 598 1418 656 p·

190 659 287 748 ⁵³,ssssst
314 660 441 722 ΖΕΝΟΝΙῦ
471 657 621 739 EDlSGOEi·
645 659 735 737 (Vide
763 663 825 724 ⁸²⁶·
854 685 972 746 mantio
994 683 1136 756 babetur,
1157 681 1258 745 scribit
1275 679 1418 743 Possitiusn

190 753 285 811 num,
302 737 368 800 Vol.
385 757 426 812 u,
443 755 510 817 pag.
527 739 583 804 281
604 741 689 816 etc).
854 762 950 824 lodic.
979 780 1044 903 cap.
1069 761 1106 823 8:
1133 763 1197 841 ipso
1214 771 1303 825 aunan
1320 758 1419 820 ierus

219 899 407 950 aursnonnns
695 901 746 942 nna:
759 901 797 942 rx.
854 850 940 904 mm
963 875 1002 888 ““

231 1004 260 1068 s.
279 971 783 1069 nnocinnvnsossumss.
1024 1052 1026 1058 ,
1058 999 1112 1064 ss.
1127 998 1277 1073 annuus,

272 1111 418 1190 Martyria·
430 1111 564 1188 patmum
576 1114 745 1191 praemi
854 1086 1071 1163 SUCCESSUS,
1082 1081 1415 1152 BASSIANUSsnuuitl

378 1216 460 1263 carro
473 1201 544 1262 circ.
564 1199 633 1264 303.
1048 1197 1143 1258 Aetas
1158 1197 1280 1258 incerto.

230 1325 408 1388 Eiarinon.
432 1357 470 1370 -
490 1324 586 1388 'rotati
619 1325 651 1387 in
681 1326 823 1404 Hispania
893 1321 1074 1385 Eurinus.
1095 1354 1134 1370 -
1157 1321 1229 1384 inin
1249 1322 1278 1381 in
1296 1319 1421 1380 bisianen-

191 1403 298 1467 nataiis
318 1413 438 1468 sanctae
455 1405 628 1467 Leocnnrsn
643 1404 780 1484 Virginis
793 1413 824 1468 et
853 1407 970 1464 ciorum
1000 1403 1170 1480 Martyrum
1200 1400 1294 1470 Perna
1318 1397 1414 1479 Succos

190 1483 342 1562 Martyris,
364 1499 443 1563 quae
464 1486 496 1544 in
518 1487 729 1563 persecutione
754 1485 823 1547 Dio·
852 1480 1011 1554 Bessresr,
1042 1482 1195 1545 Parnasius
1222 1486 1251 1540 et
1277 1479 1382 1540 stiorun
1397 1489 1419 1528 c

189 1562 308 1626 cletiani
340 1562 381 1626 lin
422 1564 530 1626 satoris
551 1579 566 1626 a
588 1563 743 1627 Praefecto
767 1565 822 1626 lli·
853 1561 943 1637 giuti.
1184 1561 1188 1570 '

188 1643 363 1721 spaniarum
410 1644 515 1706 aciano
536 1642 601 1705 dira
621 1644 751 1706 carceris
773 1661 822 1708 cu·
890 1637 974 1701 Nibil
989 1640 1126 1702 alteriaci
1143 1635 1342 1704 illustrandum
1356 1637 1419 1695 boras

187 1723 283 1785 stadia
296 1729 455 1796 macerata,
468 1737 537 1784 curn
549 1723 742 1798 gravissimos
755 1725 823 1788 bea·
852 1722 1034 1798 martyrium
1055 1719 1212 1784 Batonius.

189 1807 237 1865 tae
266 1801 400 1864 Eulaliae
424 1808 456 1866 et
487 1802 676 1880 retinueram
708 1802 822 1884 Marty-

188 1897 258 1944 rum
288 1883 438 1945 cruciatus
468 1881 610 1954 audisset,
632 1882 761 1960 genibus
791 1889 822 1946 in
890 1885 1105 1951 evanuerit
1128 1889 1222 1952 Viaco
1241 1905 1275 1948 nn
1296 1887 1400 1948 Eraria.

188 1963 325 2103 guttatae
341 1963 458 2104 pgsiit‘ils.i
469 1961 664 2040 impollutum
679 1963 821 2041 spiritum
970 1995 1069 2058 Passa
1084 1998 1169 2059 circa
1183 2012 1296 2058 amm
1309 1992 1349 2054 45·

223 2056 358 2104 sarsore
402 2059 468 2103 ιι.

236 2121 350 2184 sPlura
379 2122 417 2183 de
449 2123 508 2200 ipsa
531 2121 563 2183 in
587 2121 744 2184 Bresiario
764 2123 821 2183 Tc·
890 2117 1073 2182 bassines·
1095 2151 1136 2166 -·
1157 2108 1414 2182 Lambricis'inii

189 2200 299 2272 tatano,
322 2199 374 2262 ubi
404 2215 486 2262 sacro
517 2199 632 2279 hymno
656 2201 721 2277 ejus
748 2202 820 2264 Acta
851 2189 1418 2276 liasanctaeiinnsnnnnVirginisetltu·

189 2288 353 2343 canuntur.
376 2280 450 2340 Tres
479 2279 593 2342 ibidem
625 2279 764 2343 basilicae
790 2281 820 2343 in
853 2275 936 2354 apris.

188 2361 253 2437 eius
274 2360 455 2422 memoriani
483 2366 602 2421 erectae
624 2369 820 2438 permanent:
890 2355 933 2416 lle
954 2355 1016 2432 ipsa
1049 2356 1179 2420 babetur
1207 2356 1315 2420 mentio
1332 2355 1356 2414 in
1371 2353 1417 2408 siras

188 2453 320 2518 quarum
342 2439 440 2518 prima
472 2437 525 2504 ubi
551 2445 632 2511 nata,
654 2439 748 2502 altera
771 2439 820 2502 ubi
852 2431 882 2496 S.
906 2434 1051 2498 Martialis
1072 2437 1151 2514 apud
1182 2437 1300 2500 Petrum
1319 2435 1344 2494 in
1361 2423 1417 2490 itii>

187 2533 282 2660 passa,
307 2518 393 2580 tertia
427 2533 500 2580 vero
532 2517 583 2580 ubi
615 2519 730 2596 sepulta
752 2519 819 2582 iuit.
851 2510 904 2576 lib·
926 2513 957 2588 θ,
979 2529 1041 2592 tat).
1058 2515 1108 2590 293
1132 2523 1163 2579 el
1184 2519 1215 2578 in
1236 2512 1354 2595 epistola,
1368 2515 1416 2584 psat

213 2604 350 2674 aguntur
384 2596 483 2675 plures
517 2594 631 2675 Synodi
662 2595 822 2662 Toletanae
851 2591 881 2653 S·
905 2589 1050 2656 Martialis
1072 2596 1226 2673 scripsisse
1246 2583 1416 2680 resturatio

188 2677 307 2740 babilae
322 2678 354 2740 in
366 2676 497 2740 Ecclesia
513 2675 544 2740 S.
557 2676 731 2740 Leucadiae.
743 2676 819 2740 Cunn
851 2671 978 2736 losanos.
1001 2674 1138 2736 Moianus
1155 2673 1197 2737 de
1215 2675 1311 2738 eaden
1328 2685 1353 2731 rn
1368 2661 1417 2725 iii·

187 2753 345 2820 sarraceni
368 2756 526 2835 Hispanias
553 2758 745 2830 invasissent,
768 2773 821 2819 vo-
850 2751 984 2815 tionibus
997 2754 1033 2816 ad
1047 2753 1221 2817 Usuardum
1237 2755 1287 2817 bac
1298 2751 1346 2813 die.

188 2837 359 2899 necandum
380 2835 444 2913 eins
464 2851 572 2913 corpus
592 2836 624 2896 in
640 2833 750 2898 Gallias
770 2835 821 2898 de-

187 2914 283 2978 latum
304 2917 411 2988 fertur,
433 2915 519 2992 cujus
539 2914 700 2977 brachium
722 2924 820 2994 postea
942 2921 973 2984 s.
994 2919 1191 2985 PROCULUS
1215 2923 1365 2984 bimanus.

187 2994 331 3057 ecciesiae
346 2993 493 3072 pristinae
507 2993 659 3056 redditum
674 2994 820 3058 Laurens.
1012 3027 1103 3092 circa
1117 3044 1237 3092 annum
1254 3025 1306 3090 303

187 3072 292 3134 Potitii.
314 3080 345 3136 at
367 3073 498 3136 Vesaeus
530 3073 661 3136 tradunt.
685 3073 743 3136 Sed
776 3073 822 3136 bis
1308 3074 1314 3088 “

188 3151 294 3216 diebus
324 3152 450 3215 Romam
482 3154 583 3231 ipsum
611 3155 820 3216 venerandum
889 3153 1072 3216 Manassen.
1087 3152 1273 3216 -Veronae
1291 3147 1363 3212 ancti
1378 3139 1414 3228 ias

188 3231 820 3310 corpusallatuininHispaniaursolenani
850 3249 919 3295 cunr
950 3233 1098 3312 Episcopi,
1129 3235 1182 3311 qui
1214 3234 1242 3294 in
1273 3227 1415 3307 persecuisti

227 3327 295 3390 napa
328 3311 584 3384 transferendum,
605 3314 816 3388 accepimus.»
851 3313 1026 3375 Diocletiani
1059 3309 1195 3390 colaphis
1214 3329 1245 3375 ac
1263 3305 1367 3390 testibus
1381 3307 1414 3354 aaa

214 3407 266 3454 aec
287 3391 434 3454 Batonius
457 3391 488 3452 in
503 3390 588 3452 Notis
608 3389 645 3452 ad
667 3391 820 3470 blartyroi.
850 3408 912 3467 sus,
927 3399 958 3454 et
971 3392 1096 3454 civitate
1117 3391 1231 3470 pulsus,
1246 3373 1415 3473 unoenrtifj

126 3517 127 3520 ,
186 3469 274 3533 lions.
298 3505 335 3516 —
358 3469 388 3531 S.
411 3470 567 3544 Leocadia‚
599 3484 701 3548 porro,
725 3479 759 3533 ut
790 3474 821 3533 in
850 3471 971 3535 clesium
991 3485 1078 3534 suam
1107 3473 1267 3540 restitutus¹
1294 3462 1381 3545 pureut
1400 3467 1413 3506 t-

186 3550 309 3612 ilectus.
325 3549 565 3612 Oacooizatioac
579 3557 640 3614 etc.
664 3549 819 3616 Benedicti
851 3566 935 3629 pace.

187 3626 239 3706 Pp.
262 3629 330 3691 xiv
359 3629 484 3706 legitur,
505 3631 680 3708 apparuisse
706 3629 821 3696 dicitur
891 3630 933 3691 De
947 3645 1008 3708 quo
1024 3630 1142 3694 obuiae
1157 3627 1289 3691 ecclesiae
1302 3621 1407 3684 ieiuna

187 3705 217 3772 S.
230 3707 819 3788 ildefonso,eiquegratiasegisse,cum
849 3716 880 3771 ot
902 3709 1093 3787 Augustinus
1114 3708 1212 3772 valer.
1240 3703 1370 3782 Episcopus
1383 3686 1412 3746 ii

1031 851 1058 906 ta
1072 841 1230 904 Baronins.

186 3787 250 3866 ipse
280 3790 424 3852 adversus
451 3787 644 3864 Elvidianam
670 3788 818 3852 baeresim
849 3804 917 3850 ron.
938 3799 970 3850 et
992 3787 1078 3850 Garri.
1104 3791 1147 3852 Dc
1168 3787 1256 3865 antip.
1276 3763 1412 3900 mailli&

185 3869 312 3946 egregie
332 3873 507 3946 pugnasset.
847 3885 921 4010 {esc
951 3867 1076 3942 Verou.,·
1101 3870 1166 3946 ejus
1186 3866 1268 3928 sitan
1291 3861 1317 3921 in
1334 3849 1389 3938 attii

874 3947 1041 4011 actionario
1062 3948 1128 4027 ejus
1148 3945 1279 4012 ecclesiae
1298 3935 1375 4027 babo
1388 3933 1409 4013 tt·

266 4035 296 4098 S¹
312 4034 552 4098 RESTlTUTUS
567 4035 739 4098 Enrsconns.
849 4034 953 4092 statur.
966 4027 1085 4105 Agitde
1098 4028 1201 4090 anderu
1213 4021 1339 4084 Petrnsrn
1351 4009 1410 4111 catu

391 4144 439 4204 tt
496 4143 502 4154 ’
575 4148 586 4200 ι
850 4105 904 4170 lib·
928 4105 956 4178 i,
985 4121 1046 4184 ooo·
1068 4105 1118 4169 ta.
1142 4107 1308 4170 liecerssetur
1330 4093 1410 4168 quarta

384 4189 394 4201 ‘
412 4157 426 4202 θ
441 4159 476 4204 ⁰⁸
489 4157 574 4203 mm
588 4159 618 4203 α’
849 4185 916 4262 ejns
936 4185 1082 4248 ecciesiae
1097 4186 1256 4265 Episcopus.
1272 4209 1303 4221 —
1316 4172 1371 4232 ilaec
1381 4158 1410 4216 tt·

225 4260 402 4325 llunrnnon.
425 4299 464 4310 -
486 4263 667 4340 Cartbagine
699 4265 731 4329 S.
761 4265 820 4328 lte-
848 4264 964 4330 nonius,

185 4346 301 4396 cursuri
322 4339 456 4418 Episcopi
473 4350 504 4404 et
519 4341 669 4422 Martyris,
684 4347 715 4406 in
735 4347 837 4438 cujus}
875 4368 998 4418 samm,
1013 4369 1120 4422 „m
