2960 4824
265 299 328 362 332
588 317 628 363 ns
652 317 679 363 s.
707 315 868 364 aureaaro
893 310 941 364 tr.
969 317 1123 366 causato.
1328 301 1401 365 llllC.
1423 303 1450 364 ta

220 401 320 472 facile
342 411 487 471 mentem
510 400 683 470 audientis
718 400 871 480 inficiat,
897 424 976 471 cum
1003 401 1142 472 assidua
1167 401 1332 489 colloquia
1348 415 1376 472 et
1395 402 1451 472 diu-

220 504 344 562 turnus
372 513 458 560 usus
482 503 608 581 pestem
635 489 761 558 animis
794 489 976 561 infundere
1004 491 1157 572 soleant,
1191 493 1319 561 etiamsi
1343 513 1448 560 morunt

219 578 451 667 tranquillitas
475 579 540 649 sit:
568 589 680 647 tamen
702 579 791 648 sicut
806 590 966 669 stagnum
983 581 1073 662 mite,
1094 581 1202 650 ventis
1218 581 1446 670 exagitantibus.

220 671 254 738 in
284 681 415 738 aestum
441 667 611 757 assurgit:
638 667 684 735 ita
709 666 799 737 bona
822 682 946 738 natura
971 669 1138 758 improbis
1168 669 1383 738 monitoribus
1401 669 1449 736 llu-

219 770 324 827 etuat.
350 761 442 825 Patet
460 768 550 826 certe
567 753 721 824 fallaciae
736 769 829 826 aetas
847 757 1013 846 juvenilis
1036 771 1069 827 et
1091 757 1191 828 facile
1207 758 1378 858 decipitur,
1393 777 1449 825 cunr

219 843 518 915 fraudulentorum
550 844 688 914 insidiis
711 845 992 916 circumvenitur.
1026 847 1085 916 Vix
1114 848 1216 916 etiam
1253 847 1368 915 resistit
1387 845 1450 913 dolis

219 947 311 1006 aetas
335 933 475 1004 senilis:
505 955 582 1002 narn
608 945 641 1001 et
663 955 784 1003 senum
815 933 998 1024 prudentia
1023 936 1228 1027 plerumque
1256 935 1387 1004 versutis
1406 933 1450 1001 eir·

218 1035 400 1092 cumt'enta
424 1020 561 1102 insidiis
581 1022 743 1093 irretitur.
771 1027 858 1113 Ergo
882 1025 911 1094 si
939 1027 1105 1094 maturior
1129 1047 1215 1094 usus
1239 1045 1337 1113 saepe
1357 1021 1451 1092 labefa-

218 1125 306 1191 ctus,
334 1132 443 1197 neque
468 1111 535 1181 sibi
559 1112 754 1202 prospicere
780 1123 909 1201 potest:
936 1113 1017 1198 quid
1045 1115 1185 1192 mirum,
1213 1115 1243 1182 si
1258 1125 1346 1183 aetas
1362 1112 1450 1181 imma·

220 1201 328 1270 turior
344 1199 409 1270 sibi
427 1197 546 1268 adesse
571 1221 637 1268 non
666 1201 785 1290 potuit,
812 1222 900 1291 quae
926 1203 1027 1272 tantis
1053 1202 1301 1292 perurgebatur
1323 1199 1450 1271 insidiis?

218 1288 361 1359 Provida
384 1289 500 1375 itaque
517 1285 571 1358 Dei
591 1288 848 1378 dispensatione
871 1291 1075 1380 permissum
1094 1304 1156 1373 est,
1175 1292 1218 1360 ad
1242 1303 1370 1379 tempus
1385 1307 1451 1378 praa·
1478 1353 1479 1364 ,

221 1377 330 1447 valere
355 1375 504 1466 improbi
529 1376 719 1448 seductoris
746 1377 935 1458 malitiam,
963 1401 1030 1450 uon
1055 1392 1167 1449 tamen
1194 1380 1237 1448 ad
1264 1379 1399 1449 fructum
1419 1397 1451 1445 so·
1478 1391 1479 1416 ³

218 1465 316 1536 cialis
338 1465 355 1500 *
381 1466 524 1544 ruinae;
551 1463 609 1534 sed
635 1477 672 1536 ut
699 1465 999 1538 manifestarentur
1023 1490 1126 1557 opera
1147 1469 1204 1537 Dei
1222 1481 1255 1536 et
1276 1469 1377 1536 meriti
1391 1465 1450 1533 beati

218 1554 369 1625 letberti
397 1555 431 1624 in
455 1553 526 1623 illo.
554 1555 677 1640 Sisque
700 1553 828 1624 factum
854 1569 915 1631 est,
941 1569 980 1626 ut
1005 1557 1111 1629 bostis
1129 1558 1291 1646 impurus
1306 1577 1366 1625 non
1385 1551 1451 1622 seab

217 1643 353 1733 incepto
377 1656 455 1712 ante
479 1656 735 1744 compesceret,
761 1665 864 1731 quam
898 1645 1075 1716 incautum
1109 1645 1267 1732 iuvenem
1294 1645 1406 1716 sensim
1424 1640 1450 1708 al

219 1731 420 1802 sententiam
440 1753 537 1801 suam
560 1731 759 1802 inflecteret.

260 1822 278 1908 ἓ
302 1826 349 1892 θ.
376 1821 441 1903 Qui
468 1819 687 1890 malesuadae
710 1821 906 1894 dilectionis
930 1821 1176 1892 blandimentis
1205 1821 1341 1893 mollior
1362 1819 1450 1889 factus.

216 1909 349 1980 concito
373 1931 474 1979 ceue
500 1930 567 1979 uus
592 1909 747 1990 infrenis,
775 1923 902 1980 rectore
925 1923 1140 2000 contempto,
1168 1910 1402 1982 monasterium
1416 1905 1451 1974 dr·
1471 1968 1475 1977 .

217 1999 335 2078 seruit,
352 2010 385 2067 et
400 1931 566 2068 secularis
590 1997 733 2069 militiae
753 1997 859 2068 armis
877 1999 1041 2080 intentus,
1062 1999 1282 2088 postmodum
1301 2023 1335 2070 se
1352 1995 1452 2082 collegi
1470 2051 1475 2061 .

216 2098 324 2158 totum
350 2085 392 2156 ad
418 2085 531 2156 studia
550 2087 720 2177 rapinae:
747 2099 780 2157 et
794 2107 881 2174 quos
899 2088 1100 2177 hujusmodi
1117 2089 1264 2178 negotiis
1282 2085 1452 2157 voluntarios
1470 2140 1475 2149 .

216 2175 358 2257 audivit,
378 2175 432 2244 his
457 2186 523 2244 tota
547 2174 778 2245 familiaritate
802 2197 839 2246 se
864 2198 931 2246 non
957 2176 1151 2246 inferiorem
1173 2176 1280 2257 dedit,
1305 2168 1474 2266 tantumn-l

218 2265 293 2336 nior
316 2264 357 2334 ad
385 2261 537 2344 scelera,
564 2277 693 2352 quanto
716 2265 746 2334 ei
770 2264 813 2334 de
836 2265 1043 2355 impunitate
1066 2265 1260 2348 securitas,
1287 2280 1319 2336 et
1342 2273 1474 2354 potante}

216 2353 352 2443 generis
376 2351 575 2441 adspirabat
590 2353 786 2423 auctoritas.
807 2353 944 2424 Timens
959 2375 1049 2433 vero,
1069 2376 1111 2423 ne
1135 2353 1176 2422 de
1196 2375 1234 2424 se
1255 2353 1400 2424 sollicitis
1416 2369 1452 2446 pt·

215 2441 371 2512 rentibus
395 2440 524 2528 requiri
548 2442 734 2524 debuisset,
757 2463 840 2511 nave
864 2441 992 2512 indicio
1017 2443 1167 2512 nominis
1188 2442 1342 2512 invenire
1359 2453 1452 2531 potuu-

216 2545 277 2610 set,
306 2541 435 2599 mutato
461 2530 610 2611 nomine,
638 2552 706 2618 quo
732 2530 899 2620 appellari
924 2545 1117 2611 consuerat,
1145 2536 1343 2602 lllaurosum
1367 2551 1396 2598 se
1414 2545 1451 2610 ap·

217 2619 337 2709 pellari
364 2617 474 2706 jubet.
507 2621 594 2688 Sane
629 2640 694 2688 non
729 2619 830 2688 incon
861 2641 960 2688 ruum
987 2620 1115 2689 talibus
1139 2619 1266 2690 studiis
1296 2635 1451 2710 agnomen.

155 2711 159 2718 '
215 2708 275 2795 qui
299 2705 447 2776 candide
470 2705 720 2776 ecclesiasticae
740 2643 930 2777 munrlitiae
947 2707 1067 2778 habitu
1084 2709 1307 2798 exspoliatus,
1327 2705 1473 2778 furtirantr

215 2796 425 2864 Mauritanae
450 2793 662 2866 infidelitatis
687 2810 833 2865 mentem
861 2797 1089 2866 latrocinandi
1114 2797 1228 2867 studio
1260 2799 1413 2868 induerat,
1433 2803 1472 2885 rt·

215 2883 417 2974 perditionis
441 2905 477 2954 se
502 2883 641 2954 latebris
656 2884 895 2956 occultaverat.
916 2889 989 2968 Qua
1010 2909 1124 2956 rerum
1145 2885 1237 2954 fama
1253 2888 1406 2956 excitatus
1419 2894 1472 2971 ttrj

215 2972 295 3051 Dei,
318 2969 421 3041 altius
444 2993 548 3059 quam
574 2972 643 3041 dici
668 2973 795 3062 possit,
823 2975 924 3044 ruina
948 2973 1063 3044 fratris
1087 2975 1281 3064 ingemuit:
1307 2973 1362 3044 sed
1383 2983 1409 3040 et
1425 2965 1452 3062 tlt

215 3061 496 3151 praesumptione
520 3060 708 3130 adversarii
725 3084 785 3150 pro
802 3061 873 3130 indi
903 3063 1051 3133 nationis
1076 3076 1170 3132 motu
1189 3064 1374 3134 infremuit.
1390 3051 1451 3140 Ottl

215 3162 327 3218 tamen
353 3153 495 3238 ageret?
519 3155 637 3237 ltaque
657 3172 780 3233 uuum,
801 3085 900 3238 quael
910 3150 960 3220 illi
978 3173 1114 3241 semper
1130 3151 1302 3222 familiare
1317 3164 1382 3220 erat
1396 3143 1451 3238 sub

215 3237 357 3320 sidium,
384 3238 469 3307 adiit
492 3239 656 3309 erationis
672 3239 876 3319 remedium,
898 3239 1085 3328 multisque
1110 3263 1171 3331 pro
1190 3241 1336 3311 errantis
1347 3241 1471 3337 jutetttt¹

215 3327 324 3399 salute
343 3325 501 3416 precibus
520 3329 701 3398 Dominum
723 3341 831 3418 rogat,
853 3339 1024 3418 quatenus
1049 3343 1204 3420 respectu
1225 3329 1387 3421 gratuitae
1404 3339 1471 3420 ptr-g

215 3417 294 3486 tatis
311 3416 462 3484 animam
483 3417 653 3518 captivam
678 3415 721 3486 de
743 3416 866 3504 laqueo
891 3417 1024 3488 inimici
1049 3432 1194 3500 erueret,
1222 3441 1265 3488 ne
1294 3416 1390 3487 hostis
1410 3418 1472 3511 int-j

214 3504 368 3574 mundus
399 3505 567 3574 Dominrci
604 3506 718 3606 gregis
749 3505 877 3576 darnno
910 3505 1101 3576 insultaret.
1129 3513 1199 3576 Non
1233 3521 1344 3577 autem
1368 3503 1472 3597 inanis:

215 3615 289 3663 esse
315 3593 424 3682 potuit
449 3593 557 3663 sancti
583 3594 645 3662 vrri
672 3594 812 3683 petitio,
839 3594 920 3683 quia
945 3595 1036 3664 oculi
1062 3597 1198 3664 Dourini
1222 3617 1326 3685 super
1342 3593 1449 3680 justes.

214 3695 246 3752 et
269 3704 371 3752 aures
395 3683 470 3772 ejus
494 3685 528 3750 in
560 3703 677 3772 preces
700 3705 831 3753 eorum.
859 3689 962 3753 Porro
995 3683 1169 3754 humanae
1201 3684 1322 3755 salutis
1351 3685 1452 3776 amelli
1468 3714 1478 3746 ι

213 3783 471 3860 competentem
487 3769 610 3841 famuli
635 3771 691 3841 sui
714 3794 856 3842 causam
882 3771 1060 3862 praevidit,
1087 3794 1155 3860 qua
1171 3787 1203 3843 et
1221 3775 1295 3863 piae
1313 3767 1451 3862 petitionis
1477 3833 1478 3838 ,

213 3858 401 3948 compleret
425 3859 606 3944 ellectum,
633 3874 667 3930 et
690 3874 828 3931 sanctae
863 3861 963 3930 matri
989 3861 1159 3932 Ecclesiae
1182 3880 1358 3932 erroneum
1381 3859 1451 3921 restr-

214 3960 322 4018 tueret
339 3947 466 4017 tilium.
1477 4013 1478 4016 ,

256 4039 336 4125 ξῖ.
365 4035 511 4128 Contigit
543 4037 707 4124 quidem,
743 4051 781 4107 ut
809 4037 992 4127 cujusdam
1023 4037 1139 4108 divitis
1163 4037 1302 4109 domum
1332 4029 1450 4116 diripere

212 4147 292 4196 cum
311 4125 385 4194 suis
404 4125 633 4214 complicibus
657 4124 757 4196 solito
787 4147 880 4196 more
906 4143 1051 4216 pararet.
1079 4131 1234 4230 Cumque
1251 4127 1321 4216 jam
1345 4124 1448 4190 incum-

212 4214 375 4286 bentibus
400 4213 549 4282 tenebris
574 4235 639 4284 nox
664 4226 748 4284 tetra
766 4213 1025 4297 inhorresceret,
1048 4237 1118 4306 qua
1139 4217 1190 4286 illt
1211 4213 1368 4286 nefarium
1383 4217 1448 4291 epus

213 4300 376 4392 perficere
404 4301 631 4384 festinabant,
667 4303 724 4392 pia
760 4302 817 4372 Dei
850 4303 1077 4394 dispositione
1109 4305 1270 4396 contigit,
1307 4305 1447 4368 unumtt

238 4427 252 4455 ⁸
265 4425 343 4468 Locus
353 4428 488 4469 mendcans.
500 4427 571 4468 Forte
582 4428 708 4480 legendam
718 4430 757 4470 ert
766 4429 795 4468 att
803 4430 899 4478 effatam
904 4431 991 4480 fluctu.
