2960 4824
220 237 284 300 326
560 254 599 300 un
624 255 651 300 s.
679 253 773 300 Luem
796 253 881 300 vinc.
908 253 945 298 nr
970 253 1063 298 uanr.
1288 231 1365 296 ont.
1392 231 1422 292 13

175 339 384 408 daemonum
411 338 566 406 invitare.
586 337 646 407 Cui
669 337 768 408 beata
788 338 892 406 Lucia
910 337 979 407 ait:
1004 363 1016 400 a
1038 334 1251 406 Sacrificium
1276 333 1378 402 virum
1399 343 1425 400 et

176 426 439 497 immaculatum
465 425 556 515 apud
583 430 688 495 Deum
709 439 741 496 et
766 438 897 516 patrem
921 425 985 495 hoc
1015 438 1076 506 est,
1110 424 1247 494 visitare
1270 422 1380 492 viduas
1399 435 1424 488 et

176 517 351 617 orphanos
371 516 406 584 in
432 513 653 584 tribulatione
674 537 806 584 eorum.
837 520 907 604 Ego
942 537 1001 603 per
1028 514 1112 584 istos
1138 525 1204 582 tres
1228 533 1333 582 annos
1355 509 1425 578 nihil

179 604 273 674 aliud
299 625 416 694 agens,
443 603 634 674 sacrificavi
661 608 727 673 ileo
744 605 830 672 vivo.
856 609 932 673 lam
957 602 1039 691 quia
1064 601 1149 672 nihil
1168 614 1331 691 superest.
1351 596 1426 685 quod

177 693 381 774 sacrificem,
406 693 571 782 meipsam
596 693 701 762 offero
718 693 751 760 in
778 693 986 763 sacrificium
1014 696 1078 760 Deo
1103 691 1250 760 hostiam
1267 690 1425 758 viventem.

178 781 274 864 Quod
295 781 359 870 ipsi
386 779 507 870 placet,
525 780 569 849 de
593 781 703 851 hostia
723 803 786 852 sua
812 780 957 850 iaciat·
985 780 1192 850 Paschasius
1223 779 1325 848 dixit:
1344 781 1428 845 «Ista

176 871 279 939 rerba
302 870 509 956 cuicumque
526 869 586 939 tibi
605 869 711 939 simili
737 891 875 939 narrare
903 881 997 959 potes
1022 868 1253 949 Christianos;
1274 866 1354 935 mihi
1380 887 1429 934 au·

175 971 256 1038 tem,
282 957 341 1044 qui
363 958 561 1048 principum
586 957 721 1028 decreta
745 958 912 1040 custodie,
940 959 1005 1028 ista
1028 956 1157 1027 frustra
1180 953 1426 1046 prosequeris.»

176 1047 280 1116 Lucia
299 1046 405 1115 dixit:
423 1069 441 1112 «
458 1053 506 1116 Tu
520 1046 718 1137 principum
741 1047 833 1138 leges
856 1046 1016 1128 attendis,
1036 1067 1098 1138 ego
1116 1045 1172 1115 Dei
1190 1045 1283 1135 leges
1299 1041 1428 1114 attendo.

175 1139 226 1204 Tu
245 1135 419 1224 principes
443 1136 555 1217 times,
581 1157 644 1226 ego
670 1141 775 1206 Deum
803 1137 916 1206 timeo.
935 1141 985 1205 Tu
1005 1134 1082 1204 illus
1106 1135 1279 1205 offendere
1301 1153 1364 1202 uon
1380 1131 1429 1201 ris,

176 1244 240 1380 epp
263 1227 376 1292 -beum
402 1223 573 1294 offendere
597 1247 711 1294 caveo.
738 1230 788 1295 Tu
817 1224 886 1296 illis
912 1223 1044 1314 placere
1075 1224 1272 1293 desideras:
1299 1243 1378 1311 ego,
1402 1231 1429 1286 ut

176 1316 198 1381 C
227 1311 308 1381 risto
325 1310 388 1380 soli
405 1312 571 1402 placeam,
598 1313 818 1470 concupisco.
840 1317 889 1383 Tu
914 1334 991 1383 vero
1015 1312 1067 1383 lac
1090 1312 1183 1401 quod
1209 1311 1273 1381 tibi
1296 1309 1375 1381 utile
1395 1308 1430 1375 ri-

176 1400 296 1470 detur:
316 1414 349 1469 et
364 1423 426 1491 ego
444 1402 508 1470 hoc
531 1423 607 1491 ago,
626 1422 695 1489 quo

220 1491 238 1576 5
261 1492 305 1559 ὅ.
333 1491 536 1560 Paschasius
556 1491 659 1560 dixit:
679 1514 696 1556 n
713 1491 961 1560 Patrimonium
979 1503 1076 1560 tuum
1092 1511 1171 1559 cum
1190 1485 1430 1577 corruptoribus

179 1577 435 1668 tuisextirpasti
451 1591 484 1648 et
507 1578 717 1669 dilapidasti‚
743 1577 920 1650 etidcirco
943 1580 1042 1666 quasi
1069 1579 1229 1648 meretrix
1252 1576 1430 1666 loqueris*

177 1666 279 1734 Lucia
296 1666 401 1736 dixit:
422 1668 703 1738 «Patrimonium
723 1689 836 1736 meum
853 1681 924 1737 tuto
940 1667 1012 1737 loco
1028 1667 1211 1738 constitui:
1235 1678 1431 1754 corruptores

176 1765 289 1824 autem
309 1777 371 1825 nec
397 1757 533 1838 mentis,
561 1779 622 1825 nec
640 1758 795 1848 corporis
813 1758 879 1825 mei
902 1757 1088 1842 aliquando
1113 1753 1428 1848 suscepinPascha-

176 1842 249 1913 sius
273 1842 377 1914 dixit:
405 1847 504 1928 «Qui
522 1857 602 1916 sunt
621 1857 838 1935 corruptores
865 1847 1031 1915 mentiset
1055 1846 1207 1934 corporis
1218 1847 1257 1912 l»
1280 1844 1380 1913 Lucia
1390 1839 1430 1907 dr-

175 1930 241 2000 xit:
275 1938 530 2023 «Corruptores
561 1934 686 2004 mentis
710 1956 768 2004 vos
795 1934 888 2014 estio,
915 1934 1109 2020 dequibus
1135 1933 1218 2004 dicit
1243 1929 1429 2023 Apostolus:

179 2023 402 2121 Corrumpunt
425 2045 531 2092 mores
561 2025 658 2092 hortos
691 2025 859 2123 colloquio
890 2025 985 2091 mala
1008 2023 1069 2112 (l.
1090 2026 1161 2093 Cor.
1185 2022 1266 2112 xv).
1297 2015 1432 2115 suadetis
1471 2035 1472 2038 ¹

174 2129 268 2178 euim
293 2111 428 2180 animas
454 2110 633 2181 hominum
661 2111 883 2192 meretricari,
906 2123 945 2180 ut
961 2111 1136 2180 dimittant
1149 2111 1262 2179 virum
1279 2129 1389 2186 suum,
1406 2101 1432 2172 rd

174 2209 236 2280 est,
257 2214 441 2268 creatorem
463 2222 587 2269 suum:
617 2212 650 2269 et
677 2213 866 2287 sequantur
889 2199 1067 2269 diabolum
1093 2201 1128 2268 in
1150 2198 1254 2268 idolis
1286 2198 1388 2276 vanis,
1409 2205 1432 2260 et

175 2287 339 2357 inanibus
364 2286 571 2358 simulacris.
595 2292 815 2378 Corruptores
839 2310 917 2358 vero
940 2288 1094 2376 corporis
1129 2301 1210 2356 sunt
1230 2289 1254 2356 ii
1280 2287 1340 2375 qui
1365 2299 1431 2354 tem·
1477 2321 1478 2374 f

175 2374 328 2464 poralem
354 2375 612 2446 delectationem
654 2388 870 2467 praeponunt
893 2375 1178 2447 delectationibus
1206 2373 1429 2466 sempiternis:

175 2475 211 2562 et
225 2463 393 2532 labentem
421 2463 582 2534 laetitiam
610 2467 783 2556 perpetuis
808 2464 945 2556 gaudiis
958 2478 1220 2554 anteponunt.»
1248 2460 1432 2534 Paschasius

177 2551 287 2622 dixit:
315 2552 538 2624 «Cessabunt
569 2556 691 2638 verba,
722 2577 803 2623 cum
828 2555 930 2624 suerit
963 2568 1162 2644 perventum
1188 2553 1230 2622 ad
1263 2553 1432 2644 verbera.)

176 2641 279 2709 Lucia
299 2641 405 2712 dixit:
433 2642 576 2711 «Verba
602 2643 658 2711 Dei
682 2665 816 2712 cessare
844 2665 910 2712 non
938 2657 1106 2732 poterunt.
1131 2642 1372 2710 »Paschasius
1392 2635 1432 2702 dt·

175 2729 241 2798 xit:
265 2735 350 2799 «Tu
374 2753 454 2820 ergo
481 2735 567 2800 llcus
591 2753 627 2802 es
640 2731 674 2798 l»
693 2731 796 2800 Lucia
815 2731 919 2800 dixit:
946 2731 1185 2801 «ancillatui
1210 2753 1303 2802 sum.
1330 2725 1432 2798 etideo

175 2816 245 2885 dixi
271 2819 371 2887 verba
397 2821 466 2898 Dei,
495 2820 575 2908 quia
601 2820 675 2906 ipse
699 2820 799 2891 dixit:
827 2827 897 2890 Non
921 2843 977 2888 vos
1003 2821 1182 2912 loquimini
1211 2822 1247 2887 in
1279 2823 1433 2908 conspectu

169 2906 338 2995 judicum,
361 2907 420 2976 sed
442 2908 589 3008 Spiritus
604 2911 747 2978 Sanctus
775 2911 845 2999 r'prsc
870 2911 1019 2998 loquitur
1043 2911 1077 2978 in
1097 2911 1186 2978 uobis
1204 2907 1340 2997 (lluttlr.
1365 2903 1432 2998 ihr

175 2994 382 3066 Paschasius
400 2995 501 3066 dixit:
528 3001 600 3065 «In
628 3009 658 3066 te
681 3019 762 3086 ergo
777 3011 828 3066 est
844 2997 992 3086 Spiritus
1017 3001 1174 3076 Sanctus,
1195 3009 1226 3065 et
1247 2997 1323 3087 ipse
1342 2994 1433 3078 loqur·

176 3095 233 3152 tur
249 3083 282 3150 in
304 3087 396 3152 tel»
423 3086 525 3154 Lucia
549 3085 654 3155 dixit:
682 3084 898 3176 «Apostolus
922 3085 1024 3164 dicit,
1050 3085 1141 3171 quod
1168 3098 1261 3154 caste
1287 3084 1429 3154 virentes,

139 3179 147 3198 ·
176 3171 344 3260 templum
372 3173 428 3241 Ilei
453 3185 546 3254 sunt,
580 3188 611 3243 et
636 3174 779 3263 spiritus
811 3175 869 3243 Ilei
896 3173 1084 3243 habitatin
1110 3174 1171 3242 eis.
1199 3169 1431 3243 »Paschasius

174 3259 280 3331 dixit:
303 3283 321 3327 «
343 3266 411 3351 Ego
437 3274 467 3332 te
491 3261 613 3331 luciam
639 3263 682 3332 ad
708 3262 855 3352 lupanar
873 3262 967 3342 duci,
993 3274 1031 3332 ut
1054 3283 1133 3332 cum
1158 3261 1267 3332 fueris
1291 3267 1429 3332 scortata,

746 1402 830 1472 mihi
851 1401 934 1473 utile
957 1423 1031 1482 esse
1047 1422 1231 1494 cognosco.
1252 1423 1271 1467 »

176 3348 287 3440 fugiat
310 3373 329 3419 a
354 3362 384 3419 te
400 3351 547 3506 Spiritus
566 3357 751 3422 sanctus.»
766 3351 869 3420 Lucia
884 3350 988 3420 dixit:
1008 3356 1226 3438 «Nunquam
1248 3348 1432 3438 inquinatur

175 3459 303 3528 corpus
328 3439 393 3507 nisi
439 3461 654 3510 econsensu
686 3441 820 3509 mentis.
848 3445 930 3509 Nam
961 3439 1025 3510 etsi
1049 3441 1083 3508 in
1116 3459 1222 3508 manu
1249 3461 1325 3508 mea
1346 3436 1430 3528 thura

176 3548 295 3616 ponas.
322 3539 354 3596 et
371 3548 430 3617 per
456 3549 598 3596 manum
622 3550 731 3597 meam
745 3529 855 3617 jacias
874 3527 1066 3606 sacrificiis
1089 3533 1176 3597 Deus
1201 3527 1285 3606 haec
1305 3519 1430 3596 attendit

173 3629 207 3683 et
224 3615 354 3685 irridet.
377 3621 421 3684 lle
438 3617 597 3686 sensibus
619 3617 711 3685 enim
737 3631 768 3686 et
798 3617 1032 3688 voluntatibus
1047 3615 1193 3705 judicat.
1214 3621 1298 3685 Nam
1323 3615 1430 3710 sicpa-

175 3703 258 3773 titur
283 3705 479 3775 violatorem
510 3705 659 3788 castitas,
687 3704 776 3776 sicut
799 3727 855 3774 ser
881 3719 1015 3786 entem,
1038 3705 1128 3774 sicut
1153 3704 1330 3782 latronem,
1357 3705 1430 3768 suut

174 3791 375 3862 barbarum.
401 3799 485 3862 Nam
504 3794 532 3864 si
562 3795 703 3864 invitam
727 3817 779 3864 me
804 3727 923 3864 viciari
944 3792 1081 3874 leceris,
1111 3794 1250 3862 castitas
1276 3789 1355 3861 mihi
1377 3785 1430 3852 du·

175 3880 359 3969 plicabitur
385 3882 429 3951 ad
453 3905 628 3952 eoronam.
650 3906 668 3949 »
693 3883 898 3953 Paschasius
928 3882 1033 3952 dixit:
1061 3905 1079 3948 a
1103 3881 1154 3951 Ibi
1179 3895 1211 3952 te
1236 3881 1354 3950 faciam
1377 3869 1428 3943 sub

174 3970 390 4060 turpitudine
414 3972 606 4062 exspirare,
629 3971 695 4042 nisi
721 3971 823 4041 modo
847 3971 1072 4040 caeremoniis
1096 3971 1311 4040 consenseris
1333 3973 1429 4050 lugu·

174 4072 358 4129 storum.»
383 4059 488 4130 Lucia
522 4060 625 4130 dixit:
653 4081 671 4126 tt
699 4065 774 4129 lam
808 4059 879 4130 dixi
918 4059 998 4129 tibi:
1026 4072 1063 4128 tu
1101 4057 1308 4129 voluntatem
1335 4067 1426 4122 meam

176 4168 355 4235 nunquam
382 4149 508 4237 poteris
547 4149 588 4218 ad
622 4170 831 4220 eonsensum
871 4169 1054 4238 provocare
1092 4149 1235 4238 peccati.
1272 4151 1426 4216 Caeterum

174 4235 341 4324 quicquid
366 4237 487 4308 seceris
511 4237 659 4326 corpori,
685 4237 777 4326 quod
804 4239 838 4306 in
870 4249 1033 4328 potestate
1058 4247 1116 4306 tua
1142 4236 1268 4306 videris
1300 4231 1423 4302 habere,

174 4323 239 4393 hoc
264 4324 307 4393 ad
332 4325 494 4396 ancillam
521 4325 646 4395 Christi
668 4327 837 4416 pertinere
854 4347 922 4396 non
942 4325 1076 4416 poterit.
1100 4347 1118 4390 r
