<?xml version="1.0" encoding="UTF-8"?>
<!DOCTYPE html PUBLIC "-//W3C//DTD XHTML 1.0 Transitional//EN"
    "http://www.w3.org/TR/xhtml1/DTD/xhtml1-transitional.dtd">
<html xmlns="http://www.w3.org/1999/xhtml" xml:lang="en" lang="en">
 <head>
  <title>
</title>
<meta http-equiv="Content-Type" content="text/html;charset=utf-8" />
  <meta name='ocr-system' content='tesseract 3.04.00' />
  <meta name='ocr-capabilities' content='ocr_page ocr_carea ocr_par ocr_line ocrx_word'/>
</head>
<body>
  <div class='ocr_page' id='page_1' title='image "./historiaeseuvit00lippgoog_0820.png"; bbox 0 0 2934 4810; ppageno 0'>
   <div class='ocr_carea' id='block_1_1' title="bbox 17 345 1240 415">
    <p class='ocr_par' dir='ltr' id='par_1_1' title="bbox 17 345 1240 415">
     <span class='ocr_line' id='line_1_1' title="bbox 17 345 1240 415; baseline 0.003 -4"><span class='ocrx_word' id='word_1_1' title='bbox 17 347 120 413; x_wconf 65' lang='lat' dir='ltr'>butte</span> <span class='ocrx_word' id='word_1_2' title='bbox 385 367 647 415; x_wconf 76' lang='lat' dir='ltr'>adarraotoorun</span> <span class='ocrx_word' id='word_1_3' title='bbox 678 367 891 414; x_wconf 78' lang='lat' dir='ltr'>ratusrnaruu</span> <span class='ocrx_word' id='word_1_4' title='bbox 1139 345 1240 415; x_wconf 75' lang='lat' dir='ltr'>loon*</span> 
     </span>
    </p>
   </div>
   <div class='ocr_carea' id='block_1_2' title="bbox 13 447 1318 2757">
    <p class='ocr_par' dir='ltr' id='par_1_2' title="bbox 13 447 1318 2757">
     <span class='ocr_line' id='line_1_2' title="bbox 651 447 1286 527; baseline 0.003 -19"><span class='ocrx_word' id='word_1_5' title='bbox 651 447 833 527; x_wconf 75' lang='lat' dir='ltr'>Episcopatu</span> <span class='ocrx_word' id='word_1_6' title='bbox 849 448 992 524; x_wconf 86' lang='lat' dir='ltr'>dejectus,</span> <span class='ocrx_word' id='word_1_7' title='bbox 1007 464 1067 510; x_wconf 91' lang='lat' dir='ltr'>uno</span> <span class='ocrx_word' id='word_1_8' title='bbox 1078 455 1204 526; x_wconf 83' lang='lat' dir='ltr'>excepto</span> <span class='ocrx_word' id='word_1_9' title='bbox 1220 447 1286 511; x_wconf 88' lang='lat' dir='ltr'>Dia·</span> 
     </span>
     <span class='ocr_line' id='line_1_3' title="bbox 90 527 1285 606; baseline 0.003 -19"><span class='ocrx_word' id='word_1_10' title='bbox 90 535 116 598; x_wconf 81' lang='lat' dir='ltr'>s,</span> <span class='ocrx_word' id='word_1_11' title='bbox 131 535 367 599; x_wconf 70' lang='lat' dir='ltr'>ANASTAans</span> <span class='ocrx_word' id='word_1_12' title='bbox 386 537 529 600; x_wconf 56' lang='lat' dir='ltr'>plump,</span> <span class='ocrx_word' id='word_1_13' title='bbox 652 527 1130 606; x_wconf 86' lang='lat' dir='ltr'>conoquodam,loededesertus,</span> <span class='ocrx_word' id='word_1_14' title='bbox 1143 529 1285 601; x_wconf 89' lang='lat' dir='ltr'>crastina,</span> 
     </span>
     <span class='ocr_line' id='line_1_4' title="bbox 184 605 1285 706; baseline 0.001 -38"><span class='ocrx_word' id='word_1_15' title='bbox 184 645 421 706; x_wconf 50' lang='lat' dir='ltr'><strong><em>Aetate-mmm</em></strong></span> <span class='ocrx_word' id='word_1_16' title='bbox 652 605 755 669; x_wconf 90' lang='lat' dir='ltr'>eadem</span> <span class='ocrx_word' id='word_1_17' title='bbox 770 623 801 668; x_wconf 90' lang='lat' dir='ltr'>se</span> <span class='ocrx_word' id='word_1_18' title='bbox 819 608 902 676; x_wconf 90' lang='lat' dir='ltr'>hora,</span> <span class='ocrx_word' id='word_1_19' title='bbox 926 609 1100 670; x_wconf 84' lang='lat' dir='ltr'>ridentibus</span> <span class='ocrx_word' id='word_1_20' title='bbox 1122 609 1285 680; x_wconf 83' lang='lat' dir='ltr'>universis,</span> 
     </span>
     <span class='ocr_line' id='line_1_5' title="bbox 210 686 1285 765; baseline 0.003 -19"><span class='ocrx_word' id='word_1_21' title='bbox 210 729 212 734; x_wconf 73' lang='lat'><em>·</em></span> <span class='ocrx_word' id='word_1_22' title='bbox 423 689 431 706; x_wconf 84' lang='lat'><strong>‘</strong></span> <span class='ocrx_word' id='word_1_23' title='bbox 652 686 877 749; x_wconf 88' lang='lat' dir='ltr'>restituendum</span> <span class='ocrx_word' id='word_1_24' title='bbox 903 689 1074 765; x_wconf 76' lang='lat' dir='ltr'>praedixit,</span> <span class='ocrx_word' id='word_1_25' title='bbox 1101 703 1171 749; x_wconf 91' lang='lat' dir='ltr'>cum</span> <span class='ocrx_word' id='word_1_26' title='bbox 1194 705 1285 760; x_wconf 85' lang='lat' dir='ltr'>mox,</span> 
     </span>
     <span class='ocr_line' id='line_1_6' title="bbox 44 764 1285 848; baseline 0.004 -23"><span class='ocrx_word' id='word_1_27' title='bbox 44 765 211 829; x_wconf 79' lang='lat' dir='ltr'>llaarraot.</span> <span class='ocrx_word' id='word_1_28' title='bbox 230 801 264 810; x_wconf 92' lang='lat'>-</span> <span class='ocrx_word' id='word_1_29' title='bbox 283 766 358 829; x_wconf 89' lang='lat' dir='ltr'>item</span> <span class='ocrx_word' id='word_1_30' title='bbox 374 767 470 830; x_wconf 91' lang='lat' dir='ltr'>sancti</span> <span class='ocrx_word' id='word_1_31' title='bbox 487 767 623 830; x_wconf 70' lang='lat' dir='ltr'>duasne·</span> <span class='ocrx_word' id='word_1_32' title='bbox 652 772 774 828; x_wconf 87' lang='lat' dir='ltr'>mortuo</span> <span class='ocrx_word' id='word_1_33' title='bbox 790 764 954 841; x_wconf 74' lang='lat' dir='ltr'>chlotario,</span> <span class='ocrx_word' id='word_1_34' title='bbox 977 768 1112 846; x_wconf 82' lang='lat' dir='ltr'>sequenti</span> <span class='ocrx_word' id='word_1_35' title='bbox 1129 783 1285 848; x_wconf 89' lang='lat' dir='ltr'>praenun-</span> 
     </span>
     <span class='ocr_line' id='line_1_7' title="bbox 13 845 1286 927; baseline 0.003 -23"><span class='ocrx_word' id='word_1_36' title='bbox 13 863 41 906; x_wconf 81' lang='lat' dir='ltr'>sn</span> <span class='ocrx_word' id='word_1_37' title='bbox 54 845 181 925; x_wconf 82' lang='lat' dir='ltr'>liartyris</span> <span class='ocrx_word' id='word_1_38' title='bbox 192 847 245 927; x_wconf 82' lang='lat' dir='ltr'>pati</span> <span class='ocrx_word' id='word_1_39' title='bbox 261 848 370 910; x_wconf 91' lang='lat' dir='ltr'>ardore</span> <span class='ocrx_word' id='word_1_40' title='bbox 387 849 526 923; x_wconf 78' lang='lat' dir='ltr'>martyrii</span> <span class='ocrx_word' id='word_1_41' title='bbox 540 863 624 926; x_wconf 91' lang='lat' dir='ltr'>spon·</span> <span class='ocrx_word' id='word_1_42' title='bbox 652 850 726 908; x_wconf 90' lang='lat' dir='ltr'>ciata</span> <span class='ocrx_word' id='word_1_43' title='bbox 740 862 756 909; x_wconf 92' lang='lat' dir='ltr'>a</span> <span class='ocrx_word' id='word_1_44' title='bbox 772 863 804 908; x_wconf 89' lang='lat' dir='ltr'>se</span> <span class='ocrx_word' id='word_1_45' title='bbox 820 846 880 920; x_wconf 88' lang='lat' dir='ltr'>die,</span> <span class='ocrx_word' id='word_1_46' title='bbox 895 863 910 907; x_wconf 90' lang='lat' dir='ltr'>a</span> <span class='ocrx_word' id='word_1_47' title='bbox 926 845 1073 924; x_wconf 78' lang='lat' dir='ltr'>sigeberti</span> <span class='ocrx_word' id='word_1_48' title='bbox 1090 846 1181 925; x_wconf 85' lang='lat' dir='ltr'>Regis</span> <span class='ocrx_word' id='word_1_49' title='bbox 1202 848 1286 925; x_wconf 87' lang='lat' dir='ltr'>lega-</span> 
     </span>
     <span class='ocr_line' id='line_1_8' title="bbox 13 925 1318 1006; baseline 0.005 -23"><span class='ocrx_word' id='word_1_50' title='bbox 13 933 35 984; x_wconf 90' lang='lat' dir='ltr'>te</span> <span class='ocrx_word' id='word_1_51' title='bbox 48 941 74 986; x_wconf 92' lang='lat' dir='ltr'>se</span> <span class='ocrx_word' id='word_1_52' title='bbox 88 928 328 1006; x_wconf 82' lang='lat' dir='ltr'>persecutoribus</span> <span class='ocrx_word' id='word_1_53' title='bbox 343 927 463 990; x_wconf 89' lang='lat' dir='ltr'>obtulit.</span> <span class='ocrx_word' id='word_1_54' title='bbox 653 931 691 998; x_wconf 93' lang='lat' dir='ltr'>to,</span> <span class='ocrx_word' id='word_1_55' title='bbox 712 941 783 988; x_wconf 91' lang='lat' dir='ltr'>com</span> <span class='ocrx_word' id='word_1_56' title='bbox 806 925 921 1003; x_wconf 83' lang='lat' dir='ltr'>insigni</span> <span class='ocrx_word' id='word_1_57' title='bbox 943 926 1131 989; x_wconf 82' lang='lat' dir='ltr'>consessione</span> <span class='ocrx_word' id='word_1_58' title='bbox 1152 943 1214 989; x_wconf 90' lang='lat' dir='ltr'>ase</span> <span class='ocrx_word' id='word_1_59' title='bbox 1235 929 1286 990; x_wconf 86' lang='lat' dir='ltr'>de·</span> <span class='ocrx_word' id='word_1_60' title='bbox 1315 956 1318 966; x_wconf 95' lang='lat'><em>·</em></span> 
     </span>
     <span class='ocr_line' id='line_1_9' title="bbox 47 1003 1286 1084; baseline 0.002 -19"><span class='ocrx_word' id='word_1_61' title='bbox 47 1003 135 1080; x_wconf 81' lang='lat' dir='ltr'>agunt</span> <span class='ocrx_word' id='word_1_62' title='bbox 164 1008 200 1068; x_wconf 92' lang='lat' dir='ltr'>de</span> <span class='ocrx_word' id='word_1_63' title='bbox 231 1007 351 1081; x_wconf 90' lang='lat' dir='ltr'>eodem,</span> <span class='ocrx_word' id='word_1_64' title='bbox 379 1008 422 1069; x_wconf 91' lang='lat' dir='ltr'>ait</span> <span class='ocrx_word' id='word_1_65' title='bbox 449 1007 622 1080; x_wconf 88' lang='lat' dir='ltr'>Baronius,</span> <span class='ocrx_word' id='word_1_66' title='bbox 651 1006 845 1084; x_wconf 79' lang='lat' dir='ltr'>sciscendum</span> <span class='ocrx_word' id='word_1_67' title='bbox 861 1005 1009 1068; x_wconf 88' lang='lat' dir='ltr'>sedisuae</span> <span class='ocrx_word' id='word_1_68' title='bbox 1031 1007 1212 1080; x_wconf 90' lang='lat' dir='ltr'>restitutus,</span> <span class='ocrx_word' id='word_1_69' title='bbox 1234 1023 1286 1068; x_wconf 94' lang='lat' dir='ltr'>eos</span> 
     </span>
     <span class='ocr_line' id='line_1_10' title="bbox 13 1081 1286 1166; baseline 0.005 -26"><span class='ocrx_word' id='word_1_70' title='bbox 13 1081 98 1146; x_wconf 85' lang='lat' dir='ltr'>Graeci</span> <span class='ocrx_word' id='word_1_71' title='bbox 113 1089 142 1148; x_wconf 92' lang='lat' dir='ltr'>in</span> <span class='ocrx_word' id='word_1_72' title='bbox 157 1086 325 1164; x_wconf 81' lang='lat' dir='ltr'>Menologio</span> <span class='ocrx_word' id='word_1_73' title='bbox 348 1088 402 1148; x_wconf 88' lang='lat' dir='ltr'>hac</span> <span class='ocrx_word' id='word_1_74' title='bbox 421 1088 481 1160; x_wconf 91' lang='lat' dir='ltr'>die,</span> <span class='ocrx_word' id='word_1_75' title='bbox 497 1088 623 1166; x_wconf 83' lang='lat' dir='ltr'>ejusque</span> <span class='ocrx_word' id='word_1_76' title='bbox 652 1083 854 1146; x_wconf 88' lang='lat' dir='ltr'>nihilominus</span> <span class='ocrx_word' id='word_1_77' title='bbox 874 1099 990 1159; x_wconf 88' lang='lat' dir='ltr'>omnes,</span> <span class='ocrx_word' id='word_1_78' title='bbox 1007 1085 1122 1162; x_wconf 81' lang='lat' dir='ltr'>insigni</span> <span class='ocrx_word' id='word_1_79' title='bbox 1145 1101 1213 1147; x_wconf 91' lang='lat' dir='ltr'>cum</span> <span class='ocrx_word' id='word_1_80' title='bbox 1236 1087 1286 1148; x_wconf 88' lang='lat' dir='ltr'>be-</span> 
     </span>
     <span class='ocr_line' id='line_1_11' title="bbox 13 1161 1286 1241; baseline 0.004 -19"><span class='ocrx_word' id='word_1_81' title='bbox 13 1172 141 1226; x_wconf 86' lang='lat' dir='ltr'>rertamen</span> <span class='ocrx_word' id='word_1_82' title='bbox 158 1166 308 1228; x_wconf 90' lang='lat' dir='ltr'>relernot.</span> <span class='ocrx_word' id='word_1_83' title='bbox 652 1161 844 1226; x_wconf 81' lang='lat' dir='ltr'>nescientiae</span> <span class='ocrx_word' id='word_1_84' title='bbox 864 1165 1088 1240; x_wconf 86' lang='lat' dir='ltr'>significatione</span> <span class='ocrx_word' id='word_1_85' title='bbox 1110 1167 1286 1241; x_wconf 86' lang='lat' dir='ltr'>ingratiam</span> 
     </span>
     <span class='ocr_line' id='line_1_12' title="bbox 652 1241 1282 1322; baseline 0.003 -18"><span class='ocrx_word' id='word_1_86' title='bbox 652 1247 774 1322; x_wconf 90' lang='lat' dir='ltr'>recepit.</span> <span class='ocrx_word' id='word_1_87' title='bbox 809 1241 926 1305; x_wconf 89' lang='lat' dir='ltr'>Claruit</span> <span class='ocrx_word' id='word_1_88' title='bbox 959 1244 1017 1306; x_wconf 90' lang='lat' dir='ltr'>suh</span> <span class='ocrx_word' id='word_1_89' title='bbox 1049 1243 1282 1321; x_wconf 88' lang='lat' dir='ltr'>Theodeherto,</span> 
     </span>
     <span class='ocr_line' id='line_1_13' title="bbox 92 1322 1284 1400; baseline 0.003 -18"><span class='ocrx_word' id='word_1_90' title='bbox 92 1331 117 1394; x_wconf 78' lang='lat' dir='ltr'>S,</span> <span class='ocrx_word' id='word_1_91' title='bbox 144 1333 321 1396; x_wconf 70' lang='lat' dir='ltr'>NICETIUS</span> <span class='ocrx_word' id='word_1_92' title='bbox 342 1335 521 1398; x_wconf 70' lang='lat' dir='ltr'>Eppscopus,</span> <span class='ocrx_word' id='word_1_93' title='bbox 652 1322 806 1385; x_wconf 66' lang='lat' dir='ltr'>Chloffll&#39;lo</span> <span class='ocrx_word' id='word_1_94' title='bbox 830 1329 862 1384; x_wconf 76' lang='grc' dir='ltr'>θῑ</span> <span class='ocrx_word' id='word_1_95' title='bbox 883 1322 1062 1400; x_wconf 61' lang='lat' dir='ltr'>sigeberto,</span> <span class='ocrx_word' id='word_1_96' title='bbox 1086 1323 1177 1398; x_wconf 85' lang='lat' dir='ltr'>hujus</span> <span class='ocrx_word' id='word_1_97' title='bbox 1198 1325 1261 1386; x_wconf 87' lang='lat' dir='ltr'>fillo</span> <span class='ocrx_word' id='word_1_98' title='bbox 1272 1373 1284 1395; x_wconf 88' lang='lat'>,</span> 
     </span>
     <span class='ocr_line' id='line_1_14' title="bbox 145 1401 1279 1504; baseline -0.001 -41"><span class='ocrx_word' id='word_1_99' title='bbox 145 1441 279 1504; x_wconf 52' lang='lat' dir='ltr'><strong><em>Decem</em></strong></span> <span class='ocrx_word' id='word_1_100' title='bbox 295 1459 376 1504; x_wconf 63' lang='lat' dir='ltr'><strong><em>anno</em></strong></span> <span class='ocrx_word' id='word_1_101' title='bbox 391 1440 450 1504; x_wconf 77' lang='lat'>570</span> <span class='ocrx_word' id='word_1_102' title='bbox 651 1401 794 1479; x_wconf 84' lang='lat' dir='ltr'>Regibus,</span> <span class='ocrx_word' id='word_1_103' title='bbox 809 1402 996 1480; x_wconf 82' lang='lat' dir='ltr'>decessitque</span> <span class='ocrx_word' id='word_1_104' title='bbox 1017 1403 1072 1464; x_wconf 91' lang='lat' dir='ltr'>suh</span> <span class='ocrx_word' id='word_1_105' title='bbox 1087 1419 1167 1467; x_wconf 91' lang='lat' dir='ltr'>anno</span> <span class='ocrx_word' id='word_1_106' title='bbox 1181 1401 1250 1466; x_wconf 80' lang='lat'>570.</span> <span class='ocrx_word' id='word_1_107' title='bbox 1267 1429 1279 1462; x_wconf 71' lang='lat' dir='ltr'>a</span> 
     </span>
     <span class='ocr_line' id='line_1_15' title="bbox 454 1479 1284 1560; baseline 0.006 -20"><span class='ocrx_word' id='word_1_108' title='bbox 454 1490 460 1504; x_wconf 94' lang='grc'><strong><em>·</em></strong></span> <span class='ocrx_word' id='word_1_109' title='bbox 652 1479 787 1543; x_wconf 85' lang='lat' dir='ltr'>Nicetius</span> <span class='ocrx_word' id='word_1_110' title='bbox 809 1481 906 1544; x_wconf 89' lang='lat' dir='ltr'>adluit</span> <span class='ocrx_word' id='word_1_111' title='bbox 928 1481 1065 1544; x_wconf 80' lang='lat' dir='ltr'>Concilio</span> <span class='ocrx_word' id='word_1_112' title='bbox 1092 1483 1227 1544; x_wconf 79' lang='lat' dir='ltr'>Arvern.</span> <span class='ocrx_word' id='word_1_113' title='bbox 1253 1482 1284 1560; x_wconf 90' lang='lat'>1,</span> 
     </span>
     <span class='ocr_line' id='line_1_16' title="bbox 42 1559 1284 1638; baseline 0 -15"><span class='ocrx_word' id='word_1_114' title='bbox 42 1563 206 1628; x_wconf 79' lang='lat' dir='ltr'>lirarraoc.</span> <span class='ocrx_word' id='word_1_115' title='bbox 231 1599 269 1611; x_wconf 95' lang='lat'>-</span> <span class='ocrx_word' id='word_1_116' title='bbox 293 1566 430 1628; x_wconf 81' lang='lat' dir='ltr'>Treviris</span> <span class='ocrx_word' id='word_1_117' title='bbox 451 1567 545 1628; x_wconf 89' lang='lat' dir='ltr'>sancti</span> <span class='ocrx_word' id='word_1_118' title='bbox 566 1564 621 1624; x_wconf 80' lang='grc' dir='ltr'>Νι·</span> <span class='ocrx_word' id='word_1_119' title='bbox 651 1576 731 1622; x_wconf 91' lang='lat' dir='ltr'>anuo</span> <span class='ocrx_word' id='word_1_120' title='bbox 758 1559 833 1636; x_wconf 75' lang='lat'>5333</span> <span class='ocrx_word' id='word_1_121' title='bbox 855 1561 1013 1624; x_wconf 80' lang='lat' dir='ltr'>Aurelian.</span> <span class='ocrx_word' id='word_1_122' title='bbox 1038 1560 1076 1634; x_wconf 82' lang='lat' dir='ltr'>V,</span> <span class='ocrx_word' id='word_1_123' title='bbox 1097 1569 1179 1624; x_wconf 90' lang='lat' dir='ltr'>ahno</span> <span class='ocrx_word' id='word_1_124' title='bbox 1199 1561 1284 1638; x_wconf 77' lang='lat' dir='ltr'>ote,</span> 
     </span>
     <span class='ocr_line' id='line_1_17' title="bbox 13 1639 1285 1725; baseline 0.004 -25"><span class='ocrx_word' id='word_1_125' title='bbox 13 1657 73 1703; x_wconf 76' lang='lat' dir='ltr'>cerri</span> <span class='ocrx_word' id='word_1_126' title='bbox 93 1645 236 1725; x_wconf 84' lang='lat' dir='ltr'>Episcopi,</span> <span class='ocrx_word' id='word_1_127' title='bbox 253 1646 350 1708; x_wconf 89' lang='lat' dir='ltr'>mirae</span> <span class='ocrx_word' id='word_1_128' title='bbox 364 1646 532 1708; x_wconf 90' lang='lat' dir='ltr'>sanctitatis</span> <span class='ocrx_word' id='word_1_129' title='bbox 547 1643 620 1705; x_wconf 88' lang='lat' dir='ltr'>viri.</span> <span class='ocrx_word' id='word_1_130' title='bbox 651 1640 797 1702; x_wconf 76' lang='lat' dir='ltr'>eteoclem</span> <span class='ocrx_word' id='word_1_131' title='bbox 813 1655 894 1701; x_wconf 94' lang='lat' dir='ltr'>anno</span> <span class='ocrx_word' id='word_1_132' title='bbox 909 1642 1040 1702; x_wconf 81' lang='lat' dir='ltr'>Arvern.</span> <span class='ocrx_word' id='word_1_133' title='bbox 1054 1639 1090 1703; x_wconf 94' lang='lat' dir='ltr'>ll.</span> <span class='ocrx_word' id='word_1_134' title='bbox 1105 1641 1195 1704; x_wconf 81' lang='lat' dir='ltr'>Anno</span> <span class='ocrx_word' id='word_1_135' title='bbox 1210 1659 1285 1705; x_wconf 88' lang='lat' dir='ltr'>vero</span> 
     </span>
     <span class='ocr_line' id='line_1_18' title="bbox 41 1718 1285 1805; baseline -0.001 -22"><span class='ocrx_word' id='word_1_136' title='bbox 41 1721 117 1786; x_wconf 83' lang='lat' dir='ltr'>Plura</span> <span class='ocrx_word' id='word_1_137' title='bbox 131 1725 166 1788; x_wconf 91' lang='lat' dir='ltr'>de</span> <span class='ocrx_word' id='word_1_138' title='bbox 178 1743 213 1790; x_wconf 90' lang='lat' dir='ltr'>eo</span> <span class='ocrx_word' id='word_1_139' title='bbox 228 1727 338 1805; x_wconf 89' lang='lat' dir='ltr'>passim</span> <span class='ocrx_word' id='word_1_140' title='bbox 355 1726 386 1787; x_wconf 93' lang='lat' dir='ltr'>in</span> <span class='ocrx_word' id='word_1_141' title='bbox 403 1727 465 1786; x_wconf 93' lang='lat' dir='ltr'>suis</span> <span class='ocrx_word' id='word_1_142' title='bbox 480 1722 623 1786; x_wconf 82' lang='lat' dir='ltr'>Historiis</span> <span class='ocrx_word' id='word_1_143' title='bbox 650 1718 720 1793; x_wconf 79' lang='lat'>555,</span> <span class='ocrx_word' id='word_1_144' title='bbox 743 1718 877 1781; x_wconf 88' lang='lat' dir='ltr'>Concilio</span> <span class='ocrx_word' id='word_1_145' title='bbox 903 1721 1044 1783; x_wconf 87' lang='lat' dir='ltr'>interluit</span> <span class='ocrx_word' id='word_1_146' title='bbox 1066 1721 1227 1785; x_wconf 83' lang='lat' dir='ltr'>Parisiens.</span> <span class='ocrx_word' id='word_1_147' title='bbox 1250 1722 1285 1784; x_wconf 91' lang='lat' dir='ltr'>ll.</span> 
     </span>
     <span class='ocr_line' id='line_1_19' title="bbox 13 1797 1283 1882; baseline 0.003 -22"><span class='ocrx_word' id='word_1_148' title='bbox 13 1809 164 1882; x_wconf 66' lang='lat' dir='ltr'>:onsacripsit</span> <span class='ocrx_word' id='word_1_149' title='bbox 186 1805 216 1866; x_wconf 89' lang='lat' dir='ltr'>S.</span> <span class='ocrx_word' id='word_1_150' title='bbox 241 1803 411 1879; x_wconf 82' lang='lat' dir='ltr'>Gregorius</span> <span class='ocrx_word' id='word_1_151' title='bbox 434 1805 549 1866; x_wconf 86' lang='lat' dir='ltr'>Toron.</span> <span class='ocrx_word' id='word_1_152' title='bbox 567 1801 622 1863; x_wconf 86' lang='lat' dir='ltr'>illc</span> <span class='ocrx_word' id='word_1_153' title='bbox 650 1797 1283 1878; x_wconf 82' lang='lat' dir='ltr'>Scripsitadimperatoremlnstiniauam,</span> 
     </span>
     <span class='ocr_line' id='line_1_20' title="bbox 13 1878 1288 1963; baseline 0.005 -26"><span class='ocrx_word' id='word_1_154' title='bbox 13 1879 105 1956; x_wconf 86' lang='lat' dir='ltr'>litam,</span> <span class='ocrx_word' id='word_1_155' title='bbox 126 1900 202 1962; x_wconf 82' lang='lat' dir='ltr'>qnae</span> <span class='ocrx_word' id='word_1_156' title='bbox 226 1885 259 1946; x_wconf 94' lang='lat' dir='ltr'>in</span> <span class='ocrx_word' id='word_1_157' title='bbox 283 1883 445 1963; x_wconf 82' lang='lat' dir='ltr'>ddeaolopt&#39;o</span> <span class='ocrx_word' id='word_1_158' title='bbox 468 1881 620 1947; x_wconf 83' lang='lat' dir='ltr'>Benedici.</span> <span class='ocrx_word' id='word_1_159' title='bbox 653 1883 686 1938; x_wconf 89' lang='lat' dir='ltr'>ut</span> <span class='ocrx_word' id='word_1_160' title='bbox 718 1893 790 1939; x_wconf 89' lang='lat' dir='ltr'>eum</span> <span class='ocrx_word' id='word_1_161' title='bbox 822 1878 860 1939; x_wconf 93' lang='lat' dir='ltr'>ah</span> <span class='ocrx_word' id='word_1_162' title='bbox 895 1879 1011 1942; x_wconf 88' lang='lat' dir='ltr'>haeresi</span> <span class='ocrx_word' id='word_1_163' title='bbox 1046 1889 1222 1956; x_wconf 82' lang='lat' dir='ltr'>reuocaret,</span> <span class='ocrx_word' id='word_1_164' title='bbox 1255 1889 1288 1943; x_wconf 90' lang='lat' dir='ltr'>et</span> 
     </span>
     <span class='ocr_line' id='line_1_21' title="bbox 13 1955 1284 2036; baseline 0.006 -20"><span class='ocrx_word' id='word_1_165' title='bbox 13 1964 173 2035; x_wconf 80' lang='lat' dir='ltr'>continetur,</span> <span class='ocrx_word' id='word_1_166' title='bbox 191 1965 403 2026; x_wconf 76' lang='lat' dir='ltr'>celerimnszc</span> <span class='ocrx_word' id='word_1_167' title='bbox 427 1963 563 2024; x_wconf 90' lang='lat' dir='ltr'>Nicetius</span> <span class='ocrx_word' id='word_1_168' title='bbox 584 1979 618 2024; x_wconf 83' lang='lat' dir='ltr'>ex</span> <span class='ocrx_word' id='word_1_169' title='bbox 649 1956 686 2019; x_wconf 85' lang='lat' dir='ltr'>ed</span> <span class='ocrx_word' id='word_1_170' title='bbox 715 1955 922 2020; x_wconf 87' lang='lat' dir='ltr'>Glothsiudam</span> <span class='ocrx_word' id='word_1_171' title='bbox 952 1968 984 2020; x_wconf 93' lang='lat' dir='ltr'>ut</span> <span class='ocrx_word' id='word_1_172' title='bbox 1010 1958 1284 2036; x_wconf 82' lang='lat' dir='ltr'>Langobardorum</span> 
     </span>
     <span class='ocr_line' id='line_1_22' title="bbox 13 2037 1284 2121; baseline 0.006 -26"><span class='ocrx_word' id='word_1_173' title='bbox 13 2045 80 2099; x_wconf 76' lang='lat' dir='ltr'>attero</span> <span class='ocrx_word' id='word_1_174' title='bbox 94 2045 205 2117; x_wconf 89' lang='lat' dir='ltr'>matris,</span> <span class='ocrx_word' id='word_1_175' title='bbox 228 2043 292 2121; x_wconf 85' lang='lat' dir='ltr'>jam</span> <span class='ocrx_word' id='word_1_176' title='bbox 306 2042 470 2104; x_wconf 85' lang='lat' dir='ltr'>Monachus</span> <span class='ocrx_word' id='word_1_177' title='bbox 492 2042 620 2121; x_wconf 90' lang='lat' dir='ltr'>prodiit,</span> <span class='ocrx_word' id='word_1_178' title='bbox 650 2039 885 2099; x_wconf 88' lang='lat' dir='ltr'>conversionem</span> <span class='ocrx_word' id='word_1_179' title='bbox 902 2045 1087 2115; x_wconf 88' lang='lat' dir='ltr'>procuraret.</span> <span class='ocrx_word' id='word_1_180' title='bbox 1105 2037 1138 2098; x_wconf 91' lang='lat' dir='ltr'>ln</span> <span class='ocrx_word' id='word_1_181' title='bbox 1159 2038 1284 2102; x_wconf 84' lang='lat' dir='ltr'>Basilica</span> 
     </span>
     <span class='ocr_line' id='line_1_23' title="bbox 13 2117 1286 2195; baseline 0.005 -21"><span class='ocrx_word' id='word_1_182' title='bbox 13 2121 99 2182; x_wconf 79' lang='lat' dir='ltr'>:orond</span> <span class='ocrx_word' id='word_1_183' title='bbox 120 2123 133 2158; x_wconf 87' lang='grc'>*</span> <span class='ocrx_word' id='word_1_184' title='bbox 154 2125 304 2185; x_wconf 90' lang='lat' dir='ltr'>nimirum</span> <span class='ocrx_word' id='word_1_185' title='bbox 333 2121 495 2194; x_wconf 91' lang='lat' dir='ltr'>monachi,</span> <span class='ocrx_word' id='word_1_186' title='bbox 524 2120 619 2184; x_wconf 83' lang='lat' dir='ltr'>veluti</span> <span class='ocrx_word' id='word_1_187' title='bbox 649 2117 745 2178; x_wconf 92' lang='lat' dir='ltr'>sancti</span> <span class='ocrx_word' id='word_1_188' title='bbox 767 2117 937 2192; x_wconf 79' lang='lat' dir='ltr'>Maximini,</span> <span class='ocrx_word' id='word_1_189' title='bbox 960 2119 1025 2195; x_wconf 89' lang='lat' dir='ltr'>ejus</span> <span class='ocrx_word' id='word_1_190' title='bbox 1051 2133 1158 2194; x_wconf 90' lang='lat' dir='ltr'>corpus</span> <span class='ocrx_word' id='word_1_191' title='bbox 1179 2135 1286 2180; x_wconf 89' lang='lat' dir='ltr'>recon-</span> 
     </span>
     <span class='ocr_line' id='line_1_24' title="bbox 13 2196 1282 2278; baseline 0.006 -23"><span class='ocrx_word' id='word_1_192' title='bbox 13 2211 98 2272; x_wconf 87' lang='lat' dir='ltr'>rasns,</span> <span class='ocrx_word' id='word_1_193' title='bbox 124 2209 210 2274; x_wconf 89' lang='lat' dir='ltr'>caput</span> <span class='ocrx_word' id='word_1_194' title='bbox 246 2203 422 2278; x_wconf 87' lang='lat' dir='ltr'>insignitus.</span> <span class='ocrx_word' id='word_1_195' title='bbox 461 2201 621 2263; x_wconf 90' lang='lat' dir='ltr'>hlonachns</span> <span class='ocrx_word' id='word_1_196' title='bbox 649 2196 744 2258; x_wconf 90' lang='lat' dir='ltr'>ditum</span> <span class='ocrx_word' id='word_1_197' title='bbox 764 2203 825 2270; x_wconf 90' lang='lat' dir='ltr'>est;</span> <span class='ocrx_word' id='word_1_198' title='bbox 848 2196 951 2276; x_wconf 86' lang='lat' dir='ltr'>ibique</span> <span class='ocrx_word' id='word_1_199' title='bbox 971 2197 1070 2260; x_wconf 91' lang='lat' dir='ltr'>adhuc</span> <span class='ocrx_word' id='word_1_200' title='bbox 1091 2199 1282 2262; x_wconf 81' lang='lat' dir='ltr'>adservatur.</span> 
     </span>
     <span class='ocr_line' id='line_1_25' title="bbox 13 2274 1283 2355; baseline 0.003 -19"><span class='ocrx_word' id='word_1_201' title='bbox 13 2287 89 2349; x_wconf 78' lang='lat' dir='ltr'>postea</span> <span class='ocrx_word' id='word_1_202' title='bbox 103 2289 132 2341; x_wconf 92' lang='lat' dir='ltr'>et</span> <span class='ocrx_word' id='word_1_203' title='bbox 145 2281 245 2344; x_wconf 82' lang='lat' dir='ltr'>hbhas</span> <span class='ocrx_word' id='word_1_204' title='bbox 268 2283 373 2353; x_wconf 91' lang='lat' dir='ltr'>lactus,</span> <span class='ocrx_word' id='word_1_205' title='bbox 395 2280 534 2342; x_wconf 86' lang='lat' dir='ltr'>larvente</span> <span class='ocrx_word' id='word_1_206' title='bbox 554 2295 621 2342; x_wconf 91' lang='lat' dir='ltr'>san·</span> <span class='ocrx_word' id='word_1_207' title='bbox 649 2274 715 2336; x_wconf 91' lang='lat' dir='ltr'>Non</span> <span class='ocrx_word' id='word_1_208' title='bbox 739 2277 839 2338; x_wconf 89' lang='lat' dir='ltr'>solum</span> <span class='ocrx_word' id='word_1_209' title='bbox 860 2276 1028 2355; x_wconf 86' lang='lat' dir='ltr'>Gregorius</span> <span class='ocrx_word' id='word_1_210' title='bbox 1061 2277 1177 2339; x_wconf 84' lang='lat' dir='ltr'>Turon.</span> <span class='ocrx_word' id='word_1_211' title='bbox 1211 2293 1283 2340; x_wconf 89' lang='lat' dir='ltr'>enm</span> 
     </span>
     <span class='ocr_line' id='line_1_26' title="bbox 13 2356 1283 2440; baseline 0.006 -26"><span class='ocrx_word' id='word_1_212' title='bbox 13 2359 40 2414; x_wconf 86' lang='lat' dir='ltr'>cti</span> <span class='ocrx_word' id='word_1_213' title='bbox 54 2357 137 2422; x_wconf 88' lang='lat' dir='ltr'>llauri</span> <span class='ocrx_word' id='word_1_214' title='bbox 154 2361 248 2424; x_wconf 88' lang='lat' dir='ltr'>nostri</span> <span class='ocrx_word' id='word_1_215' title='bbox 261 2375 314 2440; x_wconf 90' lang='lat' dir='ltr'>per</span> <span class='ocrx_word' id='word_1_216' title='bbox 325 2359 435 2421; x_wconf 93' lang='lat' dir='ltr'>Gallias</span> <span class='ocrx_word' id='word_1_217' title='bbox 449 2359 619 2436; x_wconf 84' lang='lat' dir='ltr'>disciplina,</span> <span class='ocrx_word' id='word_1_218' title='bbox 649 2356 776 2416; x_wconf 89' lang='lat' dir='ltr'>summis</span> <span class='ocrx_word' id='word_1_219' title='bbox 798 2356 937 2418; x_wconf 89' lang='lat' dir='ltr'>laudibus</span> <span class='ocrx_word' id='word_1_220' title='bbox 974 2358 1161 2434; x_wconf 83' lang='lat' dir='ltr'>rosepnitur,</span> <span class='ocrx_word' id='word_1_221' title='bbox 1177 2372 1283 2421; x_wconf 90' lang='lat' dir='ltr'>verum</span> 
     </span>
     <span class='ocr_line' id='line_1_27' title="bbox 14 2374 1283 2525; baseline 0.006 -32"><span class='ocrx_word' id='word_1_222' title='bbox 14 2435 73 2498; x_wconf 87' lang='lat' dir='ltr'>inter</span> <span class='ocrx_word' id='word_1_223' title='bbox 85 2443 190 2514; x_wconf 88' lang='lat' dir='ltr'>primos</span> <span class='ocrx_word' id='word_1_224' title='bbox 207 2448 275 2520; x_wconf 92' lang='lat' dir='ltr'>post</span> <span class='ocrx_word' id='word_1_225' title='bbox 289 2441 440 2512; x_wconf 90' lang='lat' dir='ltr'>llaurum,</span> <span class='ocrx_word' id='word_1_226' title='bbox 455 2440 621 2500; x_wconf 81' lang='lat' dir='ltr'>sanctitatis</span> <span class='ocrx_word' id='word_1_227' title='bbox 648 2437 742 2524; x_wconf 82' lang='lat' dir='ltr'>etiam</span> <span class='ocrx_word' id='word_1_228' title='bbox 764 2435 935 2525; x_wconf 75' lang='lat' dir='ltr'>venantius</span> <span class='ocrx_word' id='word_1_229' title='bbox 953 2374 1154 2504; x_wconf 57' lang='lat' dir='ltr'>boetianas,</span> <span class='ocrx_word' id='word_1_230' title='bbox 1177 2440 1229 2514; x_wconf 85' lang='lat' dir='ltr'>qui</span> <span class='ocrx_word' id='word_1_231' title='bbox 1248 2453 1283 2500; x_wconf 89' lang='lat' dir='ltr'>e-</span> 
     </span>
     <span class='ocr_line' id='line_1_28' title="bbox 14 2514 1167 2599; baseline 0.003 -24"><span class='ocrx_word' id='word_1_232' title='bbox 14 2519 146 2598; x_wconf 74' lang='lat' dir='ltr'>praecipua</span> <span class='ocrx_word' id='word_1_233' title='bbox 160 2521 307 2599; x_wconf 90' lang='lat' dir='ltr'>opinione</span> <span class='ocrx_word' id='word_1_234' title='bbox 318 2519 537 2581; x_wconf 89' lang='lat' dir='ltr'>celeberrimus</span> <span class='ocrx_word' id='word_1_235' title='bbox 550 2519 618 2592; x_wconf 93' lang='lat' dir='ltr'>lnit;</span> <span class='ocrx_word' id='word_1_236' title='bbox 645 2514 764 2592; x_wconf 68' lang='lat' dir='ltr'>jusdem</span> <span class='ocrx_word' id='word_1_237' title='bbox 779 2517 966 2593; x_wconf 82' lang='lat' dir='ltr'>epitaphium</span> <span class='ocrx_word' id='word_1_238' title='bbox 983 2518 1167 2594; x_wconf 89' lang='lat' dir='ltr'>composuit.</span> 
     </span>
     <span class='ocr_line' id='line_1_29' title="bbox 14 2597 619 2676; baseline 0.017 -26"><span class='ocrx_word' id='word_1_239' title='bbox 14 2597 103 2671; x_wconf 87' lang='lat' dir='ltr'>usigni</span> <span class='ocrx_word' id='word_1_240' title='bbox 115 2601 284 2663; x_wconf 89' lang='lat' dir='ltr'>constantia</span> <span class='ocrx_word' id='word_1_241' title='bbox 297 2598 394 2676; x_wconf 82' lang='lat' dir='ltr'>Reges</span> <span class='ocrx_word' id='word_1_242' title='bbox 406 2599 482 2676; x_wconf 90' lang='lat' dir='ltr'>ipsos</span> <span class='ocrx_word' id='word_1_243' title='bbox 492 2599 619 2676; x_wconf 76' lang='lat' dir='ltr'>aggredi</span> 
     </span>
     <span class='ocr_line' id='line_1_30' title="bbox 14 2679 1170 2757; baseline 0.015 -29"><span class='ocrx_word' id='word_1_244' title='bbox 14 2687 102 2750; x_wconf 76' lang='lat' dir='ltr'>titane,</span> <span class='ocrx_word' id='word_1_245' title='bbox 125 2689 153 2740; x_wconf 91' lang='lat' dir='ltr'>et</span> <span class='ocrx_word' id='word_1_246' title='bbox 174 2695 229 2757; x_wconf 90' lang='lat' dir='ltr'>pro</span> <span class='ocrx_word' id='word_1_247' title='bbox 258 2679 422 2741; x_wconf 90' lang='lat' dir='ltr'>sceleribus</span> <span class='ocrx_word' id='word_1_248' title='bbox 455 2680 617 2757; x_wconf 88' lang='lat' dir='ltr'>corripere.</span> <span class='ocrx_word' id='word_1_249' title='bbox 764 2681 794 2745; x_wconf 90' lang='lat' dir='ltr'>S.</span> <span class='ocrx_word' id='word_1_250' title='bbox 809 2682 979 2745; x_wconf 83' lang='lat' dir='ltr'>JOANNES</span> <span class='ocrx_word' id='word_1_251' title='bbox 993 2683 1170 2746; x_wconf 82' lang='lat' dir='ltr'>Earscoaus.</span> 
     </span>
    </p>
   </div>
   <div class='ocr_carea' id='block_1_3' title="bbox 14 2749 1264 2949">
    <p class='ocr_par' dir='ltr' id='par_1_3' title="bbox 14 2749 1264 2949">
     <span class='ocr_line' id='line_1_31' title="bbox 14 2749 1264 2868; baseline 0.003 -23"><span class='ocrx_word' id='word_1_252' title='bbox 14 2749 111 2818; x_wconf 45' lang='lat' dir='ltr'>:sem</span> <span class='ocrx_word' id='word_1_253' title='bbox 126 2759 361 2849; x_wconf 51' lang='lat' dir='ltr'>Trevisfflffilum</span> <span class='ocrx_word' id='word_1_254' title='bbox 377 2757 535 2849; x_wconf 53' lang='lat' dir='ltr'>R⁰mffs9¹2</span> <span class='ocrx_word' id='word_1_255' title='bbox 559 2759 618 2819; x_wconf 66' lang='lat' dir='ltr'>mi·</span> <span class='ocrx_word' id='word_1_256' title='bbox 662 2788 783 2852; x_wconf 80' lang='lat' dir='ltr'>Glarut&#39;t</span> <span class='ocrx_word' id='word_1_257' title='bbox 797 2787 978 2868; x_wconf 64' lang='lat' dir='ltr'>temporibus</span> <span class='ocrx_word' id='word_1_258' title='bbox 1000 2791 1106 2854; x_wconf 82' lang='lat' dir='ltr'>Leonis</span> <span class='ocrx_word' id='word_1_259' title='bbox 1129 2789 1264 2854; x_wconf 80' lang='lat' dir='ltr'>deodrici</span> 
     </span>
     <span class='ocr_line' id='line_1_32' title="bbox 15 2843 1088 2949; baseline 0.015 -59"><span class='ocrx_word' id='word_1_260' title='bbox 15 2845 181 2912; x_wconf 68' lang='lat' dir='ltr'>&#39;omqnanta</span> <span class='ocrx_word' id='word_1_261' title='bbox 203 2845 367 2900; x_wconf 82' lang='lat' dir='ltr'>severitate</span> <span class='ocrx_word' id='word_1_262' title='bbox 389 2843 539 2915; x_wconf 67' lang='lat' dir='ltr'>justitiam</span> <span class='ocrx_word' id='word_1_263' title='bbox 554 2854 619 2898; x_wconf 89' lang='lat' dir='ltr'>san·</span> <span class='ocrx_word' id='word_1_264' title='bbox 840 2870 1088 2949; x_wconf 41' lang='lat' dir='ltr'>Imperatorsgse·</span> 
     </span>
    </p>
   </div>
   <div class='ocr_carea' id='block_1_4' title="bbox 15 2916 1283 4264">
    <p class='ocr_par' dir='ltr' id='par_1_4' title="bbox 15 2916 1283 4264">
     <span class='ocr_line' id='line_1_33' title="bbox 15 2916 617 2996; baseline 0.015 -27"><span class='ocrx_word' id='word_1_265' title='bbox 15 2916 288 2996; x_wconf 70' lang='lat' dir='ltr'>tantundemque</span> <span class='ocrx_word' id='word_1_266' title='bbox 304 2917 445 2990; x_wconf 87' lang='lat' dir='ltr'>voluerit,</span> <span class='ocrx_word' id='word_1_267' title='bbox 467 2922 570 2994; x_wconf 90' lang='lat' dir='ltr'>utpote</span> <span class='ocrx_word' id='word_1_268' title='bbox 585 2933 617 2978; x_wconf 88' lang='lat' dir='ltr'>ea</span> 
     </span>
     <span class='ocr_line' id='line_1_34' title="bbox 15 2993 1281 3076; baseline 0.008 -27"><span class='ocrx_word' id='word_1_269' title='bbox 15 3005 76 3076; x_wconf 54' lang='lat' dir='ltr'>*ansa</span> <span class='ocrx_word' id='word_1_270' title='bbox 92 2996 206 3058; x_wconf 87' lang='lat' dir='ltr'>nullum</span> <span class='ocrx_word' id='word_1_271' title='bbox 221 2999 362 3070; x_wconf 90' lang='lat' dir='ltr'>omnino,</span> <span class='ocrx_word' id='word_1_272' title='bbox 379 3011 433 3057; x_wconf 91' lang='lat' dir='ltr'>nec</span> <span class='ocrx_word' id='word_1_273' title='bbox 449 2996 557 3056; x_wconf 90' lang='lat' dir='ltr'>mortis</span> <span class='ocrx_word' id='word_1_274' title='bbox 572 3012 619 3075; x_wconf 90' lang='lat' dir='ltr'>pe·</span> <span class='ocrx_word' id='word_1_275' title='bbox 687 2993 868 3057; x_wconf 76' lang='lat' dir='ltr'>Manciam.</span> <span class='ocrx_word' id='word_1_276' title='bbox 881 3029 919 3038; x_wconf 85' lang='lat'>—</span> <span class='ocrx_word' id='word_1_277' title='bbox 939 2995 1075 3072; x_wconf 85' lang='lat' dir='ltr'>Polybotl</span> <span class='ocrx_word' id='word_1_278' title='bbox 1091 2995 1139 3034; x_wconf 47' lang='grc' dir='ltr'>*μ</span> <span class='ocrx_word' id='word_1_279' title='bbox 1160 2997 1192 3059; x_wconf 91' lang='lat' dir='ltr'>in</span> <span class='ocrx_word' id='word_1_280' title='bbox 1210 2996 1281 3059; x_wconf 83' lang='lat' dir='ltr'>hsia</span> 
     </span>
     <span class='ocr_line' id='line_1_35' title="bbox 15 3071 1282 3156; baseline 0.008 -30"><span class='ocrx_word' id='word_1_281' title='bbox 15 3071 119 3136; x_wconf 57' lang='lat' dir='ltr'>&gt;arulum</span> <span class='ocrx_word' id='word_1_282' title='bbox 150 3075 373 3139; x_wconf 82' lang='lat' dir='ltr'>ralormidavit.</span> <span class='ocrx_word' id='word_1_283' title='bbox 410 3074 620 3137; x_wconf 71' lang='lat' dir='ltr'>theodeberto</span> <span class='ocrx_word' id='word_1_284' title='bbox 647 3075 742 3136; x_wconf 89' lang='lat' dir='ltr'>sancti</span> <span class='ocrx_word' id='word_1_285' title='bbox 765 3073 894 3138; x_wconf 80' lang='lat' dir='ltr'>Joauars</span> <span class='ocrx_word' id='word_1_286' title='bbox 916 3075 1282 3156; x_wconf 87' lang='lat' dir='ltr'>Episcopi,cognomento</span> 
     </span>
     <span class='ocr_line' id='line_1_36' title="bbox 15 3147 880 3232; baseline 0.002 -21"><span class='ocrx_word' id='word_1_287' title='bbox 15 3147 88 3224; x_wconf 68' lang='lat' dir='ltr'>lage,</span> <span class='ocrx_word' id='word_1_288' title='bbox 112 3156 329 3220; x_wconf 90' lang='lat' dir='ltr'>comitantibus</span> <span class='ocrx_word' id='word_1_289' title='bbox 350 3155 620 3218; x_wconf 86' lang='lat' dir='ltr'>excommunicatis</span> <span class='ocrx_word' id='word_1_290' title='bbox 647 3153 880 3232; x_wconf 87' lang='lat' dir='ltr'>Thaumatnrgi.</span> 
     </span>
     <span class='ocr_line' id='line_1_37' title="bbox 16 3233 1282 3316; baseline 0.01 -33"><span class='ocrx_word' id='word_1_291' title='bbox 16 3233 157 3316; x_wconf 77' lang='lat' dir='ltr'>inclaudis,</span> <span class='ocrx_word' id='word_1_292' title='bbox 179 3235 338 3298; x_wconf 88' lang='lat' dir='ltr'>ecclesiam</span> <span class='ocrx_word' id='word_1_293' title='bbox 362 3237 515 3312; x_wconf 89' lang='lat' dir='ltr'>ingresso,</span> <span class='ocrx_word' id='word_1_294' title='bbox 537 3251 618 3296; x_wconf 90' lang='lat' dir='ltr'>sacra</span> <span class='ocrx_word' id='word_1_295' title='bbox 686 3233 713 3295; x_wconf 89' lang='lat' dir='ltr'>is</span> <span class='ocrx_word' id='word_1_296' title='bbox 736 3249 788 3310; x_wconf 93' lang='lat' dir='ltr'>pro</span> <span class='ocrx_word' id='word_1_297' title='bbox 808 3241 979 3296; x_wconf 91' lang='lat' dir='ltr'>sanctarum</span> <span class='ocrx_word' id='word_1_298' title='bbox 1002 3233 1175 3312; x_wconf 89' lang='lat' dir='ltr'>imaginum</span> <span class='ocrx_word' id='word_1_299' title='bbox 1199 3234 1282 3297; x_wconf 90' lang='lat' dir='ltr'>cultu</span> 
     </span>
     <span class='ocr_line' id='line_1_38' title="bbox 16 3303 1282 3393; baseline 0.009 -29"><span class='ocrx_word' id='word_1_300' title='bbox 16 3303 618 3393; x_wconf 80' lang='lat' dir='ltr'>lluocessarejussit,doneoeroommuni-</span> <span class='ocrx_word' id='word_1_301' title='bbox 647 3312 792 3375; x_wconf 85' lang='lat' dir='ltr'>adversus</span> <span class='ocrx_word' id='word_1_302' title='bbox 816 3313 947 3374; x_wconf 88' lang='lat' dir='ltr'>Leonem</span> <span class='ocrx_word' id='word_1_303' title='bbox 970 3313 1134 3376; x_wconf 88' lang='lat' dir='ltr'>isauricum</span> <span class='ocrx_word' id='word_1_304' title='bbox 1157 3322 1282 3376; x_wconf 91' lang='lat' dir='ltr'>strenue</span> 
     </span>
     <span class='ocr_line' id='line_1_39' title="bbox 19 3387 1283 3531; baseline 0.009 -89"><span class='ocrx_word' id='word_1_305' title='bbox 19 3387 530 3469; x_wconf 78' lang='lat' dir='ltr'>atiexcederentilenitentisatque</span> <span class='ocrx_word' id='word_1_306' title='bbox 542 3393 619 3455; x_wconf 93' lang='lat' dir='ltr'>indi·</span> <span class='ocrx_word' id='word_1_307' title='bbox 648 3391 827 3454; x_wconf 88' lang='lat' dir='ltr'>decertavit.</span> <span class='ocrx_word' id='word_1_308' title='bbox 851 3392 896 3453; x_wconf 92' lang='lat' dir='ltr'>Eu</span> <span class='ocrx_word' id='word_1_309' title='bbox 911 3393 984 3472; x_wconf 79' lang='lat' dir='ltr'>quiid</span> <span class='ocrx_word' id='word_1_310' title='bbox 999 3395 1036 3455; x_wconf 88' lang='lat' dir='ltr'>de</span> <span class='ocrx_word' id='word_1_311' title='bbox 1058 3395 1119 3531; x_wconf 57' lang='lat' dir='ltr'><strong><em>in</em></strong></span> <span class='ocrx_word' id='word_1_312' title='bbox 1134 3393 1283 3456; x_wconf 90' lang='lat' dir='ltr'>Baronins</span> 
     </span>
     <span class='ocr_line' id='line_1_40' title="bbox 16 3465 1282 3552; baseline 0.001 -17"><span class='ocrx_word' id='word_1_313' title='bbox 16 3465 145 3534; x_wconf 70' lang='lat' dir='ltr'>{habundi</span> <span class='ocrx_word' id='word_1_314' title='bbox 165 3474 257 3552; x_wconf 78' lang='lat' dir='ltr'>Regis</span> <span class='ocrx_word' id='word_1_315' title='bbox 281 3471 483 3536; x_wconf 90' lang='lat' dir='ltr'>occultissima</span> <span class='ocrx_word' id='word_1_316' title='bbox 505 3471 619 3550; x_wconf 89' lang='lat' dir='ltr'>llagitia</span> <span class='ocrx_word' id='word_1_317' title='bbox 650 3472 681 3532; x_wconf 94' lang='lat' dir='ltr'>in</span> <span class='ocrx_word' id='word_1_318' title='bbox 704 3470 878 3536; x_wconf 79' lang='lat' dir='ltr'>Annalibus</span> <span class='ocrx_word' id='word_1_319' title='bbox 901 3473 1005 3535; x_wconf 88' lang='lat' dir='ltr'>hahet:</span> <span class='ocrx_word' id='word_1_320' title='bbox 1035 3493 1047 3526; x_wconf 75' lang='lat' dir='ltr'>a</span> <span class='ocrx_word' id='word_1_321' title='bbox 1090 3471 1220 3536; x_wconf 88' lang='lat' dir='ltr'>hstlnuit</span> <span class='ocrx_word' id='word_1_322' title='bbox 1241 3481 1282 3536; x_wconf 89' lang='lat' dir='ltr'>ta·</span> 
     </span>
     <span class='ocr_line' id='line_1_41' title="bbox 20 3551 1283 3632; baseline 0.006 -26"><span class='ocrx_word' id='word_1_323' title='bbox 20 3553 224 3632; x_wconf 73' lang='lat' dir='ltr'>pergamenus,</span> <span class='ocrx_word' id='word_1_324' title='bbox 242 3554 293 3631; x_wconf 85' lang='lat' dir='ltr'>qni</span> <span class='ocrx_word' id='word_1_325' title='bbox 310 3553 506 3624; x_wconf 88' lang='lat' dir='ltr'>tuncaderat‚</span> <span class='ocrx_word' id='word_1_326' title='bbox 521 3552 619 3630; x_wconf 91' lang='lat' dir='ltr'>prodi·</span> <span class='ocrx_word' id='word_1_327' title='bbox 649 3565 720 3612; x_wconf 89' lang='lat' dir='ltr'>men</span> <span class='ocrx_word' id='word_1_328' title='bbox 751 3552 833 3613; x_wconf 86' lang='lat' dir='ltr'>idem</span> <span class='ocrx_word' id='word_1_329' title='bbox 869 3551 1017 3615; x_wconf 87' lang='lat' dir='ltr'>isauricus</span> <span class='ocrx_word' id='word_1_330' title='bbox 1047 3551 1085 3614; x_wconf 92' lang='lat' dir='ltr'>ab</span> <span class='ocrx_word' id='word_1_331' title='bbox 1113 3551 1283 3629; x_wconf 88' lang='lat' dir='ltr'>indigendo</span> 
     </span>
     <span class='ocr_line' id='line_1_42' title="bbox 17 3628 1282 3710; baseline 0.001 -17"><span class='ocrx_word' id='word_1_332' title='bbox 17 3631 51 3693; x_wconf 84' lang='lat' dir='ltr'>at,</span> <span class='ocrx_word' id='word_1_333' title='bbox 64 3643 148 3704; x_wconf 80' lang='lat' dir='ltr'>utrem</span> <span class='ocrx_word' id='word_1_334' title='bbox 166 3632 277 3694; x_wconf 81' lang='lat' dir='ltr'>frustra</span> <span class='ocrx_word' id='word_1_335' title='bbox 295 3631 408 3708; x_wconf 90' lang='lat' dir='ltr'>templo</span> <span class='ocrx_word' id='word_1_336' title='bbox 422 3631 542 3709; x_wconf 85' lang='lat' dir='ltr'>ejicere,</span> <span class='ocrx_word' id='word_1_337' title='bbox 554 3647 621 3694; x_wconf 90' lang='lat' dir='ltr'>con·</span> <span class='ocrx_word' id='word_1_338' title='bbox 648 3628 793 3708; x_wconf 91' lang='lat' dir='ltr'>supplicio</span> <span class='ocrx_word' id='word_1_339' title='bbox 814 3630 925 3694; x_wconf 88' lang='lat' dir='ltr'>loanni</span> <span class='ocrx_word' id='word_1_340' title='bbox 951 3631 1096 3710; x_wconf 84' lang='lat' dir='ltr'>Episcopo</span> <span class='ocrx_word' id='word_1_341' title='bbox 1122 3633 1282 3708; x_wconf 75' lang='lat' dir='ltr'>Polyboti,</span> 
     </span>
     <span class='ocr_line' id='line_1_43' title="bbox 17 3709 1283 3790; baseline 0.01 -30"><span class='ocrx_word' id='word_1_342' title='bbox 17 3719 77 3766; x_wconf 78' lang='lat' dir='ltr'>usus</span> <span class='ocrx_word' id='word_1_343' title='bbox 102 3710 248 3773; x_wconf 85' lang='lat' dir='ltr'>scelerum</span> <span class='ocrx_word' id='word_1_344' title='bbox 273 3725 396 3772; x_wconf 87' lang='lat' dir='ltr'>suorum</span> <span class='ocrx_word' id='word_1_345' title='bbox 426 3713 598 3772; x_wconf 89' lang='lat' dir='ltr'>narratione</span> <span class='ocrx_word' id='word_1_346' title='bbox 612 3759 619 3784; x_wconf 94' lang='lat'>,</span> <span class='ocrx_word' id='word_1_347' title='bbox 649 3711 701 3790; x_wconf 87' lang='lat' dir='ltr'>qui</span> <span class='ocrx_word' id='word_1_348' title='bbox 715 3709 898 3774; x_wconf 89' lang='lat' dir='ltr'>claritudine</span> <span class='ocrx_word' id='word_1_349' title='bbox 914 3711 1132 3774; x_wconf 88' lang='lat' dir='ltr'>miraculorum</span> <span class='ocrx_word' id='word_1_350' title='bbox 1148 3712 1222 3775; x_wconf 90' lang='lat' dir='ltr'>adeo</span> <span class='ocrx_word' id='word_1_351' title='bbox 1237 3729 1283 3773; x_wconf 89' lang='lat' dir='ltr'>ce·</span> 
     </span>
     <span class='ocr_line' id='line_1_44' title="bbox 17 3783 1282 3870; baseline 0.006 -27"><span class='ocrx_word' id='word_1_352' title='bbox 17 3783 55 3843; x_wconf 82' lang='lat' dir='ltr'>lei</span> <span class='ocrx_word' id='word_1_353' title='bbox 69 3799 186 3853; x_wconf 89' lang='lat' dir='ltr'>conatus</span> <span class='ocrx_word' id='word_1_354' title='bbox 200 3799 257 3864; x_wconf 90' lang='lat' dir='ltr'>est,</span> <span class='ocrx_word' id='word_1_355' title='bbox 272 3790 371 3866; x_wconf 80' lang='lat' dir='ltr'>quoad</span> <span class='ocrx_word' id='word_1_356' title='bbox 387 3791 516 3869; x_wconf 91' lang='lat' dir='ltr'>pessimo</span> <span class='ocrx_word' id='word_1_357' title='bbox 529 3793 621 3853; x_wconf 90' lang='lat' dir='ltr'>inses·</span> <span class='ocrx_word' id='word_1_358' title='bbox 649 3789 741 3851; x_wconf 89' lang='lat' dir='ltr'>lehris</span> <span class='ocrx_word' id='word_1_359' title='bbox 754 3797 820 3853; x_wconf 90' lang='lat' dir='ltr'>erat</span> <span class='ocrx_word' id='word_1_360' title='bbox 835 3791 866 3852; x_wconf 87' lang='lat' dir='ltr'>in</span> <span class='ocrx_word' id='word_1_361' title='bbox 882 3789 1061 3864; x_wconf 74' lang='lat' dir='ltr'>Orientem</span> <span class='ocrx_word' id='word_1_362' title='bbox 1075 3799 1105 3853; x_wconf 91' lang='lat' dir='ltr'>et</span> <span class='ocrx_word' id='word_1_363' title='bbox 1119 3793 1193 3870; x_wconf 87' lang='lat' dir='ltr'>ipse,</span> <span class='ocrx_word' id='word_1_364' title='bbox 1204 3793 1282 3854; x_wconf 89' lang='lat' dir='ltr'>sicut</span> 
     </span>
     <span class='ocr_line' id='line_1_45' title="bbox 17 3867 1283 3948; baseline 0.006 -24"><span class='ocrx_word' id='word_1_365' title='bbox 17 3878 58 3924; x_wconf 84' lang='lat' dir='ltr'>ore</span> <span class='ocrx_word' id='word_1_366' title='bbox 79 3867 220 3932; x_wconf 89' lang='lat' dir='ltr'>liberatus</span> <span class='ocrx_word' id='word_1_367' title='bbox 243 3885 259 3932; x_wconf 94' lang='lat' dir='ltr'>a</span> <span class='ocrx_word' id='word_1_368' title='bbox 283 3869 401 3931; x_wconf 89' lang='lat' dir='ltr'>Nicetlo</span> <span class='ocrx_word' id='word_1_369' title='bbox 422 3879 451 3930; x_wconf 91' lang='lat' dir='ltr'>et</span> <span class='ocrx_word' id='word_1_370' title='bbox 474 3877 620 3944; x_wconf 87' lang='lat' dir='ltr'>curatus,</span> <span class='ocrx_word' id='word_1_371' title='bbox 649 3869 722 3931; x_wconf 93' lang='lat' dir='ltr'>olim</span> <span class='ocrx_word' id='word_1_372' title='bbox 748 3884 877 3946; x_wconf 89' lang='lat' dir='ltr'>magnas</span> <span class='ocrx_word' id='word_1_373' title='bbox 901 3869 952 3932; x_wconf 90' lang='lat' dir='ltr'>ille</span> <span class='ocrx_word' id='word_1_374' title='bbox 973 3869 1148 3948; x_wconf 83' lang='lat' dir='ltr'>Gregorius,</span> <span class='ocrx_word' id='word_1_375' title='bbox 1171 3885 1283 3946; x_wconf 84' lang='lat' dir='ltr'>cogno·</span> 
     </span>
     <span class='ocr_line' id='line_1_46' title="bbox 17 3947 1281 4028; baseline 0.011 -30"><span class='ocrx_word' id='word_1_376' title='bbox 17 3955 136 4027; x_wconf 62' lang='lat' dir='ltr'>rosunum</span> <span class='ocrx_word' id='word_1_377' title='bbox 159 3947 301 4028; x_wconf 88' lang='lat' dir='ltr'>deinceps</span> <span class='ocrx_word' id='word_1_378' title='bbox 322 3951 405 4011; x_wconf 82' lang='lat' dir='ltr'>visus</span> <span class='ocrx_word' id='word_1_379' title='bbox 420 3957 475 4012; x_wconf 86' lang='lat' dir='ltr'>est.</span> <span class='ocrx_word' id='word_1_380' title='bbox 504 3947 621 4012; x_wconf 87' lang='lat' dir='ltr'>Ghlota-</span> <span class='ocrx_word' id='word_1_381' title='bbox 650 3956 754 4010; x_wconf 89' lang='lat' dir='ltr'>monto</span> <span class='ocrx_word' id='word_1_382' title='bbox 778 3949 876 4011; x_wconf 90' lang='lat' dir='ltr'>dictus</span> <span class='ocrx_word' id='word_1_383' title='bbox 900 3951 993 4012; x_wconf 87' lang='lat' dir='ltr'>luerit</span> <span class='ocrx_word' id='word_1_384' title='bbox 1018 3950 1281 4026; x_wconf 77' lang='lat' dir='ltr'>thaumaturgus.</span> 
     </span>
     <span class='ocr_line' id='line_1_47' title="bbox 20 4025 1282 4108; baseline 0.008 -29"><span class='ocrx_word' id='word_1_385' title='bbox 20 4036 71 4106; x_wconf 76' lang='lat' dir='ltr'>tom</span> <span class='ocrx_word' id='word_1_386' title='bbox 86 4025 193 4102; x_wconf 86' lang='lat' dir='ltr'>Regem</span> <span class='ocrx_word' id='word_1_387' title='bbox 203 4045 289 4108; x_wconf 90' lang='lat' dir='ltr'>saepe</span> <span class='ocrx_word' id='word_1_388' title='bbox 301 4031 468 4103; x_wconf 91' lang='lat' dir='ltr'>monitum,</span> <span class='ocrx_word' id='word_1_389' title='bbox 484 4044 621 4091; x_wconf 90' lang='lat' dir='ltr'>commn-</span> <span class='ocrx_word' id='word_1_390' title='bbox 650 4027 705 4090; x_wconf 89' lang='lat' dir='ltr'>Hic</span> <span class='ocrx_word' id='word_1_391' title='bbox 718 4029 814 4100; x_wconf 88' lang='lat' dir='ltr'>enim,</span> <span class='ocrx_word' id='word_1_392' title='bbox 830 4043 899 4091; x_wconf 89' lang='lat' dir='ltr'>cum</span> <span class='ocrx_word' id='word_1_393' title='bbox 913 4030 949 4091; x_wconf 91' lang='lat' dir='ltr'>ad</span> <span class='ocrx_word' id='word_1_394' title='bbox 962 4029 1211 4106; x_wconf 85' lang='lat' dir='ltr'>redarguendam</span> <span class='ocrx_word' id='word_1_395' title='bbox 1225 4027 1282 4089; x_wconf 91' lang='lat' dir='ltr'>lm·</span> 
     </span>
     <span class='ocr_line' id='line_1_48' title="bbox 18 4106 1281 4248; baseline 0.005 -84"><span class='ocrx_word' id='word_1_396' title='bbox 18 4115 84 4164; x_wconf 60' lang='lat' dir='ltr'>itone</span> <span class='ocrx_word' id='word_1_397' title='bbox 111 4106 247 4172; x_wconf 88' lang='lat' dir='ltr'>fidelium</span> <span class='ocrx_word' id='word_1_398' title='bbox 274 4109 453 4182; x_wconf 76' lang='lat' dir='ltr'>interdixit3</span> <span class='ocrx_word' id='word_1_399' title='bbox 475 4116 506 4170; x_wconf 91' lang='lat' dir='ltr'>et</span> <span class='ocrx_word' id='word_1_400' title='bbox 528 4108 620 4171; x_wconf 87' lang='lat' dir='ltr'>abeo</span> <span class='ocrx_word' id='word_1_401' title='bbox 650 4107 1281 4248; x_wconf 62' lang='lat' dir='ltr'>pacatoremseGonstantlnopolimcontn-</span> 
     </span>
     <span class='ocr_line' id='line_1_49' title="bbox 661 4187 1281 4264; baseline -0.003 -16"><span class='ocrx_word' id='word_1_402' title='bbox 661 4187 1281 4264; x_wconf 84' lang='lat' dir='ltr'>isset,vehementerquereprehendisset,</span> 
     </span>
    </p>
   </div>
   <div class='ocr_carea' id='block_1_5' title="bbox 18 4257 1283 4440">
    <p class='ocr_par' dir='ltr' id='par_1_5' title="bbox 18 4257 1283 4440">
     <span class='ocr_line' id='line_1_50' title="bbox 26 4257 1283 4345; baseline 0.027 -56"><span class='ocrx_word' id='word_1_403' title='bbox 26 4257 79 4302; x_wconf 71' lang='lat' dir='ltr'>tras</span> <span class='ocrx_word' id='word_1_404' title='bbox 93 4265 113 4304; x_wconf 71' lang='grc' dir='ltr'>ε.</span> <span class='ocrx_word' id='word_1_405' title='bbox 127 4267 251 4318; x_wconf 80' lang='lat' dir='ltr'>Gregorius</span> <span class='ocrx_word' id='word_1_406' title='bbox 266 4271 352 4311; x_wconf 69' lang='lat' dir='ltr'>Toron.</span> <span class='ocrx_word' id='word_1_407' title='bbox 370 4270 458 4310; x_wconf 75' lang='lat' dir='ltr'>narrat.</span> <span class='ocrx_word' id='word_1_408' title='bbox 481 4269 529 4310; x_wconf 80' lang='lat' dir='ltr'>Boc</span> <span class='ocrx_word' id='word_1_409' title='bbox 544 4269 622 4310; x_wconf 79' lang='lat' dir='ltr'>autem</span> <span class='ocrx_word' id='word_1_410' title='bbox 650 4266 764 4330; x_wconf 69' lang='lat' dir='ltr'>nullam</span> <span class='ocrx_word' id='word_1_411' title='bbox 787 4268 851 4328; x_wconf 75' lang='lat' dir='ltr'>vim</span> <span class='ocrx_word' id='word_1_412' title='bbox 878 4283 987 4345; x_wconf 73' lang='lat' dir='ltr'>passus,</span> <span class='ocrx_word' id='word_1_413' title='bbox 1011 4267 1047 4329; x_wconf 78' lang='lat' dir='ltr'>ad</span> <span class='ocrx_word' id='word_1_414' title='bbox 1073 4281 1158 4328; x_wconf 78' lang='lat' dir='ltr'>suam</span> <span class='ocrx_word' id='word_1_415' title='bbox 1180 4266 1283 4326; x_wconf 75' lang='lat' dir='ltr'>redire</span> 
     </span>
     <span class='ocr_line' id='line_1_51' title="bbox 18 4323 622 4381; baseline 0.025 -24"><span class='ocrx_word' id='word_1_416' title='bbox 18 4323 132 4367; x_wconf 82' lang='lat' dir='ltr'>maclarum</span> <span class='ocrx_word' id='word_1_417' title='bbox 147 4331 182 4370; x_wconf 80' lang='lat' dir='ltr'>est</span> <span class='ocrx_word' id='word_1_418' title='bbox 196 4333 366 4378; x_wconf 77' lang='lat' dir='ltr'>testimoninm,</span> <span class='ocrx_word' id='word_1_419' title='bbox 380 4343 427 4381; x_wconf 88' lang='lat' dir='ltr'>quo</span> <span class='ocrx_word' id='word_1_420' title='bbox 442 4333 553 4372; x_wconf 83' lang='lat' dir='ltr'>doeemur</span> <span class='ocrx_word' id='word_1_421' title='bbox 562 4329 622 4380; x_wconf 84' lang='lat' dir='ltr'>prio·</span> 
     </span>
     <span class='ocr_line' id='line_1_52' title="bbox 22 4381 1045 4440; baseline 0.024 -19"><span class='ocrx_word' id='word_1_422' title='bbox 22 4381 60 4423; x_wconf 88' lang='lat' dir='ltr'>bus</span> <span class='ocrx_word' id='word_1_423' title='bbox 73 4391 170 4431; x_wconf 83' lang='lat' dir='ltr'>saeculis</span> <span class='ocrx_word' id='word_1_424' title='bbox 189 4395 330 4436; x_wconf 83' lang='lat' dir='ltr'>clericorum</span> <span class='ocrx_word' id='word_1_425' title='bbox 347 4397 472 4436; x_wconf 70' lang='lat' dir='ltr'>tonsuram</span> <span class='ocrx_word' id='word_1_426' title='bbox 489 4391 512 4435; x_wconf 87' lang='lat' dir='ltr'>in</span> <span class='ocrx_word' id='word_1_427' title='bbox 528 4393 622 4435; x_wconf 83' lang='lat' dir='ltr'>modum</span> <span class='ocrx_word' id='word_1_428' title='bbox 675 4395 702 4421; x_wconf 69' lang='lat'>*⁸</span> <span class='ocrx_word' id='word_1_429' title='bbox 716 4389 760 4440; x_wconf 78' lang='lat' dir='ltr'>Qui</span> <span class='ocrx_word' id='word_1_430' title='bbox 770 4393 878 4434; x_wconf 59' lang='lat' dir='ltr'>mrim</span> <span class='ocrx_word' id='word_1_431' title='bbox 888 4396 991 4434; x_wconf 64' lang='lat' dir='ltr'>efllm‘)</span> <span class='ocrx_word' id='word_1_432' title='bbox 1001 4391 1045 4432; x_wconf 73' lang='lat'>⁷⁴¹·</span> 
     </span>
    </p>
   </div>
   <div class='ocr_carea' id='block_1_6' title="bbox 19 4449 1094 4506">
    <p class='ocr_par' dir='ltr' id='par_1_6' title="bbox 19 4449 1094 4506">
     <span class='ocr_line' id='line_1_53' title="bbox 19 4449 1094 4506; baseline 0.01 -23"><span class='ocrx_word' id='word_1_433' title='bbox 19 4453 89 4490; x_wconf 76' lang='lat' dir='ltr'>&gt;ronse</span> <span class='ocrx_word' id='word_1_434' title='bbox 100 4449 172 4494; x_wconf 82' lang='lat' dir='ltr'>inisse</span> <span class='ocrx_word' id='word_1_435' title='bbox 184 4457 275 4500; x_wconf 78' lang='lat' dir='ltr'>laetam.</span> <span class='ocrx_word' id='word_1_436' title='bbox 676 4455 715 4482; x_wconf 64' lang='grc' dir='ltr'>Μ</span> <span class='ocrx_word' id='word_1_437' title='bbox 729 4454 789 4494; x_wconf 82' lang='lat' dir='ltr'>Urba</span> <span class='ocrx_word' id='word_1_438' title='bbox 800 4455 850 4494; x_wconf 76' lang='lat' dir='ltr'>erat</span> <span class='ocrx_word' id='word_1_439' title='bbox 859 4455 884 4495; x_wconf 88' lang='lat' dir='ltr'>ln</span> <span class='ocrx_word' id='word_1_440' title='bbox 893 4454 977 4504; x_wconf 69' lang='lat' dir='ltr'>lingna</span> <span class='ocrx_word' id='word_1_441' title='bbox 989 4453 1094 4506; x_wconf 76' lang='lat' dir='ltr'>Phrygis.</span> 
     </span>
    </p>
   </div>
   <div class='ocr_carea' id='block_1_7' title="bbox 0 0 1475 4810">
    <p class='ocr_par' dir='ltr' id='par_1_7' title="bbox 0 0 1475 4810">
     <span class='ocr_line' id='line_1_54' title="bbox 0 0 1475 4810; baseline 0 0"><span class='ocrx_word' id='word_1_442' title='bbox 0 0 1475 4810; x_wconf 95' lang='lat' dir='ltr'> </span> 
     </span>
    </p>
   </div>
  </div>
 </body>
</html>
