2994 4832
66 267 163 332 attat
375 285 413 330 os
435 283 463 330 s.
489 283 614 332 annone
637 283 785 331 anonim.
813 280 924 352 coxon.
1200 268 1242 331 85

63 368 185 439 sacerdos
214 379 244 436 et
274 366 385 438 bostia
417 367 550 437 Christi.
580 369 644 438 Ubi
678 379 809 455 quanta
845 367 1133 456 compunctione,
1159 379 1288 454 quanta

60 457 144 526 cordis
162 455 358 526 contritione
373 456 600 527 ministerium
619 456 705 526 illud
723 457 903 547 peregerit,
922 455 1001 542 quis
1017 455 1166 526 sufficiat
1178 457 1287 546 expli·

59 549 138 614 ccre‘l
166 550 260 616 Totus
292 545 388 615 enim
423 547 458 614 in
484 545 655 636 lacrymas
678 545 791 627 lusus,
815 546 899 614 tanti
924 545 1130 613 sacramenti
1155 544 1222 613 vim
1249 546 1284 613 in

58 635 176 724 seipsum
201 635 352 724 excepit,
384 635 589 704 mirantibus
622 633 803 703 nonnullis
827 633 1092 702 immensitatem
1119 633 1288 722 lacryma-

56 733 260 801 musteum
301 723 412 792 emitu
435 722 585 812 quodam
602 734 635 791 et
658 722 821 812 suspirio,
841 720 1016 809 simulque
1038 722 1185 810 pectoris
1210 735 1289 792 tun-

55 811 136 890 sione,
151 812 256 880 cordis
279 745 374 881 illius
393 824 520 882 secreta
547 833 608 902 per
631 811 696 882 boc
720 811 940 881 rimantibus.
968 811 1015 881 td
1038 810 1140 900 cujus
1169 831 1288 901 preces

54 899 157 969 coelum
179 913 256 970 tunc
276 901 429 989 patuisse
454 900 542 972 nulli
565 900 726 982 dubium,
748 921 829 970 cum
854 912 887 968 et
906 901 949 970 ob
970 900 1034 970 hoo
1050 900 1167 988 ipsum
1186 899 1286 971 mise·

53 990 135 1056 ricors
154 1002 183 1057 et
206 989 382 1058 miserator
418 989 584 1059 Dominus
614 1011 693 1059 eum
731 989 907 1079 posuerit,
934 1000 971 1057 ut
1007 1009 1068 1078 pro
1093 988 1148 1056 sui
1172 989 1288 1145 gregis

51 1076 212 1146 excessibus
233 1077 461 1160 intercedens,
479 1080 514 1148 in
533 1091 684 1168 tempore
707 1077 910 1148 iracundiae
927 1077 1021 1146 lieret
1040 1077 1174 1146 reoonci
1192 1079 1284 1146 iatro.

53 1170 199 1252 Postquam
219 1188 295 1236 vero
319 1167 502 1236 blissarum
529 1167 706 1238 solemniis
729 1189 809 1236 cum
834 1165 1072 1236 benedictione
1097 1165 1286 1255 pontificali

53 1251 145 1334 linitis,
161 1269 341 1326 conventus
367 1255 425 1325 ille
449 1255 583 1325 solutus
602 1269 663 1336 est,
683 1256 758 1344 ipse
781 1255 945 1346 deinceps
966 1255 1001 1322 in
1027 1255 1191 1324 omnibus
1215 1265 1284 1323 tam

53 1343 271 1424 Ecclesiastiois,
289 1365 399 1432 quam
425 1343 634 1436 reipublicae
669 1345 815 1435 negotiis
851 1344 943 1414 baud
977 1344 1143 1434 imparem
1169 1365 1205 1411 se
1229 1365 1287 1413 ac-

52 1445 142 1518 ceptae
169 1431 339 1522 dignitatis
365 1435 523 1523 gerebat,
549 1445 582 1503 et
605 1433 695 1502 sicut
718 1433 872 1503 editioris
906 1432 973 1502 loci
1004 1431 1213 1522 insignibus
1241 1433 1287 1502 ita

52 1520 158 1590 curretis
173 1521 327 1592 virtutum
356 1522 541 1612 generibus
565 1523 653 1592 inter
672 1534 824 1592 caeteros
841 1522 936 1612 regni
958 1521 1132 1622 principes
1148 1521 1287 1609 conspi-

52 1629 121 1676 cuus
141 1609 311 1680 incedebat.
343 1611 519 1681 Reddebat
542 1610 723 1692 sollicitus,
742 1631 832 1699 quae
849 1621 930 1680 sunt
946 1615 1110 1691 Caesaris,
1131 1610 1285 1688 Caesari;

54 1709 79 1762 et
98 1717 168 1782 quae
186 1712 258 1768 sunt
284 1700 358 1780 Dei,
387 1705 475 1768 Deo:
500 1701 582 1785 quia
607 1699 817 1770 boloniensis
839 1699 991 1768 nominis
1019 1699 1232 1788 majestatem
1255 1713 1288 1766 et

56 1784 204 1880 secularem
228 1810 393 1878 pompam
415 1787 620 1858 ambitiosus
641 1809 736 1877 pene,
759 1809 863 1875 quam
885 1786 1012 1874 aliquis
1034 1809 1074 1857 ex
1093 1807 1287 1876 praecesso-

57 1872 130 1970 nbns
148 1875 222 1964 eius,
237 1877 434 1946 ostentabat
449 1876 491 1946 ad
511 1876 690 1967 populum:
709 1898 771 1946 neo
790 1887 968 1966 propterea
985 1889 1095 1946 tamen
1118 1876 1283 1944 invictum

60 1971 236 2036 inlectantes
257 1966 529 2056 occupationum
556 1964 723 2055 procellas
748 1965 921 2056 spiritum,
938 1985 1091 2052 unquam
1114 1964 1288 2032 relaxabat

63 2049 177 2120 astndio
194 2052 388 2125 divinarum
406 2075 533 2124 rerum.
549 2055 698 2143 tejuniis
723 2075 790 2123 non
816 2055 911 2148 adeo,
930 2074 1033 2140 quam
1060 2052 1234 2142 legitimis,
1252 2073 1287 2118 se

66 2141 219 2232 nacembat,
237 2146 356 2214 sciens
372 2144 557 2234 scriptum:
585 2145 702 2213 (annm
727 2145 854 2212 mundo
873 2143 1019 2222 mundis,
1039 2154 1072 2210 et
1092 2139 1179 2209 nihil
1206 2141 1284 2228 reji-

66 2224 205 2310 nendum,
227 2233 319 2320 quod
355 2255 433 2302 cum
460 2233 647 2322 gratiarum
673 2233 807 2301 actione
832 2231 1032 2321 percipitur.
1065 2228 1287 2298 Pernoctabat

65 2311 219 2408 plemnque
232 2323 265 2392 in
288 2321 520 2402 orationibus,
535 2332 568 2390 et
585 2341 645 2412 per
667 2321 841 2392 ecclesias.
861 2319 982 2410 paucis
997 2341 1036 2388 ac
1056 2319 1158 2387 certis
1182 2317 1287 2385 comi-

63 2399 143 2482 nbos,
161 2407 316 2480 interdum
349 2431 418 2480 uno
443 2421 575 2480 tantum
605 2430 712 2510 puero
735 2420 928 2490 contentus,
959 2407 1158 2477 discurrens
1184 2405 1287 2475 nudis

59 2490 180 2576 pedibus,
196 2519 447 2586 nonnunquam
465 2499 566 2568 etiam
585 2499 698 2567 ctltcro
715 2496 758 2566 ad
774 2519 912 2568 carnem
931 2497 1086 2578 indutus,
1106 2497 1192 2566 flens
1210 2516 1287 2651 pro-

55 2577 173 2652 cedebat.
195 2591 229 2656 Et
252 2588 351 2657 diem
380 2586 520 2674 quidem
552 2587 585 2655 in
612 2586 838 2677 disponendis
862 2587 1004 2676 privatis
1040 2607 1101 2654 seu
1138 2583 1209 2674 pub
1225 2583 1287 2654 icis

55 2671 176 2757 negotiis,
197 2690 330 2748 noctem
358 2697 436 2745 vero
460 2686 563 2745 totam
585 2675 618 2744 in
648 2678 703 2746 Dei
726 2697 829 2764 opere
853 2672 1078 2764 expendebat.
1095 2678 1179 2744 llam
1206 2683 1288 2742 tunc

53 2761 257 2856 poenitentiam
279 2785 396 2854 agere,
415 2777 525 2834 errata
550 2765 717 2845 confiteri,
736 2763 922 2834 commissa
945 2762 1083 2844 deflere,
1101 2762 1144 2833 ob
1168 2782 1288 2852 corpo·

51 2843 113 2914 ralis
133 2870 257 2938 quoque
286 2852 418 2943 flagelli
443 2853 700 2943 castigationem
736 2852 909 2922 interioris
934 2873 1100 2942 personae
1126 2851 1289 2921 manibus

51 2945 141 3035 tantos
156 2939 297 3028 pontifex
318 2940 504 3010 bumiliare
527 2963 652 3012 senon
677 2942 827 3012 erubuit.
855 2941 958 3009 Multa
983 2941 1077 3010 illius
1103 2941 1137 3010 in
1159 2962 1226 3029 pau
1252 2961 1288 3008 e-

50 3041 98 3102 res,
115 3047 143 3095 tn
159 3031 366 3121 peregrinos,
387 3032 419 3099 in
438 3030 592 3110 clericos,
616 3032 649 3099 in
670 3031 857 3100 monachos
873 3029 1079 3118 benignitas,
1099 3030 1186 3098 mira
1202 2963 1288 3099 tibe-

49 3111 232 3187 ralitaserat.
252 3119 390 3190 Nullam
417 3119 506 3188 intra
529 3117 712 3189 dioecesim
738 3141 836 3188 suam
861 3119 1160 3208 congregationem
1188 3139 1287 3207 prae-

49 3203 177 3288 termisit,
192 3227 297 3294 quam
315 3229 383 3277 non
409 3219 468 3278 aut
492 3207 654 3298 praediis,
674 3219 733 3277 aut
753 3206 931 3288 aediliciis,
949 3219 1008 3275 aut
1024 3205 1207 3294 stipendiis
1224 3227 1288 3274 sua

49 3292 211 3374 specialiter
240 3297 425 3366 donatione
449 3308 586 3368 auctam
611 3297 678 3366 vita
702 3295 870 3366 decedens
908 3294 1094 3382 reliquerit.
1123 3299 1160 3362 In
1192 3291 1290 3383 judi-

47 3379 144 3449 randis
164 3385 277 3454 causis
302 3385 519 3455 subditorum
539 3405 600 3454 nec
623 3385 714 3465 odio,
733 3407 794 3454 nec
815 3385 925 3474 gratia
942 3383 1148 3474 cujusquam
1170 3403 1190 3450 a
1209 3403 1289 3450 vero

48 3465 263 3543 abducebatur:
292 3473 351 3542 sed
369 3495 504 3564 semper
528 3475 561 3542 in
588 3473 751 3543 omnibus
773 3475 980 3562 propositam
998 3469 1289 3541 indeclinabiliter

49 3573 167 3640 aqueus
188 3562 369 3649 aequitatis
386 3561 524 3643 lineam,
551 3562 594 3631 ad
619 3561 838 3632 evertendum
856 3562 1030 3651 judicium
1058 3581 1118 3628 nec
1134 3557 1289 3628 conside-

49 3641 122 3741 rabat
143 3670 319 3736 personam
346 3651 520 3741 pauperis,
542 3673 604 3720 nec
628 3651 818 3721 honorabat
842 3651 974 3720 vultum
1001 3647 1161 3739 potentis.
1181 3645 1289 3732 Cujus

17 3809 18 3812 Ἴ
51 3749 83 3797 ret
105 3734 255 3808 idoneum
281 3739 363 3810 satis
380 3752 413 3810 et
428 3739 567 3809 evidens
588 3740 794 3830 subjicimus
814 3737 1021 3827 exemplum.

63 3823 94 3914 ¹l
113 3828 154 3895 (l.
175 3829 241 3896 llex
266 3829 447 3909 Henricus,
465 3835 697 3899 Romanorum
725 3827 896 3917 patritius,
914 3837 1050 3915 sceptra
1073 3823 1203 3915 regalia
1219 3845 1291 3892 mo-

50 3907 133 4010 nbus,
152 3915 329 4003 prudentia
345 3928 378 3986 et
393 3916 503 4008 gloria
520 3917 678 4008 regaliter
693 3917 863 3996 obtinens,
883 3937 922 3984 ac
934 3915 1139 4002 justissimis
1156 3911 1291 4012 legibus

52 4005 100 4064 tam
121 4021 153 4069 m
175 4003 314 4086 divinis,
340 4027 443 4093 quam
468 4006 504 4074 in
534 4005 697 4075 humanis
726 4004 988 4083 administrans,
1008 4003 1055 4072 ita
1079 4024 1116 4071 se
1142 4014 1293 4071 exterius

54 4085 147 4187 agebat
171 4091 212 4160 ad
237 4094 429 4183 populum,
456 4107 494 4164 ut
517 4093 573 4163 sui
601 4105 710 4163 tamen
747 4115 817 4163 non
848 4091 1107 4163 oblivisceretur
1130 4090 1287 4159 interius.

56 4171 249 4277 lansrderans
263 4183 355 4252 enim
378 4182 460 4252 tanti
478 4181 630 4251 nominis
649 4181 861 4270 majestatem
880 4180 980 4271 longe
996 4180 1069 4250 suis
1087 4177 1291 4277 praecellere¹

60 4279 171 4347 nerins,
187 4290 365 4358 nunquam
381 4269 531 4360 insignia
547 4269 672 4359 regalia
689 4270 754 4340 sibi
770 4269 1002 4361 praesumpsit
1019 4270 1207 4357 imponere,
1223 4286 1292 4334 msc

61 4345 125 4420 clam
138 4356 356 4430 confessionis
373 4380 411 4428 ac
430 4358 667 4448 poenitentiae,
687 4360 866 4428 verberum
885 4357 1027 4448 insuper
1046 4355 1293 4431 satisfactione,
