2946 4798
37 277 104 342 nat.
129 279 168 343 27
364 299 403 346 on
427 301 455 345 s.
481 299 601 347 rosana
626 301 675 346 ar.
704 301 742 346 nr
765 301 920 348 araneae.
1174 287 1237 350 483

33 379 156 450 loannes
178 381 276 464 dicit,
304 388 391 452 Dens
414 383 564 452 charitas
580 395 628 452 ast
644 389 690 466 (ι.
711 389 809 454 Joan.
833 389 892 468 iv),
920 398 958 454 ut
980 385 1040 472 qui
1059 406 1119 475 per
1134 387 1282 457 charita-

35 483 85 537 tem
107 470 159 538 liei
184 471 288 540 Pilius
312 471 489 542 descendit
514 473 547 540 in
576 473 769 562 Virginem,
807 495 865 561 per
889 495 965 543 earn
1000 495 1062 543 nos
1086 475 1208 546 exaltet
1238 477 1279 546 ad

34 571 170 642 paternae
185 559 313 649 gloriae
336 560 539 642 claritatem,
566 562 626 646 qni
651 561 733 630 vivit
761 573 793 631 et
817 576 937 652 regnat
966 563 1000 630 in
1019 564 1182 636 Trinitate
1206 587 1281 656 per·

32 647 111 728 hate,
134 670 222 718 unns
237 663 270 719 ει
287 671 387 718 verus
414 655 512 730 Dans,
541 671 600 739 per
624 651 741 720 omnia
766 649 883 720 secula
900 651 1110 735 seculorum,
1136 658 1255 724 Amen.

308 973 490 1040 htusuan
518 973 634 1040 BEth
660 975 782 1039 PETRI
808 974 978 1042 Dhlllllll

499 1172 600 1220 sannio
624 1171 787 1220 SECUNDUS

146 1329 210 1406 oh
232 1329 428 1417 ,EODEM
464 1329 514 1408 S.·
540 1329 743 1408 JOANNE
780 1329 1142 1410 EVANGELISTA

65 1539 133 1624 §h
157 1539 369 1621 Gaudemns,
389 1540 510 1610 iratres
531 1541 721 1622 carissimi,
751 1541 929 1698 copiosum
957 1554 1092 1612 nostrae
1121 1542 1280 1614 fraterni-

31 1628 91 1694 tatis
112 1628 225 1699 adesse
242 1641 463 1710 conventum,
486 1629 567 1716 qnia
583 1629 667 1698 durn
686 1651 779 1700 nosa
831 1630 1032 1700 hodiernam
1049 1631 1278 1714 festivitatem,

31 1715 100 1784 beati
115 1720 254 1787 Joannis
277 1718 386 1808 gloria
411 1732 582 1807 provocat,
608 1719 710 1787 etiarn
733 1719 882 1808 Spiritus
900 1724 1058 1798 Sanctus,
1079 1732 1116 1789 nt
1142 1734 1209 1790 tarn
1228 1744 1281 1792 re-

31 1817 167 1886 verenter,
195 1821 265 1876 tam
293 1808 446 1897 pacifice,
475 1821 542 1878 tam
568 1807 686 1876 devote
710 1808 940 1889 conveniatiS,
969 1807 1206 1878 indubitanter
1229 1811 1280 1878 in-

32 1894 125 1976 spirat.
147 1895 296 1986 Dignum
322 1897 452 1986 quippe
468 1911 529 1978 est,
558 1909 594 1966 ut
618 1897 678 1983 qui
696 1918 716 1965 a
736 1897 868 1966 Christo
891 1919 971 1985 prac
995 1896 1129 1966 cunctis
1156 1913 1281 1968 morta·

33 1978 104 2052 libus
125 1985 318 2074 specialiter
341 1999 392 2054 est
415 1984 584 2067 dilectus,
619 2009 638 2054 a
666 1984 789 2056 Christi
816 1985 1041 2056 dilectoribus
1072 1987 1281 2074 permaxime
1315 2053 1321 2066 ‚

32 2067 180 2160 diligatur,
202 2075 403 2163 praesertim
422 2097 500 2144 curn
526 2075 651 2163 etipse
676 2075 769 2144 circa
802 2097 863 2146 nos
888 2087 1000 2144 tentae
1025 2073 1204 2144 charitatis
1223 2097 1280 2144 ex-

34 2158 121 2242 titerit,
146 2163 367 2233 utdivinitns
387 2163 452 2233 sibi
478 2162 612 2232 traditis
641 2163 830 2252 sapientiae
858 2177 890 2232 ει
918 2164 1081 2232 scientiae
1109 2163 1279 2244 clavibus,

35 2266 126 2320 onnes
148 2265 441 2322 sacramentorum
461 2252 657 2321 coelestium
677 2252 855 2323 thesauros
874 2252 1091 2342 expenderet,
1118 2265 1150 2322 et
1174 2265 1280 2322 aeter-

37 2340 170 2410 naeritae
189 2341 341 2418 divitias,
364 2361 450 2428 quas
481 2340 577 2410 solus
601 2355 798 2428 acceperat,
828 2341 1007 2411 nobiscum
1041 2340 1281 2442 participando

35 2419 196 2522 largiretur.
217 2443 250 2500 et
268 2429 592 2520 fidelitererogaret.
612 2429 699 2511 Quid
714 2430 805 2500 enim
825 2431 963 2500 divinae
974 2430 1161 2520 sapientiae
1177 2451 1280 2517 quae·

33 2533 76 2609 ιιι,
92 2519 173 2602 qnod
199 2519 293 2610 apud
319 2525 486 2588 loannem
515 2519 661 2608 reperire
687 2540 753 2588 non
780 2517 912 2608 possis?
928 2523 1021 2602 Quae
1050 2519 1141 2586 enim
1162 2519 1280 2588 haere·

32 2613 81 2670 nca
100 2608 251 2694 pravitas
273 2630 363 2696 quae
388 2608 512 2677 Ariana
538 2606 692 2696 perfidia,
719 2631 807 2696 quae
832 2609 1043 2678 ludaeorum
1077 2629 1201 2677 vesana
1226 2629 1280 2677 ca·

31 2687 149 2790 lamnia,
179 2719 269 2784 qnae
298 2695 478 2786 gentilium
504 2696 791 2786 Philosophorum
822 2698 992 2778 versutia,
1019 2717 1107 2784 quae
1131 2696 1280 2783 denique

29 2779 303 2856 schismaticorum
326 2786 557 2856 abominanda
584 2787 747 2866 scissura,
775 2784 862 2854 beati
887 2785 1030 2856 loannis
1048 2807 1116 2854 non
1136 2798 1187 2856 est
1210 2786 1279 2854 elo-

29 2869 93 2951 quio
106 2891 271 2962 superata,
300 2876 443 2964 ejusque
457 2875 623 2944 doctrinis
640 2873 814 2943 evidenter
830 2875 942 2944 attrita
954 2875 968 2940 l
982 2873 1013 2942 Si
1031 2874 1171 2962 quando
1186 2875 1277 2943 enim

29 2955 61 3023 ab
73 2959 211 3033 inimicis
226 2964 377 3034 veritatis
390 2963 602 3054 objiciuntur
616 2963 716 3032 nobis
728 2962 904 3034 volumina
916 2965 1172 3051 quaestionum,
1187 2963 1280 3033 illico

28 3047 153 3120 loannes
177 3053 308 3122 accedit
325 3053 356 3121 in
381 3053 546 3132 medium,
568 3059 719 3122 loannes
746 3053 905 3134 occurrit,
927 3058 1078 3122 ioannes
1100 3053 1277 3122 silentium

30 3137 158 3232 verbosis
181 3142 339 3231 imponit.
358 3143 496 3224 Quoties
521 3139 691 3228 siquidem
711 3141 753 3210 de
783 3163 860 3211 vera
889 3141 1105 3211 humanitate
1136 3165 1175 3212 ac
1192 3141 1280 3210 divi-

31 3235 114 3295 nitate
135 3229 255 3300 Christi
277 3243 446 3301 certamen
466 3231 677 3317 quaestionis
694 3231 860 3310 oboritur,
879 3251 967 3318 qnae
989 3229 1147 3300 videlieet
1167 3232 1279 3300 omni-

30 3307 80 3380 bns
99 3319 185 3404 pacis
210 3319 362 3390 inimicis
382 3321 578 3389 communis
597 3331 648 3390 est
673 3320 815 3389 materia
839 3318 1041 3399 dimicandi,
1062 3320 1220 3408 protinus
1235 3318 1278 3387 ad

30 3401 150 3497 loannis
168 3408 390 3500 Evangelium
408 3410 570 3489 curritur,
589 3410 733 3479 Joannis
746 3409 781 3476 in
799 3429 915 3499 pugna
928 3407 1158 3496 patrocinium
1173 3428 1279 3496 quae-

32 3498 223 3572 deocisis
242 3520 318 3567 mox
340 3510 465 3567 cuncta
482 3497 623 3588 litigiosi
648 3497 848 3567 certaminis
873 3497 991 3586 jurgia
1011 3496 1276 3582 conquiescunt.

31 3577 100 3654 huid
122 3583 224 3674 igitur
261 3587 492 3658 necessarium
519 3587 552 3655 in
579 3586 767 3666 doctrinis,
800 3586 891 3672 quod
924 3587 1069 3654 loannis
1101 3584 1279 3655 volumina

33 3683 221 3744 sacrosancta
246 3698 312 3745 non
340 3678 500 3746 teneant?
524 3675 611 3758 Quid
647 3677 680 3744 in
707 3675 911 3754 virtutibus,
938 3674 1020 3761 qnid
1059 3675 1094 3741 in
1125 3673 1278 3753 meritis,

33 3771 84 3834 luo
100 3759 312 3834 beatissimus
338 3764 653 3854 incomparabiliter
678 3785 744 3832 non
770 3763 938 3833 excellat?
961 3761 1142 3920 Apostolus
1172 3761 1280 3848 siqni-

33 3837 91 3911 dem
114 3849 145 3917 in
166 3853 336 3942 Epistolis,
367 3852 581 3942 Evangelista
608 3854 642 3922 in
669 3853 864 3940 Evangelio,
896 3857 983 3941 Prop
1011 3852 1122 3921 atain
1153 3856 1280 3938 Apoca-

35 3924 114 4017 lipsi.
133 3942 314 4031 Propheta,
343 3943 505 4030 inquam,
537 3956 570 4010 ει
596 3963 662 4011 non
695 3941 971 4031 qualiscumque,
1000 3940 1057 4010 scd
1084 3938 1278 4038 mirabilis,

36 4029 115 4104 ttque
128 4027 167 4096 ad
184 4031 447 4102 similitudinem
466 4031 619 4112 alterius,
639 4044 670 4099 et
693 4030 877 4118 plusquam
897 4029 1076 4119 Propheta.
1099 4034 1181 4100 Nam
1199 4048 1281 4114 quia

39 4105 193 4196 Prophetae
217 4119 367 4191 officinm
393 4133 455 4202 est,
476 4119 591 4189 lutura
617 4120 826 4208 praedicere,
863 4139 929 4187 non
954 4118 1055 4188 etiam
1088 4117 1281 4208 praesentia

40 4187 260 4289 demonstrare,
286 4209 407 4280 beatus
430 4216 582 4280 loannes
605 4209 755 4298 Baptista
783 4207 911 4276 idcirco
936 4207 1079 4278 caeteris
1104 4206 1280 4297 Prophetis

41 4283 145 4383 nituit,
170 4297 248 4382 qnia
271 4299 451 4369 Dominum
477 4297 598 4388 digito,
621 4319 722 4386 quem
746 4297 982 4386 prophetabat,
1007 4297 1166 4366 ostendit.
1188 4300 1281 4364 Nnn-

42 4375 102 4451 llll
128 4395 156 4452 et
179 4385 241 4456 iste
268 4391 417 4457 Joannes
446 4386 631 4478 plusquam
662 4386 830 4476 Propheta
862 4407 927 4455 non
958 4398 1025 4467 est,
1056 4385 1115 4474 qui
1150 4397 1283 4476 praeter
