2994 4832
81 301 166 368 itt-5
357 327 396 374 nn
421 329 447 374 s.
476 327 634 374 batratano
659 329 707 374 nr.
736 328 774 374 ar
798 328 894 374 arar.
1160 314 1215 377 ibi

163 407 215 481 too
229 425 362 482 monstro
382 413 515 482 attoniti
533 412 665 482 erudeli
686 413 789 482 caede
806 412 983 481 madentes

163 501 298 584 Agnovere
315 505 432 582 Deum,
452 501 655 588 veniamque
672 502 886 570 immanibus
906 502 1001 571 ausis

160 589 269 659 Orontes
283 611 397 660 verum
418 591 567 660 tenebris
585 591 730 661 hausere
746 589 886 680 fugatis,

159 677 255 772 Omnia
270 699 351 765 quae
368 680 402 747 in
422 700 605 747 nnmerum
627 701 794 748 memores
811 678 933 748 altaria
949 679 1079 750 nircum
1153 682 1158 693 '

160 764 290 834 breimus.
309 769 369 837 Hie
392 768 522 848 nullus,
541 769 600 855 qui
624 789 689 838 non
712 768 797 836 mihi
816 768 983 846 succinat,
1000 767 1083 835 ordo
1100 781 1161 845 est,

158 851 236 920 Nulla
250 857 307 924 tuis
322 879 410 944 quae
429 879 495 925 non
513 856 623 925 titulis
644 856 821 945 indulgeat
836 870 940 925 aetas.

156 943 257 1030 Nempe
270 945 324 1014 tibi
341 946 473 1034 primos
492 946 601 1034 pueri,
623 946 814 1030 mixtaeque
832 944 966 1032 puellae

157 1033 269 1118 Semper
284 1057 355 1104 vere
372 1035 493 1124 legunt
511 1035 623 1114 dores,
640 1048 672 1104 et
696 1057 794 1104 cerea
810 1048 916 1103 eantu

157 1119 355 1217 bonaferunu
380 1124 552 1208 variisque
571 1135 715 1192 onerant
739 1125 858 1191 altaria
885 1123 1024 1212 i'rt'rgum

156 1208 289 1279 Prrmitiis
304 1212 344 1280 de
364 1233 468 1288 more,
488 1212 563 1292 viri,
593 1226 798 1298 matresque,
825 1233 967 1280 suornm

156 1297 233 1382 Ipsae
246 1301 339 1368 etiam
362 1300 422 1369 tibi
441 1299 523 1368 dant
539 1321 683 1388 operum
702 1302 860 1369 testantia
877 1299 1028 1368 fructum

154 1387 277 1468 ¹tionem,
296 1389 504 1478 bombycum
522 1387 632 1466 folles,
655 1387 786 1476 linique
809 1389 980 1476 maniplos

155 1473 265 1556 brodia
283 1477 469 1565 albumque
483 1477 584 1547 oculo
602 1479 759 1568 nigrante
779 1477 950 1548 sasellum.

155 1564 191 1629 br
205 1565 309 1654 popuii
330 1587 493 1655 praesens
510 1579 585 1636 vota
601 1567 702 1637 audis
721 1567 782 1636 rite
803 1580 954 1646 vocatus,

156 1653 317 1740 bertisquo
334 1656 402 1724 tuis
418 1655 579 1745 precibus
599 1657 689 1725 mala
708 1655 857 1746 piurima
876 1655 980 1745 genti,

157 1741 316 1834 tbnedians
333 1745 434 1814 nobis
455 1767 611 1814 aversum
630 1746 776 1814 crimine
794 1757 910 1814 nostro

155 1829 309 1901 ortasium
328 1839 468 1923 Regem,
484 1846 517 1902 et
536 1833 780 1921 quodnamque
798 1832 934 1922 piacula
954 1831 1055 1921 pubis

154 1917 286 2000 iniecere,
309 1936 366 1993 tuo
385 1936 423 1993 tu
447 1922 554 1991 diluis
572 1923 645 2010 ipse
665 1922 790 2001 favore,

153 2008 180 2074 u
195 2019 253 2091 tna,
272 2032 339 2097 qua
356 2011 504 2080 muitum
525 2011 642 2099 podes,
667 2033 728 2081 nos
746 2011 855 2110 gratia
872 2022 994 2078 servat.

155 2097 224 2166 itone
240 2121 314 2168 vero
331 2102 361 2169 si
378 2113 514 2169 nostrae
530 2121 684 2186 unquam
711 2100 775 2169 sart
795 2098 865 2169 ulia
882 2097 1005 2167 salutis

157 2186 300 2268 tiranni,
319 2201 379 2258 aut
399 2189 507 2257 nostri
523 2189 553 2257 si
570 2201 601 2258 te
618 2209 751 2258 movere
772 2188 918 2266 iabores,

158 2274 232 2356 ione,
252 2299 272 2347 o
293 2298 398 2357 nune,
422 2290 528 2366 pater,
548 2277 689 2360 auxilie,
707 2298 802 2346 nune
820 2295 961 2344 munere
978 2275 1089 2355 nobis,

158 2363 285 2454 triopus
302 2365 392 2435 aime
409 2379 479 2445 tuo,
500 2366 602 2436 tantis
622 2387 763 2435 occurre
785 2363 933 2455 periclis,

156 2451 218 2529 Oete
233 2455 369 2536 nostris,
389 2455 457 2524 nisi
475 2454 575 2544 puisa
595 2468 696 2533 vetes,
718 2455 911 2524 cervicibus
930 2453 1069 2522 instant.

151 2539 266 2638 intense
283 2549 391 2633 Reges
408 2543 543 2612 adversi
558 2543 648 2612 bella
667 2544 862 2621 lacessunt;

150 2629 239 2700 briitis
258 2633 327 2720 ipsi
345 2635 465 2722 inopes
482 2653 543 2702 nos
561 2653 696 2720 semper
713 2631 962 2720 praetereuntis

150 2719 251 2788 Praeda
268 2743 415 2806 snmus;
441 2735 574 2790 nostros
595 2743 720 2790 manus
736 2735 787 2790 est
805 2732 944 2790 externa
963 2718 1106 2789 labores.

148 2803 267 2904 Adspice
284 2831 356 2890 nos,
373 2825 406 2879 et
427 2821 517 2879 tanta
537 2810 604 2878 tuis
623 2809 806 2898 dispendia
824 2807 924 2966 pelle.

152 2895 234 2966 tram
255 2897 390 2987 inopem
410 2911 525 2972 nostro
545 2897 644 2967 liceat
662 2898 804 2968 tolerare
838 2898 953 2978 abore,

147 2983 301 3081 solarique
321 2985 459 3068 samem,
479 3008 669 3075 parvasque
689 2987 834 3057 educere
852 2999 960 3055 natos.

146 3073 171 3136 St
185 3075 257 3159 quid
278 3085 450 3164 praeterea
471 3077 503 3144 in
529 3077 654 3146 nostris
671 3075 856 3156 fraudisve,
876 3075 988 3144 dolive
1004 3084 1066 3150 est,

147 3163 262 3252 corrige
283 3177 331 3244 tn,
348 3175 381 3233 et
398 3163 572 3234 meliorem
593 3164 749 3234 animum
769 3186 868 3254 prece
888 3162 1008 3233 suffice
1025 3163 1128 3250 genti.

145 3249 196 3346 dos
209 3249 296 3322 furto
317 3253 403 3321 nibil
422 3253 589 3322 internos
609 3275 794 3343 carpamus
810 3253 902 3322 avari

145 3338 223 3408 btres
237 3342 384 3429 quisque
401 3363 487 3423 suo;
517 3356 653 3430 pateant
675 3354 868 3428 noctesque,
891 3340 1034 3427 diesque

146 3427 266 3498 Praedia
284 3444 400 3501 nostra
416 3454 425 3512 ;
450 3431 576 3501 domus
601 3430 696 3500 nullo
712 3430 853 3500 custode
871 3430 1007 3499 relictae

145 3515 244 3586 Nudos
260 3531 428 3589 nonturno
449 3531 603 3589 metuant
620 3541 730 3606 neque
750 3533 902 3608 tempore
921 3517 1025 3588 sures.

145 3605 201 3689 Ipsi
211 3607 282 3695 jam
299 3607 424 3678 animis
445 3609 514 3678 sint
532 3607 594 3677 tuti
611 3609 789 3678 arentibus
809 3608 895 3701 agri.

146 3694 303 3782 Prataque,
321 3696 505 3782 silvaeque,
524 3709 557 3766 et
579 3696 678 3786 pictis
697 3698 808 3766 'vineta
829 3695 1009 3766 racemis·

145 3782 320 3873 surripiant
338 3807 397 3855 nea
411 3786 506 3872 justa
525 3783 615 3853 avidi
638 3784 718 3874 pius
735 3798 829 3876 parte
849 3784 975 3854 coloni.

145 3873 396 3960 issueseantque
412 3875 496 3944 satis
513 3873 732 3944 dominorum
751 3874 909 3942 inhibere
928 3872 1101 3949 'uveneos

38 4015 40 4048 ᾗ
145 3959 253 4045 Sponte
272 3983 331 4030 sua
352 3977 469 4052 pactos
488 3983 549 4030 neo
570 3984 653 4052 agro
669 3961 862 4031 subducere
880 3983 922 4032 su
937 3981 1007 4028 eos
