2960 4824
211 251 273 316 324
549 270 586 348 og
610 270 637 316 s.
665 267 757 316 nucu
783 269 865 314 vinu.
895 269 930 315 nr
955 265 1049 314 nain.
1274 249 1348 311 itEC.
1372 249 1405 310 43

165 354 248 424 haec
272 354 363 422 enim
390 354 544 443 corporis
570 367 736 422 tormenta
762 365 841 424 sunt
865 352 994 442 gandia
1017 353 1084 421 tuis
1109 351 1227 420 servis.
1259 349 1404 430 liiserere,

166 442 319 524 Domine,
346 443 482 510 animae
500 465 604 523 meae,
623 464 712 528 quae
736 441 799 511 init
816 443 996 529 inquinata
1015 443 1120 530 hujus
1138 439 1222 508 vitae
1245 439 1407 508 affectioni·

166 532 241 614 bus,
261 545 293 600 ei
316 553 390 600 eam
419 553 540 621 puram
566 533 727 620 suscipe:
758 531 922 618 quoniam
947 553 984 599 cs
1007 529 1207 599 benedictus
1236 529 1268 597 in
1298 526 1406 608 secula,

167 625 283 690 Amen.
301 641 320 686 n

209 711 227 796 ἓ
250 712 331 780 88.
354 711 444 777 Haec
461 730 540 777 cnm
566 708 640 797 ipse
663 721 752 778 esset
784 719 953 798 precatus,
968 707 1041 797 jam
1066 705 1211 776 accensa
1237 706 1362 775 iomace
1385 717 1411 773 ct

166 796 263 867 valde
289 797 441 877 ardente,
471 796 557 866 iacto
582 797 698 867 Crucis
723 797 844 867 Christi
876 797 986 886 signo,
1017 796 1051 864 in
1077 817 1152 865 eam
1178 809 1228 864 est
1257 796 1412 886 ingressus

165 898 303 954 sanctus
324 886 527 964 Eustratius
549 885 700 975 psallens
717 899 749 956 et
772 885 907 955 dicens:
930 907 948 952 <v
969 885 1109 954 Domine
1131 884 1211 954 lesu
1229 885 1358 963 Christe,
1381 883 1410 949 in

166 995 291 1043 manus
307 987 383 1043 tuas
403 974 608 1044 commendo
626 975 786 1064 spiritum
806 995 937 1044 meum:
956 986 1022 1042 vet
1035 973 1085 1042 sic
1100 994 1179 1042 cum
1196 995 1279 1074 pace
1293 970 1412 1042 tradidit

165 1083 268 1132 suum
290 1063 462 1151 spiritum,
482 1085 559 1133 cum
579 1085 620 1134 ne
637 1063 714 1152 ejus
728 1061 868 1151 quidem
896 1061 1004 1152 pilum
1032 1062 1122 1152 ignis
1148 1063 1320 1152 tetigisset.
1340 1065 1411 1128 Con-

165 1165 360 1221 summains
377 1163 489 1222 antem
510 1151 575 1221 luit
592 1167 731 1222 sancius
749 1152 942 1222 Eustratius
957 1150 1204 1220 tertiodecimo
1225 1149 1410 1220 Decembris.

166 1240 411 1310 Sanctissivnns
436 1262 512 1310 vero
537 1241 727 1331 Episcopus
749 1239 894 1320 Biasius,
912 1261 990 1308 cum
1009 1241 1123 1310 Sancti
1146 1241 1330 1329 accepisset
1349 1237 1413 1306 reli·
1470 1273 1471 1314 3

164 1328 276 1414 quies,
296 1350 422 1416 easque
442 1352 523 1398 cum
552 1331 661 1399 sancti
687 1329 814 1399 Orestis
845 1328 1000 1415 reliquiis
1027 1330 1290 1419 composuisset,
1306 1349 1342 1396 ea
1363 1328 1413 1394 im·
1469 1381 1470 1384 η

167 1416 280 1506 piavit,
299 1439 387 1504 quae
411 1418 477 1506 ipsi
505 1419 666 1488 mandata
682 1417 819 1487 fuerant
843 1418 876 1486 in
904 1430 1104 1487 testamento
1124 1419 1236 1487 sancti
1253 1415 1411 1486 Eustraiii:

165 1505 397 1594 glorificantes
424 1512 568 1588 Patrem,
595 1521 627 1576 et
648 1507 784 1588 Filium,
802 1518 834 1576 et
858 1511 1018 1576 Sanctum
1045 1506 1230 1596 Spiritum:
1252 1507 1308 1576 cui
1324 1502 1415 1595 gioria

164 1595 362 1685 inpotentia
389 1617 480 1666 nunc
504 1608 536 1666 et
560 1616 707 1686 semper,
726 1607 758 1664 et
775 1596 809 1664 in
831 1593 946 1665 secula
965 1595 1172 1676 seculorum,
1196 1599 1300 1664 lmen
1316 1593 1341 1660 ⁴.

301 1932 541 2037 nisibin
576 1935 616 2035 S.
651 1932 839 2036 LilCiAil
875 1933 1012 2036 iiiiii.
1048 1933 1109 2034 iii
1143 1933 1302 2036 iiiiii.

452 2176 492 2223 UT
516 2175 661 2224 iiiiiiE'i'Ull
685 2176 716 2224 iii
743 2175 951 2232 Punnnitobis
980 2177 1050 2224 tiss.
1077 2175 1148 2224 cot).
1456 2190 1466 2436 Ι

358 2282 473 2338 ouibus
497 2283 722 2339 nitrionissiun
745 2282 986 2331 tinuiinoiotiin
1014 2282 1243 2331 consiliiiwitn.

304 2493 307 2498 ι
374 2459 533 2526 martyrii
553 2473 713 2517 cononem
734 2461 865 2530 accepit
884 2461 1227 2530 monendomum.

206 2660 223 2746 ἓ
241 2664 276 2730 i.
293 2663 375 2727 Cum
400 2679 457 2747 per
471 2660 665 2728 universam
681 2659 892 2750 provinciam
910 2659 1045 2729 Siciliae
1061 2659 1282 2729 beatissimae
1291 2654 1420 2750 igatbac
1474 2661 1475 2666 ’

166 2746 257 2815 lama
282 2747 453 2828 crevisset,
481 2760 512 2816 et
538 2751 776 2838 Syracusanus
812 2748 962 2838 populns
991 2771 1051 2837 per
1074 2747 1180 2816 miliia
1196 2769 1317 2904 (prope
1338 2744 1420 2832 quin·
1458 2740 1464 2801 i

163 2835 328 2922 quaginta
354 2833 395 2904 ad
415 2837 533 2904 urbem
560 2836 801 2906 Catanensium
820 2837 973 2906 sitienter
998 2850 1152 2926 pergeret
1175 2859 1194 2904 a
1238 2834 1419 2927 sepulcrum

164 2929 196 2990 S.
219 2923 366 3012 ignibae
383 2925 525 3027 virginis
551 2926 797 3006 venerandum,
825 2925 967 3015 contigit
985 2928 1122 2996 Luciam
1153 2925 1322 3015 virginem
1339 2941 1420 3017 vene·

164 3011 318 3092 rabilem,
347 3013 599 3082 nobilissimam
631 3018 924 3104 Syracusanorum
943 3013 990 3095 **,
1009 3013 1113 3082 simul
1138 3034 1294 3104 pergere.
1312 3011 1420 3082 iestivv-
1458 3020 1463 3079 i

163 3099 241 3169 tatis
259 3101 368 3190 gratia
393 3103 568 3182 invitante,
595 3125 674 3171 cum
709 3115 814 3171 vnatre
835 3103 1013 3192 Eutychia,
1044 3123 1132 3189 qnae
1164 3103 1270 3172 annis
1292 3114 1422 3190 quatuor
1460 3136 1463 3145 ·

163 3189 294 3259 linium
321 3190 502 3279 sanguinis
519 3191 722 3279 patiebatur,
738 3205 770 3261 et
789 3190 884 3262 nulio
905 3189 1114 3260 medicorum
1137 3205 1267 3279 poterat
1289 3185 1421 3260 remedio
1458 3200 1475 3280 ξἐ

162 3277 313 3347 liberari.
342 3279 449 3369 igitur
472 3279 555 3349 dum
576 3281 805 3370 processionis
821 3281 983 3369 mysteria
999 3282 1200 3370 agebantur,
1230 3281 1315 3350 baec
1331 3283 1421 3348 Evan-
1460 3279 1475 3372 ³]

161 3367 241 3458 gelli
261 3366 358 3437 lectio
382 3366 612 3450 iuitrecitata,
639 3389 705 3455 qua
732 3368 857 3457 legitur
884 3367 1020 3439 fimbria
1047 3368 1239 3438 vestimenti
1268 3366 1420 3438 muliera
1459 3370 1475 3452 '2

163 3457 343 3548 sanguinis
360 3457 455 3525 iinxu
474 3455 628 3527 liberata.
649 3461 687 3526 Et
703 3456 787 3528 dum
807 3457 889 3526 baec
907 3456 1006 3527 lectio
1021 3455 1193 3538 recitatur,
1213 3455 1301 3527 dixit
1325 3459 1355 3525 S.
1370 3457 1422 3521 Lu·

161 3545 211 3613 cia
233 3545 331 3614 matri
352 3567 435 3616 suae
451 3568 457 3612 :
476 3568 494 3611 «
514 3547 545 3615 Si
567 3543 691 3625 credis,
711 3560 830 3628 mater,
848 3545 903 3615 his
923 3567 1011 3633 quae
1032 3543 1205 3635 leguntur,
1226 3545 1328 3616 crede
1349 3545 1420 3638 iga-
1474 3553 1475 3610 3

162 3633 240 3702 ibeo
281 3656 417 3724 passam
444 3655 505 3723 pro
533 3635 655 3704 Cbristi
684 3636 821 3704 nomine
847 3635 910 3704 boc
941 3633 1130 3716 meruisse,
1157 3647 1196 3704 ut
1229 3653 1362 3725 semper
1391 3647 1417 3696 ¹ss
1458 3634 1462 3647 '

164 3724 356 3810 praesentia
371 3722 494 3794 habeat
517 3744 610 3804 enm,
632 3744 693 3813 pro
707 3725 807 3812 qu'us
828 3721 967 3793 nomine
982 3745 1082 3814 passa
1097 3736 1158 3792 est.
1178 3725 1421 3813 Contingeergo
1465 3731 1475 3806 Q

162 3811 360 3900 sepulcrum
386 3812 461 3902 ejus
478 3811 632 3893 credens,
653 3824 685 3881 et
706 3811 955 3885 liberaberis.»

180 4008 200 4098 1¹⁸
215 4009 284 4048 'rente
302 4009 411 4053 Bononio.
428 4009 512 4050 horum
528 4010 658 4058 uaris-rum
675 4017 755 4050 sacrae
772 4007 875 4052 exuviae,
891 4009 1017 4054 Romaiu
1028 4008 1115 4058 templo
1126 4009 1147 4048 S.
1160 4003 1420 4059 npoiiimris,reiigio=r.

161 4071 180 4099 αι
192 4064 325 4101 servantur.

188 4115 215 4140 ”¹
230 4115 371 4162 Syracusae,
387 4115 444 4156 urbs
459 4115 552 4156 Siclliae
568 4117 625 4156 olim
644 4110 855 4166 praestantissima,
870 4126 882 4154 n
897 4115 1001 4158 Graecis.
1011 4125 1074 4155 anno
1084 4115 1129 4160 iob,
1139 4117 1194 4155 nnte
1205 4111 1293 4154 Christi
1302 4111 1415 4152 &venium

160 4167 262 4206 virunnis
277 4169 386 4217 Quinque
401 4166 508 4218 partibus
523 4167 644 4209 distinctis
659 4169 794 4212 consistam
805 4178 903 4217 enmono
916 4171 999 4214 bottulo
1009 4167 1127 4218 oppidani.
1136 4171 1163 4208 nt
1172 4161 1420 4212 isrtur,innnbiubnnt

162 4217 242 4259 verina
257 4220 365 4260 tortuosa
380 4219 522 4262 mittationen
537 4233 608 4271 possa
621 4227 669 4266 ειη
683 4223 784 4268 danaum,
798 4231 860 4261 nuno
871 4224 909 4262 212
921 4225 976 4262 unte
986 4221 1113 4268 Christum.
1126 4222 1266 4265 nidore-ello.
1276 4220 1419 4268 domnorum

160 4275 226 4317 duce.
239 4275 307 4322 onptn
322 4276 392 4322 atque
407 4272 431 4314 in
446 4276 603 4315 Romnnornm
619 4273 733 4314 ditionem
749 4277 771 4313 ot
789 4274 914 4324 imperium
928 4275 1024 4315 redacto
1036 4275 1197 4316 tolumnius
1208 4273 1353 4328 omniaiiitur
1363 4265 1418 4322 urbo

160 4325 267 4374 potentin
280 4323 374 4366 decidit.
389 4331 455 4368 Anno
469 4337 539 4376 porro
554 4329 613 4374 1vnv,
625 4329 691 4370 dirus
706 4332 861 4369 terraemotus
873 4338 925 4368 enm
935 4339 994 4378 pone
1004 4329 1100 4370 omuino
1110 4327 1203 4369 evertit.
1216 4327 1283 4370 ninin
1294 4325 1336 4368 dri
1346 4319 1417 4366 lucitli

160 4379 290 4426 syracusis
299 4377 407 4432 nornine,
417 4381 530 4422 nimirum
540 4381 687 4428 Theocritus,
698 4377 856 4430 Archimeden,
865 4378 960 4424 Flavini
971 4379 1095 4434 vopiscus,
1105 4385 1150 4425 etc.
