2972 4826
246 291 309 357 att
563 309 602 356 nu
625 311 652 356 s.
680 309 813 356 nunnus
840 309 921 356 vino.
949 311 985 357 ar
1010 313 1103 360 naar.

502 394 612 464 Crinis
636 393 764 464 odorus
786 409 818 464 et
843 397 875 463 in
905 397 1041 486 iugulos

458 483 626 562 Fluxerat,
645 482 829 553 involitans
848 483 1015 566 humeris,

456 577 529 654 Quo
548 570 752 660 pudibunda
769 571 947 660 pudicitia,

456 662 705 752 Virgineusque
728 659 847 729 lotdret
867 662 988 742 honos,

454 749 620 840 Tegmine
645 749 781 818 verticis
805 752 976 840 opposito.

500 846 649 916 Flamma
675 867 822 936 crepans
847 847 935 917 volat
956 850 991 918 in
1018 847 1155 930 faciem,

455 941 584 1023 Perque
601 955 719 1005 comas
736 949 900 1028 vegetata,
919 951 1025 1038 caput

454 1027 616 1112 Occupat,
636 1039 885 1114 exsuperatque
910 1049 1066 1116 apicem:

456 1114 555 1204 Virgo
575 1111 680 1182 citum
698 1114 844 1202 cupiens
860 1115 1006 1196 obitum,

453 1202 598 1291 Appetit,
616 1215 648 1270 et
671 1200 759 1272 bibit
782 1225 839 1272 ore
864 1225 1000 1293 rogum.

498 1300 628 1368 Emicat
651 1297 731 1367 inde
755 1299 915 1370 columba
934 1299 951 1336 ⁴*
971 1323 1108 1391 repens,

453 1387 610 1478 llartyris
635 1409 672 1457 os
698 1387 775 1457 nive
798 1389 980 1459 candidior

453 1478 531 1547 Visa
555 1477 759 1562 relinquere,
778 1489 810 1546 et
834 1489 926 1547 astra
950 1479 1070 1568 sequi:

454 1565 602 1656 Spiritus
627 1565 681 1634 bic
705 1577 778 1634 erat
801 1566 955 1636 Eulaliae

454 1654 642 1733 Lacteolus,
660 1653 760 1734 celer,
781 1655 964 1726 innocuus.

498 1750 590 1822 Colla
614 1750 737 1832 lluunt,
756 1751 903 1821 abeunte
927 1753 1055 1832 anima,

452 1845 491 1910 Et
514 1862 551 1909 ro
578 1863 619 1910 us
647 1839 770 1929 igneus
789 1843 976 1922 emoritur;

453 1935 519 1999 Pax
567 1941 645 1997 atur
665 1931 811 1998 artubus
830 1931 1013 2010 exanimis

453 2017 569 2088 Elatus
593 2018 627 2086 in
653 2017 788 2086 aethere
815 2017 946 2107 plaudit
970 2039 1089 2096 ovans,

453 2106 660 2195 Templaque
680 2105 770 2177 celsa
798 2107 879 2195 petit
902 2107 1051 2177 volucer.

499 2203 587 2272 Vidit
605 2215 638 2272 et
662 2203 672 2271 i
700 2224 736 2272 se
759 2203 894 2274 satelles
918 2219 1017 2275 avem·

454 2293 633 2361 Eoeminae
657 2225 700 2360 ab
723 2313 782 2361 ore
808 2315 919 2362 meare
941 2293 1076 2384 palam;

453 2379 716 2482 Obstupelaotus
732 2393 765 2450 et
780 2381 946 2452 attonitus

454 2467 600 2550 Prosilit,
618 2481 650 2538 et
674 2491 737 2540 sua
761 2483 855 2560 gesta
881 2470 980 2562 fugit,

454 2559 565 2627 Lictor
586 2569 618 2627 et
642 2559 715 2648 ipse
739 2557 826 2648 sugit
854 2559 1009 2648 pavidus.

497 2659 581 2725 Ecce
604 2653 715 2724 nivem
741 2655 898 2744 glacialis
915 2656 1037 2746 hyems

453 2745 593 2834 Ingerit,
610 2755 643 2813 et
666 2745 748 2834 tegit
771 2766 872 2814 omne
897 2744 1031 2815 lorum:

453 2832 603 2902 llembra
624 2833 705 2922 tegit
722 2833 827 2902 simul
852 2833 1017 2913 Eulaliae,

452 2927 517 2991 llxc
528 2922 679 3022 jacentia
698 2921 764 2990 sub
780 2921 906 3012 gelido,

452 3009 584 3080 Pallioli
611 3009 681 3079 vice
707 3009 851 3080 linteoli.

496 3107 597 3178 Cedat
620 3129 717 3177 amor
741 3106 993 3196 lacrymantum
1019 3108 1213 3190 bominum,

451 3197 516 3279 Qui
538 3196 711 3267 celebrare
728 3219 891 3286 suprema
907 3198 1029 3277 solent,

452 3285 577 3356 Flebile
596 3284 695 3354 cedat
717 3299 749 3354 ct
771 3285 943 3355 ollrcium:

451 3379 529 3462 lpse
552 3374 732 3455 clementa,
750 3375 896 3474 jubente
917 3379 994 3458 lleo,

451 3463 616 3551 Exequias
637 3463 709 3544 tibi,
731 3463 984 3552 rugosarum.

494 3575 590 3642 llunc
615 3569 711 3639 locus
735 3571 881 3638 Emerita
907 3583 957 3640 est
983 3569 1115 3639 tumulo

450 3659 546 3729 Clara
566 3659 700 3729 colonia
724 3659 903 3728 vectoniae
926 3659 972 3726 ”z

451 3753 559 3831 Quam
585 3747 819 3817 memorabilis
843 3748 957 3819 amnis
981 3754 1049 3816 lna

449 3837 623 3918 Praeterit,
642 3850 674 3906 et
694 3837 862 3906 viridante
883 3858 988 3994 rapax

450 3927 589 4015 Gurgite
614 3926 748 3995 moenia
774 3926 892 4013 pulcra
933 3939 1021 3994 avat.

1069 3745 1121 3782 aaa

223 4265 235 4290 ¹*
250 4263 326 4312 Helua
335 4263 457 4304 columbae
467 4263 573 4302 meminit
582 4261 678 4302 bliaaale
690 4263 819 4300 Gothicum.

223 4317 248 4343 ¹·
263 4317 375 4356 Vettones
386 4317 420 4356 alc
432 4315 488 4354 oltra
498 4315 554 4354 dtcti
564 4317 644 4364 popnlt
654 4317 715 4355 tutor
728 4316 824 4355 bornam
836 4320 858 4354 et
869 4315 957 4363 'ragam
978 4313 1051 4354 Eodla
1063 4321 1118 4362 para
1128 4315 1164 4353 eat
1174 4313 1366 4362 Extremam,
1376 4319 1399 4356 et
1407 4323 1457 4363 pars

197 4369 330 4417 provlnotaa
339 4369 450 4416 Laglonla
459 4367 613 4416 nuncupatae.

227 4421 265 4449 ⁸¹⁸
281 4421 355 4471 Vulso
368 4419 493 4461 Minna.
