2954 4816
6 277 72 340 llEd.
92 277 131 340 25
399 296 437 342 aa
468 296 495 342 s.
524 295 663 342 uuoama
688 295 832 342 unnrrnu
1142 279 1206 342 t37

6 377 109 448 lncicns
129 377 325 469 iudignum,
345 389 477 466 atquae
497 379 612 458 etiam,
643 381 702 465 qui
722 393 804 448 suot
828 378 910 449 vilcs
926 391 960 448 et
982 378 1119 466 abjecti,
1140 379 1250 450 lacere

6 467 232 556 dedignantur?
246 489 370 554 aquam
397 480 532 557 eputeo
548 467 726 547 effodiens,
745 467 889 538 domum
915 489 1064 549 verrens,
1086 469 1249 540 manibus

6 555 75 646 ligna
95 554 270 645 frangens,
299 569 331 626 et
358 556 424 627 alia
446 557 575 636 omnia,
601 579 690 644 quae
714 568 795 626 sunt
817 556 973 637 minima,
994 555 1176 647 diligenter
1194 557 1211 626 l
1230 597 1246 608 -

6 645 170 714 riensadeo
187 656 226 714 ut
241 646 342 714 etiam
361 667 434 714 esse
460 647 636 715 'cultorem
661 645 817 715 lubenter
841 647 1036 726 sustineret,
1066 661 1244 736 propterea

6 733 70 818 ruod
95 749 276 823 praecepto
295 736 425 823 pareret
464 734 700 806 ubeutissime.

32 827 136 907 §16-
164 827 248 892 Cum
282 824 330 891 sic
358 845 439 912 ergo
463 824 645 911 insigniter
667 823 876 893 exercuisset
903 823 1191 904 moderationem,
1219 836 1251 893 et

10 911 242 980 nPracsectura
267 933 386 982 rursus
411 912 691 996 resplenduisset,
715 911 893 982 insistebat
911 913 1013 981 etiarn
1037 913 1071 980 in
1090 914 1143 980 via
1160 935 1252 998 quae

6 999 76 1069 lucit
97 999 136 1068 ad
162 1005 288 1068 Deum:
308 999 348 1070 ad
371 1003 542 1070 anteriora
558 999 711 1087 quidem,
728 1014 766 1070 ut
786 1001 926 1069 divinus
944 1001 1027 1070 dicit
1052 1001 1192 1080 Paulus,
1216 1025 1253 1069 se

6 1088 181 1168 utendens,
214 1109 333 1158 eorum
359 1101 486 1170 autern,
513 1111 601 1176 quae
630 1102 717 1159 retro
751 1102 859 1170 eraut,
886 1088 1091 1160 obliviscens
1113 1103 1250 1179 propter

8 1191 167 1264 nomptam
201 1189 235 1246 et
265 1177 412 1247 alacrem
437 1179 682 1268 operationem.
713 1184 817 1265 atque
841 1200 945 1264 quam
976 1177 1084 1248 multa
1107 1179 1248 1265 quidem

6 1263 98 1333 fecerit
119 1267 297 1346 miracula,
332 1289 470 1338 narrare
495 1279 546 1338 est
569 1267 711 1336 alterius
743 1268 907 1355 temporis
933 1277 965 1336 et
992 1267 1129 1356 operis,
1155 1267 1246 1354 qrtod

6 1355 163 1441 proprium
177 1354 331 1444 postulat
352 1355 478 1425 otium:
508 1356 655 1426 maxime
671 1378 749 1424 cum
802 1376 837 1424 ro
866 1368 915 1425 ter
934 1357 1121 1425 satietatem
1140 1357 1248 1425 oratio

6 1443 64 1509 <net
79 1443 315 1531 prolixitatem.
333 1444 428 1527 Quod
446 1465 523 1514 vero
539 1459 571 1514 et
590 1445 686 1514 dictu
708 1457 759 1513 est
773 1377 884 1528 llerle,
902 1456 934 1513 et
952 1446 1009 1514 cui
1033 1466 1249 1532 consequens

6 1530 116 1600 aronis
132 1533 302 1622 martyrii,
320 1546 353 1602 et
372 1533 606 1604 babetseriem
621 1547 885 1619 consequentem
905 1534 958 1612 iis,
974 1555 1061 1619 quae
1082 1533 1246 1620 deinceps

6 1634 177 1704 sequuntur,
210 1622 276 1691 hoc
299 1621 373 1723 'jam
399 1622 544 1692 dicetur.
569 1627 645 1692 Erat
670 1622 891 1693 Alexandrlac
914 1621 1082 1708 quaedam
1110 1623 1245 1702 mulier,

7 1709 115 1779 romine
145 1710 359 1791 Melanthia,
387 1733 475 1798 quae
503 1710 681 1780 facultates
711 1711 850 1798 quidem
886 1710 1033 1780 babebat
1062 1711 1248 1780 multorum

6 1797 192 1880 aleatorum,
226 1800 282 1868 Dei
302 1811 416 1868 autem
444 1800 576 1869 timoris
592 1813 625 1868 ct
649 1800 784 1870 virtutis
799 1812 871 1868 erat
889 1801 1000 1888 inops.
1024 1803 1066 1868 Ea
1087 1822 1167 1867 curn
1185 1801 1249 1868 ali-

6 1887 113 1968 pando
127 1909 146 1956 a
162 1888 333 1958 diuturno
348 1900 380 1959 et
396 1889 490 1977 gravi
509 1889 627 1959 morbo
643 1901 778 1977 arrepta
795 1900 883 1958 esset
900 1889 988 1978 (erat
1004 1885 1247 1962 enim'borror,

6 1989 99 2070 tuarto
120 1999 262 2068 quoque
283 1976 339 2045 die
362 1976 568 2067 accedens),
599 1977 656 2046 ubi
687 1977 778 2046 lama
807 1978 848 2046 ad
874 1999 948 2046 eam
982 1977 1145 2066 pervasit,
1177 1997 1251 2044 esse

6 2083 91 2132 nrum
113 2065 300 2153 quemdam
321 2066 459 2135 nomine
482 2066 620 2154 quidem
641 2067 847 2155 Eugenium,
866 2067 933 2135 vita
953 2077 1065 2134 autem
1087 2065 1252 2134 omnibus

6 2151 236 2246 trltroirandum,
262 2153 322 2241 qui
346 2153 446 2224 facile
465 2155 564 2224 solvit
589 2157 726 2224 morbos
751 2154 920 2234 difficiles,
948 2155 1060 2224 statim
1087 2153 1250 2223 omnibus

6 2237 221 2325 alrisomissis‚
257 2243 404 2312 maxima
430 2242 601 2314 celeritate
629 2245 719 2312 venit
746 2243 788 2312 ad
816 2243 1075 2321 monasterium,
1095 2255 1126 2310 ct
1148 2241 1249 2310 vebe-

6 2342 112 2424 menter
132 2345 231 2424 rogat
251 2344 289 2401 ul
308 2332 471 2403 liberetur
490 2355 508 2402 a
526 2332 625 2421 plaga
646 2355 734 2418 quae
757 2341 831 2400 eain
853 2332 986 2421 premit.
1015 2329 1249 2400 Misericordia

6 2427 97 2505 itaqua
112 2435 265 2490 movetur
280 2421 442 2510 Eugenia,
469 2433 501 2490 et
516 2443 595 2490 cum
620 2442 693 2490 eam
721 2435 838 2490 sancto
853 2421 927 2491 oleo
942 2421 1069 2490 sanctis
1091 2421 1246 2489 unxisset

6 2507 149 2601 matribus,
203 2509 340 2579 rotinus
356 2509 459 2578 ellicit
483 2521 521 2578 ut
537 2521 670 2578 evomat
691 2511 865 2580 materiam
895 2510 1004 2578 morbi
1030 2508 1247 2578 allicientem.

6 2595 102 2690 licque
124 2533 310 2668 llellrnthia
331 2619 415 2687 pure
431 2609 615 2668 consecuta
636 2599 829 2678 sanitatem,
849 2599 963 2667 valens
980 2598 1119 2684 quidem
1139 2617 1250 2665 rever·

6 2691 82 2752 ntur:
98 2687 183 2757 venit
199 2699 316 2756 autem
334 2686 375 2756 ad
393 2687 578 2774 quemdam
592 2708 632 2756 ex
648 2689 721 2756 suis
737 2687 839 2776 agris,
857 2687 915 2774 qui
933 2688 1034 2756 etiam
1051 2698 1123 2754 erat
1143 2706 1248 2776 prope

6 2775 237 2855 norrastcrium,
263 2787 296 2844 et
320 2795 387 2843 uon
409 2774 516 2845 multo
533 2787 608 2865 post
629 2788 790 2864 tempore,
810 2798 888 2846 cum
907 2797 947 2843 ex
969 2774 1088 2865 pulcro
1105 2788 1138 2842 et
1160 2795 1247 2863 puro

6 2875 118 3014 trgcnto
135 2867 197 2934 tria
222 2885 304 2934 vasa
322 2863 534 2944 confecisset,
561 2885 599 2933 ea
626 2865 728 2934 mittit
754 2863 796 2932 ad
823 2865 1024 2954 Eugenium,
1049 2863 1248 2933 nronasterii

6 2965 31 3014 ne
53 2951 59 3016 i
78 2955 241 3023 oratoriae
263 2975 301 3022 ca
326 2953 416 3022 dona
440 2953 605 3022 dedicans
627 2975 686 3041 pro
733 2953 897 3022 rariorum
918 2953 1062 3021 actione.
1083 2957 1165 3022 Cum
1184 2974 1247 3022 au-

6 3044 54 3102 tam
78 3063 201 3112 munus
226 3041 380 3111 oblatum
408 3063 474 3111 nou
500 2976 860 3130 admittererlbtccbat
877 3041 969 3112 enim
998 3063 1063 3109 non
1083 3063 1157 3110 esse
1178 3064 1250 3109 mo-

6 3126 102 3196 nacbis
117 3130 248 3200 utilem.
266 3151 375 3218 neque
390 3131 649 3200 convenientem
667 3131 797 3219 argenti
814 3129 1078 3219 possessionem,
1095 3128 1153 3198 sed
1171 3151 1246 3198 eam

6 3229 61 3280 esse
83 3217 306 3299 vendendam,
325 3231 357 3288 et
373 3241 442 3307 pau
468 3219 587 3288 eribus¹
601 3219 888 3300 distribuendam,
911 3231 969 3287 aut
984 3217 1025 3288 iis
1040 3220 1098 3302 qui
1119 3217 1248 3304 alioqui

6 3305 225 3388 opprimuntur
242 3241 622 3395 ponderedelitorum)‚
640 3307 711 3395 ipsa
730 3330 809 3378 cum
830 3308 975 3378 venisset
988 3307 1030 3376 ad
1045 3307 1246 3396 Eugeniam,

6 3393 115 3488 etquid
139 3417 205 3464 noo
224 3396 376 3476 dixisset,
396 3406 456 3465 aut
475 3395 609 3464 lecisset
625 3396 666 3465 ad
691 3396 992 3486 persuadendum?
1014 3395 1196 3485 persuadet
1213 3407 1250 3463 ut

6 3481 124 3566 accipiat
147 3495 340 3575 argentum,
367 3498 399 3553 et
423 3497 566 3574 reponat
590 3485 624 3554 in
652 3485 778 3575 templo
803 3485 1013 3554 dedicatum.

38 3568 130 3650 ist.
156 3575 234 3643 Fuit
252 3588 365 3642 autcm
394 3575 502 3663 pietas
520 3574 656 3644 occasio
687 3574 899 3664 impietatis,
925 3587 957 3643 et
982 3593 1097 3642 verum
1123 3585 1174 3642 est
1202 3570 1249 3649 id,

8 3655 76 3734 quod
91 3659 168 3730 olim
187 3662 316 3731 dictum
337 3673 400 3744 est,
416 3684 483 3732 non
500 3683 575 3733 esse
590 3662 698 3732 ullam
718 3685 786 3732 rein
803 3664 901 3733 alteri
918 3676 985 3732 tam
995 3661 1247 3820 dpropinquam,

8 3759 86 3890 guam
111 3751 266 3819 virtutem
294 3751 391 3821 vitio:
418 3763 450 3822 et
475 3773 575 3840 saepe
600 3751 726 3838 aliquis
739 3752 837 3839 juxta
852 3774 927 3822 cam
954 3773 992 3819 va
1019 3771 1093 3826 ans,
1115 3750 1249 3838 impru-

27 3849 73 3899 cns
94 3836 283 3928 ingreditur
306 3862 339 3908 m
366 3841 591 3910 contrarium.
623 3841 718 3924 Quod
746 3843 847 3910 ctiam
878 3838 1002 3910 accidit
1033 3837 1248 3908 Melanthiaa.

13 3915 124 3992 llrtutis
155 3928 247 3998 enim
284 3927 427 4000 lortassc
464 3929 669 3999 mediocrem
700 3951 819 3999 curam
845 3950 988 4019 gerens,
1015 3926 1248 4016 imprudens,

12 4010 144 4100 quoniam
163 4030 310 4086 mentem
332 4038 398 4086 non
417 4017 587 4096 adlribuit,
610 4015 653 4086 ad
674 4040 846 4088 summam
865 4018 1013 4088 deducta
1038 4017 1101 4086 luit
1122 4016 1252 4105 impro-

14 4087 133 4186 lttatem.
154 4104 228 4174 lam
249 4106 341 4175 enim
362 4106 480 4178 effecta
504 4106 697 4189 familiaris,
717 4130 796 4177 curn
816 4107 859 4175 ad
875 4129 951 4178 eam
969 4106 1033 4176 iret
1049 4104 1201 4184 assidue,
1220 4117 1254 4171 et

16 4195 99 4254 vnum
116 4191 239 4264 videret
255 4195 368 4294 specie
380 4195 556 4283 juvenem,
575 4209 607 4265 et
627 4195 712 4266 lacie
727 4195 930 4278 formosum,
953 4217 1027 4264 eam
1045 4193 1139 4264 subit
1155 4215 1252 4262 autor

18 4284 199 4373 letlinquam
224 4282 363 4370 quidem
388 4284 584 4356 illiberalis:
611 4297 643 4354 ct
666 4284 832 4376 paulatim
851 4283 1113 4356 demulcebatur
1131 4283 1206 4371 ejus
1221 4295 1256 4352 et

17 4349 212 4441 deliciabatur
233 4372 392 4444 animus:
419 4373 544 4446 deinde
567 4373 670 4444 etiam
695 4372 793 4442 valde
817 4375 1082 4455 accendebatur,
1102 4384 1140 4444 ut
1163 4393 1252 4463 quae
