2954 4816
41 248 114 314 DCC.
138 249 178 314 25
422 267 462 314 ne
486 267 515 314 s.
540 264 716 316 tnasrxsm
740 268 885 314 ιιιιιιιιιιι
1181 249 1246 314 409

39 348 116 437 quod
139 349 308 441 singulari
331 362 364 420 at
387 351 653 441 incomparabili
680 351 781 421 modo
814 350 951 442 genitus
979 350 1035 420 sit.
1072 355 1155 421 llam
1182 351 1212 420 si
1237 373 1291 421 ve-

38 460 101 508 mm
125 439 236 510 dicere
259 439 433 520 volumus,
459 441 626 509 Dominus
650 441 725 531 ipse
748 440 949 531 unigenitus
973 459 1051 509 vere
1080 451 1131 509 est
1157 461 1197 508 ex
1227 443 1290 510 Pa-

39 539 88 597 tre.
112 528 208 598 Solus
231 529 324 599 enim
342 549 381 598 ex
397 529 468 615 solo
485 529 560 598 sine
576 529 747 619 principio
766 529 904 619 genitus
918 539 980 598 est.
998 527 1093 598 Idem
1108 528 1288 608 Dominus,

36 631 63 684 et
83 617 290 708 unigenitae,
316 630 348 688 ει
372 617 643 708 primogenitus:
671 618 871 706 unigenitus
895 639 934 686 ex
959 622 1067 697 Patre,
1087 615 1291 707 unigenitus

33 727 67 774 ει
88 711 206 788 llatre,
233 719 373 797 propter
404 706 673 796 dispensationis
708 707 907 776 terminum.
934 705 1043 775 Habet
1066 704 1125 775 ille
1147 705 1289 792 quidem

35 793 147 869 multos
169 794 291 865 iratres
317 817 383 866 non
410 809 544 876 natura,
571 795 629 865 sed
655 794 776 884 gratia,
799 808 831 865 ct
854 796 889 864 in
907 794 1057 884 Virgine,
1076 793 1159 863 etin
1177 799 1286 864 Patre.

34 887 66 950 bt
87 884 118 951 in
136 885 383 956 resurrectione
399 885 502 954 habet
518 883 639 954 iratres
655 885 820 954 Dominus
834 883 943 954 lesus.
963 884 1026 953 Sed
1047 883 1188 971 quinam
1209 897 1291 952 sunt

33 971 106 1039 isti?
125 977 206 1042 inte
221 993 342 1043 omnes
364 973 504 1043 inerunt
523 973 633 1042 sancti
657 972 818 1063 Apostoli,
837 971 966 1060 quibus
990 973 1074 1042 dixit
1098 971 1286 1042 Dominus:

35 1059 115 1128 lado
134 1061 176 1130 ad
203 1073 334 1152 patrem
350 1083 477 1140 meum,
495 1073 528 1131 et
544 1075 674 1151 patrem
694 1075 857 1132 vestrum.
884 1061 955 1151 Ipsi
971 1062 1060 1130 Patri
1085 1059 1188 1132 simul
1209 1081 1287 1130 cum

33 1148 120 1304 fiilio,
142 1163 173 1219 et
195 1163 315 1220 sancto
331 1171 370 1220 ac
387 1150 579 1220 vivificante
595 1151 736 1240 Spiritu,
756 1151 800 1220 sit
816 1148 924 1241 gloria
940 1149 975 1219 in
992 1163 1130 1220 aeterna
1155 1147 1281 1252 secula,

60 1259 140 1306 man.

259 1550 569 1654 ittttti'ittttlt
602 1551 646 1656 S.
684 1549 1005 1654 ilististtt
1042 1545 1054 1571 '

61 1808 190 1856 aceronti
214 1805 351 1856 sititotitt
375 1810 611 1868 attrahebant,
638 1809 678 1855 UT
703 1805 850 1855 cinctuti
873 1807 990 1865 QUINTO
1014 1807 1096 1855 totto
1121 1809 1254 1856 storstt.

268 2006 472 2074 Martyrium
493 2005 600 2062 subiit
621 2019 710 2064 anno
732 2007 799 2062 304
814 2035 852 2046 -
873 2007 1036 2062 Romano.

65 2217 131 2300 §¹-
156 2215 347 2293 Anastasia,
371 2215 555 2286 mulierum
601 2215 824 2298 ulcherrima‚
843 2214 990 2306 inclytae
1000 2213 1139 2304 quidem
1160 2219 1287 2283 Romae

29 2315 87 2371 crat
110 2317 207 2373 nata:
234 2304 369 2394 generis
393 2317 506 2375 autem
533 2239 717 2394 sphndore
740 2318 773 2375 et
795 2305 949 2394 corporis
969 2302 1229 2461 (pulcritudine,
1255 2315 1288 2373 ct

28 2392 148 2462 animae
178 2392 377 2473 nobilitate,
410 2407 443 2462 et
473 2414 607 2463 morum
640 2394 815 2463 honestate
845 2407 877 2462 ει
911 2415 966 2463 mo
993 2393 1143 2462 eratione
1168 2411 1287 2462 ornnes

26 2480 184 2564 vincebat,
201 2495 235 2550 et
250 2480 357 2551 labris
381 2481 536 2551 omnium
563 2482 762 2552 canebatur.
787 2487 913 2551 litarat
936 2480 1076 2570 quidem
1101 2477 1284 2569 cujusdam

23 2568 75 2637 riri
99 2571 300 2640 Praetextati
318 2569 410 2640 iilia:
436 2570 624 2658 aquodam
649 2583 776 2649 antem,
798 2571 937 2640 nomine
962 2570 1193 2660 Chrysogono,
1221 2568 1285 2638 init

24 2657 51 2723 in
71 2659 174 2728 rebus
198 2659 324 2728 divinis
347 2658 517 2742 instituta,
545 2661 602 2729 cui
626 2660 727 2729 etiam
758 2657 822 2729 suit
849 2671 966 2748 postea
993 2671 1097 2749 caput
1127 2669 1286 2727 ornatum

23 2749 140 2817 corona
166 2748 335 2837 martyrii,
368 2749 458 2818 sicut
487 2749 589 2818 etiam
614 2748 805 2839 procedens
835 2747 1024 2818 declarabit
1048 2747 1179 2827 oratio,
1205 2767 1284 2816 cnm

24 2835 145 2924 impius
163 2835 394 2907 Diocletianus
409 2842 564 2908 Romana
579 2850 715 2926 sceptra
732 2850 813 2907 tunc
831 2849 971 2907 teneret.

57 2925 73 3012 ἓ
95 2930 139 2995 2.
164 2928 247 2994 Cum
271 2946 352 3026 ergo
369 2925 461 3015 apud
480 2927 740 3016 Chrysogonum
761 2926 939 2997 Anastasia
963 2923 1083 2994 falsam
1103 2923 1285 3016 gentilium

21 3013 212 3108 opinionem
231 3014 343 3083 verbis
367 3015 554 3085 luculentis
577 3014 729 3095 eluisset,
752 3035 831 3084 eum
857 3015 920 3102 qui
942 3034 1019 3082 rere
1042 3025 1093 3082 est
1110 3017 1208 3093 Deus,
1227 3033 1287 3102 pro

19 3099 54 3170 ris
76 3104 136 3188 qni
162 3101 334 3183 videntur,
361 3105 549 3194 cognoscit.
570 3107 608 3174 itt
626 3125 719 3173 nnnc
736 3103 876 3192 quidem
896 3123 963 3172 non
985 3101 1091 3170 libere
1108 3101 1287 3192 profitetur

19 3189 195 3274 pietatem:
221 3213 242 3260 a
266 3201 361 3280 patre
384 3213 462 3262 vero
480 3191 530 3261 vel
558 3191 663 3261 invita
683 3193 717 3260 in
737 3191 996 3262 matrimonium
1021 3190 1100 3260 data
1118 3191 1285 3278 virogcn·

20 3277 72 3359 tili,
91 3279 235 3350 nominc
252 3279 384 3362 Publio,
406 3293 562 3359 conante,
582 3294 620 3353 ιιι
639 3280 779 3362 dicitur,
808 3280 952 3350 miscere
976 3301 1016 3348 ea
1039 3299 1127 3366 qnae
1148 3277 1285 3349 misceri

20 3379 206 3454 nequeunt,
233 3366 294 3438 illa
322 3371 444 3459 partim
470 3368 612 3456 quidem
637 3369 781 3440 omnino
804 3369 871 3439 sibi
904 3367 1084 3437 vindicans
1108 3367 1285 3456 virginita-

20 3463 89 3538 tem,
109 3459 240 3548 partim
265 3469 379 3528 autem
401 3458 591 3528 abhorrens
606 3457 682 3546 ejus
698 3457 914 3548 religionem,
933 3479 974 3526 ne
991 3478 1070 3526 cum
1088 3453 1283 3544 ecquidem

20 3547 153 3615 omnino
171 3545 371 3617 cohabitare
392 3547 427 3616 in
452 3547 608 3616 animum
634 3546 787 3616 induxit:
806 3545 864 3616 sed
891 3558 929 3616 nt
948 3567 1034 3634 pnra
1052 3545 1094 3615 ad
1113 3543 1284 3614 Christum

21 3635 200 3714 accederet,
230 3646 262 3703 et
289 3634 426 3704 nullum
456 3655 496 3705 ex
524 3635 600 3726 ejus
627 3635 818 3725 praeceptis
847 3634 1048 3736 despiceret,
1075 3633 1136 3703 din
1164 3645 1285 3702 noctu·

21 3739 77 3874 gne
99 3723 286 3804 meditare,
308 3723 447 3802 adeum
472 3744 609 3792 omnem
635 3723 759 3794 direxit
781 3724 1036 3814 cogitationem.
1055 3727 1184 3793 Vestem
1210 3722 1286 3808 qui-

42 3830 89 3879 em
104 3824 197 3882 certe
222 3832 325 3900 saepe
345 3825 494 3893 mutans,
521 3825 554 3882 et
577 3812 635 3881 rili
662 3833 723 3903 pro
742 3811 924 3903 splendida
946 3833 983 3881 se
1007 3813 1167 3892 induens,
1195 3824 1227 3882 et
1250 3833 1286 3880 se

44 3957 127 3997 'Dnae
140 3958 242 3998 ruerunt
255 3957 401 4004 Anastasius,
414 3965 515 4006 quarum
531 3954 617 4002 senior.
631 3955 711 3998 Sirmii
726 3967 796 4007 passa
809 3943 956 4002 dicitur.'dub
967 3957 1091 3998 Valeriano
1101 3956 1253 4008 Imperatore.
1263 3958 1287 4016 et

24 4006 163 4052 sclaomirus
177 4013 230 4052 crat
246 4009 458 4059 Constantinopoli.
473 4011 507 4052 Dc
521 4019 548 4051 aa
557 4013 635 4060 agitur
645 4012 728 4060 quinto
737 4012 788 4052 Kal.
799 4008 940 4052 novembris.
950 4009 1035 4052 iunior
1044 4013 1112 4060 enine
1121 4012 1207 4052 testum
1216 4009 1287 4050 bodie

26 4060 149 4113 alebatur.
158 4061 275 4112 martyrio
285 4067 398 4104 coronata
407 4067 444 4105 est
454 4065 599 4114 temporibus
608 4061 759 4110 Diocletiano
769 4073 845 4114 caque
853 4065 940 4104 Romae
949 4066 1000 4105 ersi
1010 4065 1116 4110 celebris,
1125 4065 1286 4114 templumque

28 4113 86 4156 traina
98 4118 190 4158 nomini
204 4115 310 4159 dicatum
324 4115 377 4163 init,
390 4115 430 4156 ubl
445 4117 534 4157 Srrmmt
550 4117 682 4164 Pontifices,
691 4119 716 4157 in
726 4120 795 4158 nocta
805 4115 941 4157 iiativtiatia
951 4117 1043 4158 Domini
1052 4117 1178 4158 secundam
1188 4115 1283 4157 Missam

29 4165 167 4211 “annnam
181 4171 294 4212 nonanti
309 4172 387 4212 autem
404 4173 461 4210 nunt
476 4171 584 4217 lectores,
600 4171 629 4210 dc
646 4171 755 4220 utrisque
771 4171 901 4212 Anastasius
918 4169 1053 4222 contigisse.
1062 4173 1089 4211 nt
1099 4171 1129 4211 ob
1137 4180 1284 4212 communem

30 4223 105 4282 leucu,
119 4221 212 4265 incurii
226 4225 334 4274 quadam.
348 4227 404 4264 Acta
414 4225 586 4265 communicata
600 4223 672 4273 atqua
690 4223 762 4266 simul
778 4221 1017 4270 contusavideantur,
1027 4229 1053 4265 nt
1062 4225 1124 4273 qnod
1133 4225 1232 4264 atterius
1242 4226 1286 4270 est.

31 4267 83 4312 iiten
95 4277 226 4322 tributura
237 4285 323 4318 ronna
333 4277 464 4328 apocrypha
473 4280 595 4326 quasdam,
605 4278 677 4318 immo
688 4277 749 4318 talea
758 4278 852 4318 omnino
860 4278 918 4318 terri
928 4287 956 4319 ex
965 4278 1069 4319 anilibus
1079 4275 1165 4320 tabuiis
1176 4279 1286 4326 congesta

33 4319 54 4359 ²⁶
66 4335 135 4370 sancta
148 4331 282 4376 Διιειιιιιιιιι,
297 4331 359 4380 quod
373 4327 508 4372 inter-merit
521 4329 671 4374 sanctissimo
686 4328 790 4380 Virginis
805 4332 937 4382 puerperio,
946 4341 973 4372 eo
983 4333 1046 4381 qnod
1055 4328 1146 4373 scilicet
1156 4332 1237 4372 eadem
1246 4332 1284 4372 die

34 4372 56 4410 ὗε
64 4385 280 4425 excommucatis
290 4383 315 4423 in
325 4383 429 4426 Ecclesia
438 4384 487 4427 dat.
498 4403 524 4414 -
533 4385 565 4425 Ex
576 4385 670 4427 Barontt
682 4385 746 4424 Natta
755 4383 786 4424 ad
796 4385 862 4426 Rom.
871 4385 992 4434 biartyroi.
1002 4385 1044 4425 irae
1054 4385 1098 4426 dte.
