2946 4798
218 273 282 337 teo
533 290 572 336 nr.
597 290 624 337 s.
650 287 771 336 roenna
795 289 845 335 nr.
872 289 910 336 nr
933 287 1088 335 evenant..
1287 267 1358 332 nat.
1377 267 1406 328 at
1469 257 1470 344 Ϊ

174 395 240 443 non
263 373 503 463 obstupescat?
527 374 612 456 Quia
642 373 733 442 enim
762 372 967 443 mirabiliter
989 373 1083 454 vixit,
1111 371 1306 442 mirabiliter
1324 369 1406 440 obiit:
1469 397 1470 448 t

173 476 205 531 et
228 463 309 550 quia
335 479 402 533 non
429 483 649 534 communem
675 484 754 532 oum
780 463 982 534 hominibus
1001 463 1103 532 vitam
1121 461 1229 541 duxit,
1258 481 1318 529 non
1339 479 1408 527 con·
1469 485 1470 492 ¹

174 551 272 622 muni
297 552 478 621 hominum
511 565 619 622 morte
650 551 819 621 transivit.
848 558 955 632 llam,
983 564 1021 621 ut
1048 551 1211 620 historiae
1245 548 1407 619 continent.
1469 595 1470 598 ,

171 641 377 726 quadratam
396 641 429 709 in
451 640 595 711 ecclesia
621 639 750 710 lnream
768 639 841 710 lieri
863 641 973 718 ussit,
995 662 1140 731 moxque
1156 640 1190 708 in
1208 661 1281 708 eam
1300 637 1407 706 descen·

172 729 280 809 dens,
307 731 454 801 extensis
482 731 666 810 manibus,
696 742 771 817 post
796 750 858 819 pro
874 731 929 799 ixa
952 728 1049 799 susac
1072 729 1238 799 orationis
1258 727 1348 796 verba
1367 725 1409 794 ni·
1469 767 1470 790 2

172 820 294 906 gravit.
319 824 391 887 llox
416 833 529 888 autem
548 831 641 888 tanta
667 839 872 908 supereum
900 817 958 887 lux
982 818 1127 888 coelitus
1143 831 1195 888 est
1214 817 1365 886 immissa.
1385 825 1409 880 nt

173 906 293 976 nullus
316 929 391 975 eam
417 907 517 977 terret
540 908 737 996 adspectus.
764 907 985 978 Postmodum
1013 928 1090 978 vero
1114 909 1254 976 inventa
1276 919 1323 974 est
1343 903 1406 973 lovea
1469 967 1470 972 ,

175 995 260 1064 nihil
281 995 374 1064 aliud
401 996 435 1064 in
461 1017 497 1064 se
521 999 723 1076 continens,
752 997 817 1068 nisi
843 1017 992 1075 manna,
1018 995 1111 1083 quod
1147 995 1323 1072 videlicet,
1349 993 1406 1061 sient
1469 1037 1470 1041 η

172 1085 310 1166 dicitur,
338 1105 448 1172 usquc
471 1084 573 1154 hodie
597 1086 763 1154 scaturire
782 1107 848 1155 non
866 1085 1003 1154 desinit.
1024 1087 1079 1156 Sic
1101 1085 1281 1164 nimirum,
1305 1083 1356 1163 sic,
1373 1081 1406 1148 sic
1469 1125 1470 1148 t

172 1172 335 1243 dilectum
354 1175 484 1243 auctori
508 1176 593 1244 vitae
613 1174 826 1264 Discipulum
843 1175 990 1244 transire
1007 1173 1050 1244 de
1069 1173 1187 1244 seculo
1204 1173 1343 1264 dignum
1357 1170 1409 1267 luit.
1469 1207 1470 1244 1

172 1274 209 1331 ut
227 1273 293 1330 tam
314 1261 408 1332 lieret
421 1285 439 1332 a
453 1263 569 1332 dolore
589 1263 706 1333 mortis
723 1275 916 1349 extraneus,
934 1285 1038 1350 quam
1057 1286 1077 1332 a
1093 1263 1314 1353 corruptione
1329 1277 1413 1330 carnis
1469 1282 1470 1308 ÷

170 1349 281 1420 luerat
305 1351 451 1422 alienus.
479 1358 517 1422 ln
538 1352 717 1443 sepultura
734 1353 767 1422 in
786 1354 901 1421 Crucis
920 1351 1059 1422 modum
1082 1353 1198 1441 jacere
1221 1351 1333 1428 voluit,
1355 1347 1412 1434 qnia
1469 1349 1470 1413 j

172 1443 313 1508 Crucem
347 1440 380 1508 in
414 1463 477 1511 suo
506 1463 647 1531 corpore
681 1441 735 1530 pie
768 1441 912 1510 vivendo
939 1462 1075 1530 semper
1108 1442 1276 1530 portarit;
1302 1451 1330 1508 et
1352 1438 1414 1504 sient

171 1533 291 1598 Petrus
310 1529 512 1620 magistrum
531 1543 669 1600 secutus
684 1544 734 1600 cst
750 1553 768 1598 a
786 1530 1063 1620 persecutoribus
1079 1530 1282 1612 crucifixus,
1302 1529 1343 1598 ita
1356 1547 1413 1612 qun·

172 1616 358 1686 dammodo
382 1631 413 1686 et
437 1625 587 1688 loannes
612 1620 645 1687 in
673 1619 910 1689 Ecclesiastico
930 1639 1012 1708 pace
1033 1619 1204 1708 sepultus.
1469 1681 1470 1684 ,

216 1707 235 1792 ἓ
257 1711 295 1778 2.
319 1707 382 1776 Sed
402 1707 566 1777 Dominus
585 1709 671 1777 inter
685 1729 743 1779 eos
759 1709 843 1778 forte
857 1708 1087 1777 diversitatem
1106 1707 1238 1788 docuit,
1259 1729 1334 1776 cum
1348 1710 1413 1774 Petro
1469 1737 1470 1774 1

173 1793 278 1864 dixit:
304 1797 359 1864 St'e
383 1821 458 1865 eum
482 1801 555 1866 volo
580 1819 722 1876 monere,
752 1799 851 1868 doner
875 1800 1019 1866 veniam.
1052 1798 1137 1880 Ouid
1164 1799 1211 1866 od
1240 1797 1297 1866 tc?
1329 1800 1364 1864 Tn
1383 1810 1414 1857 nt

171 1905 308 1973 sequere
326 1884 438 1974 (loon.
465 1885 544 1973 xxi).
572 1887 635 1969 Qui
660 1887 751 1954 enim
772 1891 907 1955 Petrum
928 1885 1032 1954 voluit
1057 1907 1174 1955 secum
1199 1887 1234 1954 in
1251 1885 1358 1955 crucis
1377 1901 1415 1970 pa·
1469 1923 1470 1928 .

173 1973 282 2042 tibulo
306 1973 545 2064 triumphare,
575 1976 648 2064 ipse
672 1975 820 2043 decrevit
843 1980 1010 2044 loannem
1040 1976 1073 2042 in
1099 1974 1337 2044 Ecclesiastico
1361 1987 1415 2058 part
1469 2013 1470 2018 .

172 2064 364 2147 quiescere;
384 2076 553 2150 quatenus
568 2078 600 2133 et
619 2063 674 2132 ille
688 2063 859 2135 subeundi
877 2064 1032 2152 martyrii
1047 2065 1227 2153 praeberet
1243 2059 1414 2150 exemplum

171 2163 202 2218 et
229 2152 290 2219 iste
306 2163 417 2220 erecta
434 2174 537 2242 supra
563 2152 826 2224 fundamentum
855 2151 931 2221 srdei
960 2153 1129 2222 Ecclesiae
1146 2152 1293 2229 lubrica,
1313 2149 1416 2238 quietus
1469 2175 1470 2180 .

173 2239 336 2330 migraret
366 2240 407 2309 ad
438 2241 585 2310 coelum.
613 2241 672 2311 llle
702 2243 871 2312 secuturis
905 2241 1115 2331 martyribus
1143 2241 1212 2310 luit
1240 2236 1416 2310 constantie

173 2326 294 2411 forma,
323 2329 385 2397 iste
411 2330 540 2400 noviter
561 2332 593 2399 in
617 2330 683 2399 fide
702 2331 862 2420 plantatis
881 2331 990 2399 extitit
1008 2351 1142 2400 morum
1161 2343 1269 2417 atque
1286 2330 1416 2397 rirtntnn

172 2416 405 2516 spiritualium
435 2418 632 2508 disciplina.
659 2423 714 2490 Sir
739 2443 814 2489 oum
843 2423 915 2488 volo
940 2420 1192 2489 moneredonec
1218 2422 1357 2489 veniam.
1378 2417 1418 2476 lt·
1469 2445 1470 2474 1

172 2526 278 2588 nram,
307 2507 428 2594 inquit,
452 2519 489 2576 ut
508 2529 587 2578 cum
616 2508 753 2578 vineato
769 2509 884 2576 carnis
909 2508 1098 2578 absolvam.
1124 2509 1283 2586 Veniam,
1309 2518 1345 2576 ut
1363 2521 1416 2571 eunt
1469 2559 1470 2574 .

168 2593 214 2662 ad
232 2593 360 2684 gloriae
380 2618 472 2665 meae
493 2599 704 2668 consortium
722 2597 936 2666 transieram.
957 2597 1110 2678 Veniam,
1131 2611 1167 2665 ut
1184 2597 1357 2666 laboribus
1367 2591 1419 2678 ejus

171 2682 297 2783 dignae
314 2687 601 2756 remunerationis
627 2687 818 2776 praemium
840 2685 991 2755 reddam.
1016 2685 1062 2754 td
1082 2687 1187 2774 hujus
1209 2685 1354 2772 deniqne
1365 2699 1420 2770 pnt-
1469 2733 1470 2736 ,

173 2773 349 2842 missionis
373 2775 530 2844 ellectum
547 2776 678 2844 clarum
704 2775 798 2844 dedit
823 2775 1004 2858 indicium,
1023 2797 1103 2844 cum
1122 2777 1154 2842 in
1176 2777 1256 2861 ejus
1278 2773 1364 2844 obitu
1386 2787 1421 2834 tt·
1469 2843 1470 2847 ,

171 2860 322 2930 diantem
349 2861 428 2933 lecit
451 2865 635 2933 enitescere
660 2864 785 2942 lucem,
814 2885 1001 2961 perquam
1028 2862 1161 2950 liquido
1187 2864 1313 2952 patuit,
1335 2861 1420 2949 ipsun
1469 2933 1470 2936 Ἴ

173 2947 329 3049 videlicet
360 2951 539 3022 advenisse
568 2952 656 3022 lucis
685 2965 871 3022 auctorem.
905 2953 1007 3022 attan
1034 2953 1148 3039 itaque
1177 2953 1343 3021 Dominus
1368 2963 1423 3036 prt-

173 3040 350 3109 mrsstonis
374 3062 456 3110 suaa
483 3063 548 3110 non
577 3043 776 3120 immemor,
813 3042 872 3128 qui
898 3053 929 3111 et
954 3041 1106 3110 animam
1139 3041 1217 3129 ejus
1244 3043 1278 3110 in
1303 3037 1358 3108 illa
1382 3054 1423 3130 su·
1469 3076 1470 3079 =

173 3147 298 3216 pernae
321 3129 512 3200 Jerusalem
538 3131 651 3217 quiete
675 3131 875 3220 susciperet,
902 3143 934 3200 et
958 3130 1233 3200 sacratissimum
1264 3141 1422 3216 corpusve
1469 3165 1470 3170 =

171 3235 337 3316 salonae
362 3219 434 3306 ipse
460 3221 562 3301 novit,
590 3233 717 3309 secreta
744 3219 951 3289 transferret.
980 3225 1061 3289 llam
1087 3218 1184 3288 etde
1212 3219 1309 3304 beato
1333 3207 1421 3308 Enotlt

173 3303 310 3396 legitur,
337 3307 417 3394 quia
442 3309 670 3379 ambulaverit
694 3329 772 3379 cum
802 3313 890 3386 Deo,
921 3321 953 3378 et
979 3329 1045 3378 non
1071 3307 1334 3386 inveniebatur,
1363 3318 1422 3388 qnn
1469 3343 1470 3354 κ

125 3415 128 3425 ·
175 3394 350 3465 transtulit
374 3397 473 3466 illum
500 3401 601 3467 Deus.
1469 3447 1470 3450 =

216 3485 234 3570 ᾗ
258 3487 298 3554 8.
324 3490 400 3554 lam
429 3507 504 3555 vero
530 3486 615 3555 illud
641 3486 719 3573 quis
736 3486 840 3576 digne
858 3487 1011 3568 miretur,
1035 3484 1125 3572 quod
1146 3485 1178 3553 in
1199 3479 1423 3575 seputcmejus
1458 3461 1465 3586 1

173 3593 299 3642 manna
327 3576 505 3663 reperitur,
528 3588 559 3644 et
584 3576 617 3643 in
645 3587 753 3644 terrae
778 3597 885 3664 specu
910 3575 1010 3664 panis
1029 3572 1115 3643 coeli
1142 3595 1208 3642 non
1230 3572 1356 3648 semel,
1379 3559 1421 3661 ssd
1459 3589 1466 3655 t

171 3661 324 3748 quotidie
351 3664 525 3734 nascitur?
551 3669 593 3733 oe
616 3685 742 3734 manna
766 3665 906 3754 qnippe,
928 3663 1020 3734 salvo
1033 3662 1147 3733 altiori
1168 3663 1341 3820 mpsterio,
1358 3675 1423 3726 srn-
1462 3666 1470 3757 t

173 3761 270 3840 ptum
296 3765 364 3821 est:
393 3758 517 3822 Panem
542 3754 581 3822 de
612 3757 700 3822 coelo
728 3753 852 3822 dedisti
879 3756 945 3833 er's,
974 3754 1128 3831 Domine,
1157 3753 1202 3820 lto
1223 3762 1329 3820 entem
1351 3760 1422 3815 omtt
1467 3781 1470 3834 3

123 3931 125 3936 ι
172 3839 450 3911 delectamentum
467 3845 559 3933 (Sap.
579 3847 655 3922 rvr).
681 3842 823 3911 Veniant
839 3842 944 3931 igitur
967 3862 1088 3911 omnes
1107 3841 1261 3910 nationes
1278 3836 1421 3930 gentium.

172 3943 204 3999 et
219 3929 463 4019 obstupescant
483 3930 689 4000 miraculum
715 3931 878 4000 omnibus
893 3930 1101 4000 inauditum.
1121 3930 1276 4008 leniant,
1291 3930 1420 4011 inquan-

171 4030 204 4087 et
219 4019 431 4089 admirantes
456 4019 661 4109 adspiciunt,
680 4020 763 4107 quia
783 4021 816 4088 in
839 4018 1012 4108 sepulcro,
1030 4017 1119 4107 quod
1141 4015 1363 4107 proculdubio
1378 4005 1422 4076 do·

172 4128 250 4205 mus
266 4121 316 4178 est
342 4109 522 4190 vermium,
544 4109 643 4198 panis
661 4110 769 4178 oritur
793 4107 1013 4200 Angelorum,
1033 4107 1118 4178 adeo
1135 4120 1264 4176 utcum
1280 4099 1422 4190 Prophetn

173 4215 206 4260 tn
234 4197 349 4286 magni
376 4197 531 4267 muneris
555 4197 784 4267 admiratione
809 4197 1026 4286 pronunciet,
1053 4194 1143 4284 quod
1170 4192 1351 4265 lsraiilitico
1377 4202 1422 4279 pt·

174 4283 254 4380 pulo
281 4307 408 4355 manna
428 4290 516 4356 Deus
540 4287 709 4357 concessit
735 4287 768 4354 in
795 4287 926 4365 cibum,
949 4285 1089 4354 dicens:
1111 4289 1232 4356 Panem
1256 4273 1421 4352 corticata

172 4391 231 4446 ers,
251 4393 373 4457 ponem
390 4376 592 4464 Artpelornm
617 4377 836 4445 manducavit
858 4377 953 4445 ltomo
968 4375 1038 4465 (Pr.
1063 4375 1138 4462 l6);
1161 4369 1246 4462 quod
1274 4367 1338 4437 illis
1357 4377 1422 4430 tnnc
