<?xml version="1.0" encoding="UTF-8"?>
<!DOCTYPE html PUBLIC "-//W3C//DTD XHTML 1.0 Transitional//EN"
    "http://www.w3.org/TR/xhtml1/DTD/xhtml1-transitional.dtd">
<html xmlns="http://www.w3.org/1999/xhtml" xml:lang="en" lang="en">
 <head>
  <title>
</title>
<meta http-equiv="Content-Type" content="text/html;charset=utf-8" />
  <meta name='ocr-system' content='tesseract 3.04.00' />
  <meta name='ocr-capabilities' content='ocr_page ocr_carea ocr_par ocr_line ocrx_word'/>
</head>
<body>
  <div class='ocr_page' id='page_1' title='image "./historiaeseuvit00lippgoog_0776.png"; bbox 0 0 2920 4810; ppageno 0'>
   <div class='ocr_carea' id='block_1_1' title="bbox 20 306 1273 382">
    <p class='ocr_par' dir='ltr' id='par_1_1' title="bbox 20 306 1273 382">
     <span class='ocr_line' id='line_1_1' title="bbox 20 306 1273 382; baseline -0.006 0"><span class='ocrx_word' id='word_1_1' title='bbox 20 315 104 382; x_wconf 79' lang='lat' dir='ltr'><strong>itti.</strong></span> <span class='ocrx_word' id='word_1_2' title='bbox 133 315 176 378; x_wconf 78' lang='lat' dir='ltr'><strong>td</strong></span> <span class='ocrx_word' id='word_1_3' title='bbox 410 329 673 380; x_wconf 78' lang='lat' dir='ltr'><strong>narrarnonoeronr</strong></span> <span class='ocrx_word' id='word_1_4' title='bbox 699 329 916 379; x_wconf 82' lang='lat' dir='ltr'><strong>nnnosrnnrurr</strong></span> <span class='ocrx_word' id='word_1_5' title='bbox 1170 306 1273 376; x_wconf 69' lang='lat'><strong>⁴027*</strong></span> 
     </span>
    </p>
   </div>
   <div class='ocr_carea' id='block_1_2' title="bbox 11 408 1317 4473">
    <p class='ocr_par' dir='ltr' id='par_1_2' title="bbox 11 408 1317 4473">
     <span class='ocr_line' id='line_1_2' title="bbox 11 408 1315 492; baseline -0.005 -16"><span class='ocrx_word' id='word_1_6' title='bbox 11 421 144 476; x_wconf 79' lang='lat' dir='ltr'><strong>testatur</strong></span> <span class='ocrx_word' id='word_1_7' title='bbox 166 414 332 476; x_wconf 89' lang='lat' dir='ltr'><strong>memorari</strong></span> <span class='ocrx_word' id='word_1_8' title='bbox 356 413 547 487; x_wconf 63' lang='lat' dir='ltr'><strong>maeonium,</strong></span> <span class='ocrx_word' id='word_1_9' title='bbox 569 412 649 492; x_wconf 86' lang='lat' dir='ltr'><strong>quod</strong></span> <span class='ocrx_word' id='word_1_10' title='bbox 679 413 824 486; x_wconf 86' lang='lat' dir='ltr'><strong>delatum,</strong></span> <span class='ocrx_word' id='word_1_11' title='bbox 846 419 936 490; x_wconf 88' lang='lat' dir='ltr'><strong>atque</strong></span> <span class='ocrx_word' id='word_1_12' title='bbox 952 408 984 471; x_wconf 89' lang='lat' dir='ltr'><strong>in</strong></span> <span class='ocrx_word' id='word_1_13' title='bbox 998 410 1180 472; x_wconf 78' lang='lat' dir='ltr'><strong>coemeterio</strong></span> <span class='ocrx_word' id='word_1_14' title='bbox 1200 408 1315 472; x_wconf 79' lang='lat' dir='ltr'>Callisti</span> 
     </span>
     <span class='ocr_line' id='line_1_3' title="bbox 22 492 905 578; baseline -0.003 -22"><span class='ocrx_word' id='word_1_15' title='bbox 22 494 140 556; x_wconf 84' lang='lat' dir='ltr'><strong>inseris</strong></span> <span class='ocrx_word' id='word_1_16' title='bbox 154 493 284 568; x_wconf 87' lang='lat' dir='ltr'><strong>fluvius,</strong></span> <span class='ocrx_word' id='word_1_17' title='bbox 303 492 355 570; x_wconf 80' lang='lat' dir='ltr'><strong>qui</strong></span> <span class='ocrx_word' id='word_1_18' title='bbox 366 493 454 578; x_wconf 71' lang='lat' dir='ltr'><strong>Juxta</strong></span> <span class='ocrx_word' id='word_1_19' title='bbox 470 492 551 554; x_wconf 85' lang='lat' dir='ltr'><strong>iilius</strong></span> <span class='ocrx_word' id='word_1_20' title='bbox 565 492 651 555; x_wconf 85' lang='lat' dir='ltr'><strong>urhis</strong></span> <span class='ocrx_word' id='word_1_21' title='bbox 679 495 833 574; x_wconf 84' lang='lat' dir='ltr'><strong>sepultum</strong></span> <span class='ocrx_word' id='word_1_22' title='bbox 850 499 905 554; x_wconf 89' lang='lat' dir='ltr'><strong>est.</strong></span> 
     </span>
     <span class='ocr_line' id='line_1_4' title="bbox 21 567 1317 650; baseline -0.005 -14"><span class='ocrx_word' id='word_1_23' title='bbox 21 590 120 636; x_wconf 88' lang='lat' dir='ltr'><strong>muros</strong></span> <span class='ocrx_word' id='word_1_24' title='bbox 148 572 317 644; x_wconf 84' lang='lat' dir='ltr'><strong>influebat,</strong></span> <span class='ocrx_word' id='word_1_25' title='bbox 338 587 426 650; x_wconf 81' lang='lat' dir='ltr'><strong>saepe</strong></span> <span class='ocrx_word' id='word_1_26' title='bbox 448 571 652 635; x_wconf 90' lang='lat' dir='ltr'><strong>inundatione</strong></span> <span class='ocrx_word' id='word_1_27' title='bbox 719 573 894 644; x_wconf 82' lang='lat' dir='ltr'><strong>Pontianus,</strong></span> <span class='ocrx_word' id='word_1_28' title='bbox 915 568 1079 642; x_wconf 84' lang='lat' dir='ltr'><strong>Romanus,</strong></span> <span class='ocrx_word' id='word_1_29' title='bbox 1102 567 1257 648; x_wconf 78' lang='lat' dir='ltr'><strong>Calpurnii</strong></span> <span class='ocrx_word' id='word_1_30' title='bbox 1282 571 1317 631; x_wconf 85' lang='lat' dir='ltr'><strong>ii·</strong></span> 
     </span>
     <span class='ocr_line' id='line_1_5' title="bbox 21 649 1294 730; baseline -0.002 -15"><span class='ocrx_word' id='word_1_31' title='bbox 21 655 102 723; x_wconf 83' lang='lat' dir='ltr'><strong>iacta,</strong></span> <span class='ocrx_word' id='word_1_32' title='bbox 113 667 225 714; x_wconf 84' lang='lat' dir='ltr'><strong>rursus</strong></span> <span class='ocrx_word' id='word_1_33' title='bbox 238 653 285 713; x_wconf 86' lang='lat' dir='ltr'><strong>sui</strong></span> <span class='ocrx_word' id='word_1_34' title='bbox 300 652 421 714; x_wconf 79' lang='lat' dir='ltr'><strong>alvorum</strong></span> <span class='ocrx_word' id='word_1_35' title='bbox 435 667 586 728; x_wconf 78' lang='lat' dir='ltr'><strong>egressus,</strong></span> <span class='ocrx_word' id='word_1_36' title='bbox 598 667 652 730; x_wconf 87' lang='lat' dir='ltr'><strong>per</strong></span> <span class='ocrx_word' id='word_1_37' title='bbox 680 653 739 716; x_wconf 87' lang='lat' dir='ltr'><strong>tius</strong></span> <span class='ocrx_word' id='word_1_38' title='bbox 761 653 828 714; x_wconf 83' lang='lat' dir='ltr'><strong>init.</strong></span> <span class='ocrx_word' id='word_1_39' title='bbox 850 651 912 712; x_wconf 84' lang='lat' dir='ltr'><strong>Nec</strong></span> <span class='ocrx_word' id='word_1_40' title='bbox 925 650 1007 714; x_wconf 86' lang='lat' dir='ltr'><strong>alind</strong></span> <span class='ocrx_word' id='word_1_41' title='bbox 1024 650 1060 711; x_wconf 88' lang='lat' dir='ltr'><strong>de</strong></span> <span class='ocrx_word' id='word_1_42' title='bbox 1076 650 1141 730; x_wconf 87' lang='lat' dir='ltr'><strong>ipso</strong></span> <span class='ocrx_word' id='word_1_43' title='bbox 1152 649 1294 712; x_wconf 86' lang='lat' dir='ltr'><strong>habetur.</strong></span> 
     </span>
     <span class='ocr_line' id='line_1_6' title="bbox 20 728 652 810; baseline -0.002 -16"><span class='ocrx_word' id='word_1_44' title='bbox 20 748 104 810; x_wconf 82' lang='lat' dir='ltr'><strong>agros</strong></span> <span class='ocrx_word' id='word_1_45' title='bbox 124 728 258 794; x_wconf 80' lang='lat' dir='ltr'><strong>diffundi</strong></span> <span class='ocrx_word' id='word_1_46' title='bbox 285 737 494 805; x_wconf 74' lang='lat' dir='ltr'><strong>consueverat,</strong></span> <span class='ocrx_word' id='word_1_47' title='bbox 516 739 547 794; x_wconf 89' lang='lat' dir='ltr'><strong>et</strong></span> <span class='ocrx_word' id='word_1_48' title='bbox 561 747 652 810; x_wconf 82' lang='lat' dir='ltr'><strong>quae·</strong></span> 
     </span>
     <span class='ocr_line' id='line_1_7' title="bbox 21 811 1183 898; baseline 0 -26"><span class='ocrx_word' id='word_1_49' title='bbox 21 827 148 888; x_wconf 81' lang='lat' dir='ltr'><strong>oumoue</strong></span> <span class='ocrx_word' id='word_1_50' title='bbox 168 819 232 874; x_wconf 85' lang='lat' dir='ltr'><strong>sata</strong></span> <span class='ocrx_word' id='word_1_51' title='bbox 254 819 285 874; x_wconf 88' lang='lat' dir='ltr'><strong>et</strong></span> <span class='ocrx_word' id='word_1_52' title='bbox 312 811 441 889; x_wconf 81' lang='lat' dir='ltr'><strong>plantata</strong></span> <span class='ocrx_word' id='word_1_53' title='bbox 471 820 650 890; x_wconf 79' lang='lat' dir='ltr'><strong>repererat,</strong></span> <span class='ocrx_word' id='word_1_54' title='bbox 811 837 841 898; x_wconf 46' lang='lat' dir='ltr'><strong>g,</strong></span> <span class='ocrx_word' id='word_1_55' title='bbox 858 833 996 897; x_wconf 54' lang='grc' dir='ltr'><strong>ΑΒΜ</strong></span> <span class='ocrx_word' id='word_1_56' title='bbox 1011 833 1183 896; x_wconf 51' lang='grc' dir='ltr'><strong>ρΒΟΡΗΕΤΑ,</strong></span> 
     </span>
     <span class='ocr_line' id='line_1_8' title="bbox 20 889 650 970; baseline -0.003 -18"><span class='ocrx_word' id='word_1_57' title='bbox 20 891 183 954; x_wconf 80' lang='lat' dir='ltr'><strong>evertebat.</strong></span> <span class='ocrx_word' id='word_1_58' title='bbox 201 889 341 970; x_wconf 81' lang='lat' dir='ltr'>Cumque</span> <span class='ocrx_word' id='word_1_59' title='bbox 356 891 413 952; x_wconf 86' lang='lat' dir='ltr'><strong>hoo</strong></span> <span class='ocrx_word' id='word_1_60' title='bbox 427 891 536 952; x_wconf 82' lang='lat' dir='ltr'><strong>crebro</strong></span> <span class='ocrx_word' id='word_1_61' title='bbox 550 891 650 964; x_wconf 85' lang='lat' dir='ltr'><strong>fieret,</strong></span> 
     </span>
     <span class='ocr_line' id='line_1_9' title="bbox 23 965 1315 1048; baseline -0.003 -16"><span class='ocrx_word' id='word_1_62' title='bbox 23 979 50 1032; x_wconf 88' lang='lat' dir='ltr'><strong>et</strong></span> <span class='ocrx_word' id='word_1_63' title='bbox 65 987 173 1048; x_wconf 81' lang='lat' dir='ltr'><strong>magna</strong></span> <span class='ocrx_word' id='word_1_64' title='bbox 189 970 325 1048; x_wconf 84' lang='lat' dir='ltr'><strong>ejnsdem</strong></span> <span class='ocrx_word' id='word_1_65' title='bbox 344 970 400 1033; x_wconf 84' lang='lat' dir='ltr'><strong>loci</strong></span> <span class='ocrx_word' id='word_1_66' title='bbox 423 970 535 1032; x_wconf 82' lang='lat' dir='ltr'><strong>incolas</strong></span> <span class='ocrx_word' id='word_1_67' title='bbox 551 987 652 1034; x_wconf 89' lang='lat' dir='ltr'><strong>neees-</strong></span> <span class='ocrx_word' id='word_1_68' title='bbox 720 970 900 1032; x_wconf 74' lang='lat' dir='ltr'><strong>Manrnnon.</strong></span> <span class='ocrx_word' id='word_1_69' title='bbox 917 999 955 1011; x_wconf 84' lang='lat'>-</span> <span class='ocrx_word' id='word_1_70' title='bbox 977 966 1133 1030; x_wconf 84' lang='lat' dir='ltr'><strong>Samariae</strong></span> <span class='ocrx_word' id='word_1_71' title='bbox 1148 965 1177 1028; x_wconf 91' lang='lat' dir='ltr'><strong>S.</strong></span> <span class='ocrx_word' id='word_1_72' title='bbox 1197 966 1315 1028; x_wconf 79' lang='lat' dir='ltr'><strong>dnonas</strong></span> 
     </span>
     <span class='ocr_line' id='line_1_10' title="bbox 23 1051 861 1129; baseline 0 -19"><span class='ocrx_word' id='word_1_73' title='bbox 23 1053 88 1113; x_wconf 84' lang='lat' dir='ltr'><strong>sitas</strong></span> <span class='ocrx_word' id='word_1_74' title='bbox 101 1058 241 1126; x_wconf 80' lang='lat' dir='ltr'><strong>urgeret,</strong></span> <span class='ocrx_word' id='word_1_75' title='bbox 257 1051 326 1114; x_wconf 88' lang='lat' dir='ltr'><strong>dato</strong></span> <span class='ocrx_word' id='word_1_76' title='bbox 340 1051 439 1112; x_wconf 86' lang='lat' dir='ltr'><strong>studio</strong></span> <span class='ocrx_word' id='word_1_77' title='bbox 454 1051 564 1128; x_wconf 79' lang='lat' dir='ltr'><strong>operis,</strong></span> <span class='ocrx_word' id='word_1_78' title='bbox 580 1065 651 1113; x_wconf 88' lang='lat' dir='ltr'><strong>eum</strong></span> <span class='ocrx_word' id='word_1_79' title='bbox 680 1051 861 1129; x_wconf 78' lang='lat' dir='ltr'>Prophetae.</span> 
     </span>
     <span class='ocr_line' id='line_1_11' title="bbox 24 1125 1314 1208; baseline -0.002 -18"><span class='ocrx_word' id='word_1_80' title='bbox 24 1147 71 1208; x_wconf 82' lang='lat' dir='ltr'><strong>uer</strong></span> <span class='ocrx_word' id='word_1_81' title='bbox 96 1130 158 1192; x_wconf 87' lang='lat' dir='ltr'><strong>toea</strong></span> <span class='ocrx_word' id='word_1_82' title='bbox 187 1129 247 1193; x_wconf 89' lang='lat' dir='ltr'><strong>alia</strong></span> <span class='ocrx_word' id='word_1_83' title='bbox 269 1131 410 1192; x_wconf 88' lang='lat' dir='ltr'><strong>derivare</strong></span> <span class='ocrx_word' id='word_1_84' title='bbox 441 1129 540 1192; x_wconf 87' lang='lat' dir='ltr'><strong>conati</strong></span> <span class='ocrx_word' id='word_1_85' title='bbox 568 1135 652 1192; x_wconf 84' lang='lat' dir='ltr'><strong>sont.</strong></span> <span class='ocrx_word' id='word_1_86' title='bbox 721 1129 844 1202; x_wconf 79' lang='lat' dir='ltr'><strong>Abdias,</strong></span> <span class='ocrx_word' id='word_1_87' title='bbox 868 1127 920 1206; x_wconf 79' lang='lat' dir='ltr'><strong>qui</strong></span> <span class='ocrx_word' id='word_1_88' title='bbox 951 1127 1174 1205; x_wconf 80' lang='lat' dir='ltr'><strong>interpretatur</strong></span> <span class='ocrx_word' id='word_1_89' title='bbox 1204 1125 1314 1190; x_wconf 81' lang='lat' dir='ltr'><strong>Servus</strong></span> 
     </span>
     <span class='ocr_line' id='line_1_12' title="bbox 24 1199 1314 1286; baseline -0.004 -15"><span class='ocrx_word' id='word_1_90' title='bbox 24 1208 652 1286; x_wconf 83' lang='lat' dir='ltr'><strong>Sedqnamrisdiutiusiaboratnminisset,</strong></span> <span class='ocrx_word' id='word_1_91' title='bbox 681 1210 757 1282; x_wconf 79' lang='lat' dir='ltr'><strong>Dei,</strong></span> <span class='ocrx_word' id='word_1_92' title='bbox 782 1225 798 1270; x_wconf 87' lang='lat' dir='ltr'><strong>a</strong></span> <span class='ocrx_word' id='word_1_93' title='bbox 829 1207 906 1269; x_wconf 86' lang='lat' dir='ltr'><strong>txx</strong></span> <span class='ocrx_word' id='word_1_94' title='bbox 931 1199 1060 1286; x_wconf 74' lang='grc' dir='ltr'>ὀβαδίας</span> <span class='ocrx_word' id='word_1_95' title='bbox 1094 1217 1314 1286; x_wconf 82' lang='lat' dir='ltr'><strong>noncupatus,</strong></span> 
     </span>
     <span class='ocr_line' id='line_1_13' title="bbox 23 1285 1315 1367; baseline -0.002 -17"><span class='ocrx_word' id='word_1_96' title='bbox 23 1292 176 1367; x_wconf 81' lang='lat' dir='ltr'><strong>aoroprio</strong></span> <span class='ocrx_word' id='word_1_97' title='bbox 202 1287 287 1351; x_wconf 82' lang='lat' dir='ltr'><strong>alueo</strong></span> <span class='ocrx_word' id='word_1_98' title='bbox 310 1289 425 1351; x_wconf 87' lang='lat' dir='ltr'><strong>deflecti</strong></span> <span class='ocrx_word' id='word_1_99' title='bbox 452 1303 512 1350; x_wconf 94' lang='lat' dir='ltr'><strong>non</strong></span> <span class='ocrx_word' id='word_1_100' title='bbox 543 1289 651 1366; x_wconf 84' lang='lat' dir='ltr'><strong>potnit.</strong></span> <span class='ocrx_word' id='word_1_101' title='bbox 682 1305 761 1350; x_wconf 91' lang='lat' dir='ltr'><strong>unus</strong></span> <span class='ocrx_word' id='word_1_102' title='bbox 775 1296 820 1350; x_wconf 87' lang='lat' dir='ltr'><strong>est</strong></span> <span class='ocrx_word' id='word_1_103' title='bbox 834 1285 994 1348; x_wconf 76' lang='lat' dir='ltr'><strong>duodecim</strong></span> <span class='ocrx_word' id='word_1_104' title='bbox 1011 1287 1168 1348; x_wconf 92' lang='lat' dir='ltr'><strong>minorum</strong></span> <span class='ocrx_word' id='word_1_105' title='bbox 1185 1285 1315 1366; x_wconf 82' lang='lat' dir='ltr'><strong>Prophe·</strong></span> 
     </span>
     <span class='ocr_line' id='line_1_14' title="bbox 27 1364 1315 1446; baseline -0.001 -18"><span class='ocrx_word' id='word_1_106' title='bbox 27 1369 106 1430; x_wconf 86' lang='lat' dir='ltr'><strong>Touo</strong></span> <span class='ocrx_word' id='word_1_107' title='bbox 120 1371 169 1431; x_wconf 88' lang='lat' dir='ltr'><strong>vir</strong></span> <span class='ocrx_word' id='word_1_108' title='bbox 183 1369 305 1430; x_wconf 86' lang='lat' dir='ltr'><strong>Domini</strong></span> <span class='ocrx_word' id='word_1_109' title='bbox 321 1367 504 1446; x_wconf 78' lang='lat' dir='ltr'><strong>Frigdiauus</strong></span> <span class='ocrx_word' id='word_1_110' title='bbox 521 1376 651 1431; x_wconf 90' lang='lat' dir='ltr'><strong>rastrum</strong></span> <span class='ocrx_word' id='word_1_111' title='bbox 683 1376 793 1430; x_wconf 89' lang='lat' dir='ltr'><strong>tarum.</strong></span> <span class='ocrx_word' id='word_1_112' title='bbox 820 1366 853 1428; x_wconf 91' lang='lat' dir='ltr'><strong>ln</strong></span> <span class='ocrx_word' id='word_1_113' title='bbox 876 1365 973 1428; x_wconf 87' lang='lat' dir='ltr'><strong>Sacris</strong></span> <span class='ocrx_word' id='word_1_114' title='bbox 993 1364 1172 1444; x_wconf 75' lang='lat' dir='ltr'><strong>Seriumne,</strong></span> <span class='ocrx_word' id='word_1_115' title='bbox 1196 1373 1315 1446; x_wconf 87' lang='lat' dir='ltr'><strong>praeter</strong></span> 
     </span>
     <span class='ocr_line' id='line_1_15' title="bbox 25 1445 1315 1525; baseline -0.002 -17"><span class='ocrx_word' id='word_1_116' title='bbox 25 1447 76 1508; x_wconf 90' lang='lat' dir='ltr'><strong>sibi</strong></span> <span class='ocrx_word' id='word_1_117' title='bbox 100 1449 265 1525; x_wconf 82' lang='lat' dir='ltr'><strong>parvulum</strong></span> <span class='ocrx_word' id='word_1_118' title='bbox 293 1447 375 1522; x_wconf 81' lang='lat' dir='ltr'><strong>iecit,</strong></span> <span class='ocrx_word' id='word_1_119' title='bbox 396 1447 433 1510; x_wconf 90' lang='lat' dir='ltr'><strong>ad</strong></span> <span class='ocrx_word' id='word_1_120' title='bbox 453 1449 576 1510; x_wconf 83' lang='lat' dir='ltr'><strong>alueum</strong></span> <span class='ocrx_word' id='word_1_121' title='bbox 599 1448 652 1510; x_wconf 89' lang='lat' dir='ltr'><strong>tiu·</strong></span> <span class='ocrx_word' id='word_1_122' title='bbox 681 1449 815 1525; x_wconf 86' lang='lat' dir='ltr'><strong>ejusdem</strong></span> <span class='ocrx_word' id='word_1_123' title='bbox 833 1461 947 1508; x_wconf 86' lang='lat' dir='ltr'><strong>nomen</strong></span> <span class='ocrx_word' id='word_1_124' title='bbox 962 1453 994 1506; x_wconf 91' lang='lat' dir='ltr'><strong>et</strong></span> <span class='ocrx_word' id='word_1_125' title='bbox 1009 1445 1183 1525; x_wconf 82' lang='lat' dir='ltr'><strong>Prounetias</strong></span> <span class='ocrx_word' id='word_1_126' title='bbox 1206 1447 1315 1510; x_wconf 85' lang='lat' dir='ltr'><strong>adver·</strong></span> 
     </span>
     <span class='ocr_line' id='line_1_16' title="bbox 26 1524 1315 1602; baseline -0.001 -15"><span class='ocrx_word' id='word_1_127' title='bbox 26 1528 111 1588; x_wconf 88' lang='lat' dir='ltr'><strong>minis</strong></span> <span class='ocrx_word' id='word_1_128' title='bbox 138 1527 274 1600; x_wconf 58' lang='lat' dir='ltr'><strong>eremit,</strong></span> <span class='ocrx_word' id='word_1_129' title='bbox 297 1535 328 1590; x_wconf 90' lang='lat' dir='ltr'><strong>et</strong></span> <span class='ocrx_word' id='word_1_130' title='bbox 350 1526 433 1588; x_wconf 87' lang='lat' dir='ltr'><strong>solos</strong></span> <span class='ocrx_word' id='word_1_131' title='bbox 453 1528 583 1589; x_wconf 89' lang='lat' dir='ltr'><strong>orationi</strong></span> <span class='ocrx_word' id='word_1_132' title='bbox 606 1529 652 1587; x_wconf 89' lang='lat' dir='ltr'><strong>iu·</strong></span> <span class='ocrx_word' id='word_1_133' title='bbox 681 1544 731 1589; x_wconf 89' lang='lat' dir='ltr'><strong>sus</strong></span> <span class='ocrx_word' id='word_1_134' title='bbox 751 1527 860 1599; x_wconf 84' lang='lat' dir='ltr'><strong>Edem,</strong></span> <span class='ocrx_word' id='word_1_135' title='bbox 883 1525 961 1587; x_wconf 85' lang='lat' dir='ltr'><strong>nihii</strong></span> <span class='ocrx_word' id='word_1_136' title='bbox 982 1524 1062 1587; x_wconf 86' lang='lat' dir='ltr'><strong>atiud</strong></span> <span class='ocrx_word' id='word_1_137' title='bbox 1078 1540 1200 1602; x_wconf 85' lang='lat' dir='ltr'><strong>prorsus</strong></span> <span class='ocrx_word' id='word_1_138' title='bbox 1221 1527 1258 1589; x_wconf 89' lang='lat' dir='ltr'><strong>de</strong></span> <span class='ocrx_word' id='word_1_139' title='bbox 1279 1541 1315 1586; x_wconf 87' lang='lat' dir='ltr'><strong>eo</strong></span> 
     </span>
     <span class='ocr_line' id='line_1_17' title="bbox 27 1603 1314 1685; baseline 0.001 -19"><span class='ocrx_word' id='word_1_140' title='bbox 27 1608 144 1668; x_wconf 80' lang='lat' dir='ltr'><strong>rubuit:</strong></span> <span class='ocrx_word' id='word_1_141' title='bbox 167 1613 262 1684; x_wconf 79' lang='lat' dir='ltr'><strong>atone</strong></span> <span class='ocrx_word' id='word_1_142' title='bbox 280 1608 380 1670; x_wconf 89' lang='lat' dir='ltr'><strong>eidem</strong></span> <span class='ocrx_word' id='word_1_143' title='bbox 394 1605 514 1668; x_wconf 86' lang='lat' dir='ltr'><strong>nomini</strong></span> <span class='ocrx_word' id='word_1_144' title='bbox 535 1608 652 1685; x_wconf 84' lang='lat' dir='ltr'><strong>prasoi-</strong></span> <span class='ocrx_word' id='word_1_145' title='bbox 682 1607 805 1685; x_wconf 80' lang='lat' dir='ltr'><strong>tegitur.</strong></span> <span class='ocrx_word' id='word_1_146' title='bbox 828 1607 957 1672; x_wconf 72' lang='lat' dir='ltr'><strong>Videtur</strong></span> <span class='ocrx_word' id='word_1_147' title='bbox 972 1611 1074 1668; x_wconf 85' lang='lat' dir='ltr'><strong>temen</strong></span> <span class='ocrx_word' id='word_1_148' title='bbox 1092 1605 1116 1665; x_wconf 92' lang='lat' dir='ltr'><strong>is</strong></span> <span class='ocrx_word' id='word_1_149' title='bbox 1137 1603 1224 1669; x_wconf 88' lang='lat' dir='ltr'><strong>Oziae</strong></span> <span class='ocrx_word' id='word_1_150' title='bbox 1239 1615 1314 1668; x_wconf 90' lang='lat' dir='ltr'><strong>tem·</strong></span> 
     </span>
     <span class='ocr_line' id='line_1_18' title="bbox 29 1685 968 1765; baseline 0.003 -20"><span class='ocrx_word' id='word_1_151' title='bbox 29 1686 108 1762; x_wconf 83' lang='lat' dir='ltr'><strong>piens</strong></span> <span class='ocrx_word' id='word_1_152' title='bbox 130 1693 164 1747; x_wconf 91' lang='lat' dir='ltr'><strong>ut</strong></span> <span class='ocrx_word' id='word_1_153' title='bbox 185 1692 377 1765; x_wconf 81' lang='lat' dir='ltr'><strong>sequeretur,</strong></span> <span class='ocrx_word' id='word_1_154' title='bbox 401 1701 453 1764; x_wconf 81' lang='lat' dir='ltr'><strong>per</strong></span> <span class='ocrx_word' id='word_1_155' title='bbox 479 1685 554 1760; x_wconf 83' lang='lat' dir='ltr'><strong>iona,</strong></span> <span class='ocrx_word' id='word_1_156' title='bbox 576 1701 653 1764; x_wconf 81' lang='lat' dir='ltr'><strong>quae</strong></span> <span class='ocrx_word' id='word_1_157' title='bbox 683 1687 804 1765; x_wconf 79' lang='lat' dir='ltr'><strong>poribus</strong></span> <span class='ocrx_word' id='word_1_158' title='bbox 818 1686 968 1748; x_wconf 87' lang='lat' dir='ltr'><strong>floruisse.</strong></span> 
     </span>
     <span class='ocr_line' id='line_1_19' title="bbox 29 1765 652 1842; baseline 0.003 -18"><span class='ocrx_word' id='word_1_159' title='bbox 29 1767 52 1825; x_wconf 90' lang='lat' dir='ltr'><strong>ei</strong></span> <span class='ocrx_word' id='word_1_160' title='bbox 67 1765 122 1826; x_wconf 85' lang='lat' dir='ltr'><strong>risa</strong></span> <span class='ocrx_word' id='word_1_161' title='bbox 138 1775 223 1838; x_wconf 89' lang='lat' dir='ltr'><strong>sont,</strong></span> <span class='ocrx_word' id='word_1_162' title='bbox 246 1774 377 1828; x_wconf 83' lang='lat' dir='ltr'><strong>restrum</strong></span> <span class='ocrx_word' id='word_1_163' title='bbox 392 1779 445 1842; x_wconf 83' lang='lat' dir='ltr'><strong>per</strong></span> <span class='ocrx_word' id='word_1_164' title='bbox 460 1773 571 1828; x_wconf 89' lang='lat' dir='ltr'><strong>terram</strong></span> <span class='ocrx_word' id='word_1_165' title='bbox 595 1771 652 1827; x_wconf 91' lang='lat' dir='ltr'><strong>tra·</strong></span> 
     </span>
     <span class='ocr_line' id='line_1_20' title="bbox 29 1843 1254 1924; baseline -0.001 -22"><span class='ocrx_word' id='word_1_166' title='bbox 29 1843 77 1903; x_wconf 82' lang='lat' dir='ltr'><strong>nit.</strong></span> <span class='ocrx_word' id='word_1_167' title='bbox 91 1843 197 1920; x_wconf 81' lang='lat' dir='ltr'><strong>erem,</strong></span> <span class='ocrx_word' id='word_1_168' title='bbox 215 1846 319 1908; x_wconf 87' lang='lat' dir='ltr'><strong>reticio</strong></span> <span class='ocrx_word' id='word_1_169' title='bbox 340 1845 426 1906; x_wconf 85' lang='lat' dir='ltr'><strong>atreo</strong></span> <span class='ocrx_word' id='word_1_170' title='bbox 442 1847 575 1924; x_wconf 83' lang='lat' dir='ltr'><strong>proprio,</strong></span> <span class='ocrx_word' id='word_1_171' title='bbox 592 1851 650 1906; x_wconf 82' lang='lat' dir='ltr'><strong>ton</strong></span> <span class='ocrx_word' id='word_1_172' title='bbox 740 1843 956 1907; x_wconf 62' lang='lat' dir='ltr'><strong>attenditis</strong></span> <span class='ocrx_word' id='word_1_173' title='bbox 980 1843 1088 1905; x_wconf 81' lang='lat' dir='ltr'><strong>Pansa.</strong></span> <span class='ocrx_word' id='word_1_174' title='bbox 1105 1861 1140 1904; x_wconf 84' lang='lat' dir='ltr'><strong>er</strong></span> <span class='ocrx_word' id='word_1_175' title='bbox 1156 1843 1254 1904; x_wconf 77' lang='lat' dir='ltr'><strong>Maur.</strong></span> 
     </span>
     <span class='ocr_line' id='line_1_21' title="bbox 30 1921 1175 2014; baseline 0.003 -32"><span class='ocrx_word' id='word_1_176' title='bbox 30 1921 156 1986; x_wconf 83' lang='lat' dir='ltr'><strong>dorniuis</strong></span> <span class='ocrx_word' id='word_1_177' title='bbox 175 1943 254 2004; x_wconf 85' lang='lat' dir='ltr'><strong>aqua</strong></span> <span class='ocrx_word' id='word_1_178' title='bbox 270 1932 370 1987; x_wconf 87' lang='lat' dir='ltr'><strong>secuta</strong></span> <span class='ocrx_word' id='word_1_179' title='bbox 397 1933 453 2000; x_wconf 86' lang='lat' dir='ltr'><strong>est,</strong></span> <span class='ocrx_word' id='word_1_180' title='bbox 477 1928 516 1986; x_wconf 90' lang='lat' dir='ltr'><strong>ita</strong></span> <span class='ocrx_word' id='word_1_181' title='bbox 540 1933 571 1986; x_wconf 90' lang='lat' dir='ltr'><strong>nt</strong></span> <span class='ocrx_word' id='word_1_182' title='bbox 586 1925 654 1986; x_wconf 84' lang='lat' dir='ltr'><strong>iun·</strong></span> <span class='ocrx_word' id='word_1_183' title='bbox 820 1953 936 2014; x_wconf 54' lang='lat' dir='ltr'><strong><em>pagsus</em></strong></span> <span class='ocrx_word' id='word_1_184' title='bbox 950 1955 994 2013; x_wconf 55' lang='grc' dir='ltr'><em>Μ</em></span> <span class='ocrx_word' id='word_1_185' title='bbox 1009 1967 1091 2013; x_wconf 63' lang='lat' dir='ltr'><strong>am„</strong></span> <span class='ocrx_word' id='word_1_186' title='bbox 1106 1949 1175 2012; x_wconf 45' lang='lat'>259·</span> 
     </span>
     <span class='ocr_line' id='line_1_22' title="bbox 30 2001 651 2076; baseline 0.003 -14"><span class='ocrx_word' id='word_1_187' title='bbox 30 2001 101 2064; x_wconf 89' lang='lat' dir='ltr'><strong>ditus</strong></span> <span class='ocrx_word' id='word_1_188' title='bbox 115 2003 217 2067; x_wconf 83' lang='lat' dir='ltr'><strong>lorum</strong></span> <span class='ocrx_word' id='word_1_189' title='bbox 233 2003 651 2076; x_wconf 85' lang='lat' dir='ltr'><strong>consuetioursnsdesereret,</strong></span> 
     </span>
     <span class='ocr_line' id='line_1_23' title="bbox 30 2082 1313 2163; baseline 0.003 -23"><span class='ocrx_word' id='word_1_190' title='bbox 30 2083 317 2146; x_wconf 82' lang='lat' dir='ltr'><strong>etinisiniaireum</strong></span> <span class='ocrx_word' id='word_1_191' title='bbox 340 2082 502 2146; x_wconf 83' lang='lat' dir='ltr'><strong>ubitracto</strong></span> <span class='ocrx_word' id='word_1_192' title='bbox 525 2091 653 2163; x_wconf 84' lang='lat' dir='ltr'><strong>perter-</strong></span> <span class='ocrx_word' id='word_1_193' title='bbox 721 2085 899 2149; x_wconf 79' lang='lat' dir='ltr'><strong>Manrnaon.</strong></span> <span class='ocrx_word' id='word_1_194' title='bbox 928 2119 965 2129; x_wconf 93' lang='lat'>-</span> <span class='ocrx_word' id='word_1_195' title='bbox 990 2085 1114 2156; x_wconf 85' lang='lat' dir='ltr'><strong>Romae,</strong></span> <span class='ocrx_word' id='word_1_196' title='bbox 1138 2085 1186 2144; x_wconf 87' lang='lat' dir='ltr'><strong>via</strong></span> <span class='ocrx_word' id='word_1_197' title='bbox 1220 2084 1313 2160; x_wconf 81' lang='lat' dir='ltr'><strong>Appia</strong></span> 
     </span>
     <span class='ocr_line' id='line_1_24' title="bbox 32 2161 1315 2240; baseline 0.002 -19"><span class='ocrx_word' id='word_1_198' title='bbox 32 2163 652 2240; x_wconf 79' lang='lat' dir='ltr'><strong>rantrastrovirssominisignumiecerat,</strong></span> <span class='ocrx_word' id='word_1_199' title='bbox 683 2167 790 2228; x_wconf 86' lang='lat' dir='ltr'><strong>natatis</strong></span> <span class='ocrx_word' id='word_1_200' title='bbox 816 2167 911 2228; x_wconf 83' lang='lat' dir='ltr'><strong>sancti</strong></span> <span class='ocrx_word' id='word_1_201' title='bbox 938 2165 1058 2228; x_wconf 82' lang='lat' dir='ltr'><strong>Mnxnnr</strong></span> <span class='ocrx_word' id='word_1_202' title='bbox 1086 2161 1256 2236; x_wconf 80' lang='lat' dir='ltr'><strong>Presbyteri</strong></span> <span class='ocrx_word' id='word_1_203' title='bbox 1284 2169 1315 2224; x_wconf 94' lang='lat' dir='ltr'><strong>et</strong></span> 
     </span>
     <span class='ocr_line' id='line_1_25' title="bbox 33 2242 1314 2326; baseline 0.005 -28"><span class='ocrx_word' id='word_1_204' title='bbox 33 2243 216 2319; x_wconf 53' lang='lat' dir='ltr'><strong>uenditorem</strong></span> <span class='ocrx_word' id='word_1_205' title='bbox 248 2249 279 2306; x_wconf 82' lang='lat' dir='ltr'><strong>ot</strong></span> <span class='ocrx_word' id='word_1_206' title='bbox 303 2257 442 2322; x_wconf 82' lang='lat' dir='ltr'><strong>quaeque</strong></span> <span class='ocrx_word' id='word_1_207' title='bbox 472 2251 571 2304; x_wconf 83' lang='lat' dir='ltr'><strong>essent</strong></span> <span class='ocrx_word' id='word_1_208' title='bbox 600 2243 653 2304; x_wconf 84' lang='lat' dir='ltr'><strong>ati·</strong></span> <span class='ocrx_word' id='word_1_209' title='bbox 681 2245 833 2326; x_wconf 83' lang='lat' dir='ltr'><strong>Martyris,</strong></span> <span class='ocrx_word' id='word_1_210' title='bbox 859 2247 965 2324; x_wconf 78' lang='lat' dir='ltr'><strong>quiin</strong></span> <span class='ocrx_word' id='word_1_211' title='bbox 992 2246 1202 2323; x_wconf 81' lang='lat' dir='ltr'><strong>persecutione</strong></span> <span class='ocrx_word' id='word_1_212' title='bbox 1227 2242 1314 2304; x_wconf 86' lang='lat' dir='ltr'><strong>Vale·</strong></span> 
     </span>
     <span class='ocr_line' id='line_1_26' title="bbox 36 2321 1314 2404; baseline 0.005 -26"><span class='ocrx_word' id='word_1_213' title='bbox 36 2323 133 2384; x_wconf 89' lang='lat' dir='ltr'><strong>mentis</strong></span> <span class='ocrx_word' id='word_1_214' title='bbox 156 2324 319 2386; x_wconf 86' lang='lat' dir='ltr'><strong>nominum</strong></span> <span class='ocrx_word' id='word_1_215' title='bbox 341 2323 500 2402; x_wconf 83' lang='lat' dir='ltr'><strong>protutura</strong></span> <span class='ocrx_word' id='word_1_216' title='bbox 522 2333 582 2384; x_wconf 85' lang='lat' dir='ltr'><strong>sata</strong></span> <span class='ocrx_word' id='word_1_217' title='bbox 605 2321 652 2383; x_wconf 88' lang='lat' dir='ltr'><strong>vel</strong></span> <span class='ocrx_word' id='word_1_218' title='bbox 683 2328 758 2387; x_wconf 91' lang='lat' dir='ltr'><strong>riani</strong></span> <span class='ocrx_word' id='word_1_219' title='bbox 782 2341 891 2403; x_wconf 80' lang='lat' dir='ltr'><strong>passos,</strong></span> <span class='ocrx_word' id='word_1_220' title='bbox 912 2326 1024 2404; x_wconf 86' lang='lat' dir='ltr'><strong>positus</strong></span> <span class='ocrx_word' id='word_1_221' title='bbox 1051 2332 1094 2387; x_wconf 85' lang='lat' dir='ltr'><strong>est</strong></span> <span class='ocrx_word' id='word_1_222' title='bbox 1118 2323 1154 2386; x_wconf 88' lang='lat' dir='ltr'><strong>ad</strong></span> <span class='ocrx_word' id='word_1_223' title='bbox 1176 2329 1314 2385; x_wconf 85' lang='lat' dir='ltr'><strong>sanctum</strong></span> 
     </span>
     <span class='ocr_line' id='line_1_27' title="bbox 37 2397 823 2480; baseline 0.006 -22"><span class='ocrx_word' id='word_1_224' title='bbox 37 2397 148 2472; x_wconf 80' lang='lat' dir='ltr'><strong>plantata</strong></span> <span class='ocrx_word' id='word_1_225' title='bbox 165 2403 246 2465; x_wconf 85' lang='lat' dir='ltr'><strong>ultra</strong></span> <span class='ocrx_word' id='word_1_226' title='bbox 263 2418 324 2464; x_wconf 92' lang='lat' dir='ltr'><strong>non</strong></span> <span class='ocrx_word' id='word_1_227' title='bbox 341 2403 510 2465; x_wconf 80' lang='lat' dir='ltr'><strong>laederet.»</strong></span> <span class='ocrx_word' id='word_1_228' title='bbox 530 2401 652 2464; x_wconf 81' lang='lat' dir='ltr'><strong>Festum</strong></span> <span class='ocrx_word' id='word_1_229' title='bbox 681 2405 823 2480; x_wconf 78' lang='lat' dir='ltr'><strong>xystum.</strong></span> 
     </span>
     <span class='ocr_line' id='line_1_28' title="bbox 34 2475 1312 2562; baseline 0.002 -23"><span class='ocrx_word' id='word_1_230' title='bbox 34 2475 58 2538; x_wconf 86' lang='lat' dir='ltr'><strong>S.</strong></span> <span class='ocrx_word' id='word_1_231' title='bbox 81 2477 236 2558; x_wconf 76' lang='lat' dir='ltr'><strong>irigoiani</strong></span> <span class='ocrx_word' id='word_1_232' title='bbox 260 2481 309 2544; x_wconf 88' lang='lat' dir='ltr'><strong>die</strong></span> <span class='ocrx_word' id='word_1_233' title='bbox 332 2482 367 2544; x_wconf 82' lang='lat' dir='ltr'><strong>ti</strong></span> <span class='ocrx_word' id='word_1_234' title='bbox 398 2483 499 2544; x_wconf 85' lang='lat' dir='ltr'><strong>martii</strong></span> <span class='ocrx_word' id='word_1_235' title='bbox 525 2483 653 2557; x_wconf 78' lang='lat' dir='ltr'><strong>agitur3</strong></span> <span class='ocrx_word' id='word_1_236' title='bbox 721 2483 808 2546; x_wconf 85' lang='lat' dir='ltr'><strong>Hunc</strong></span> <span class='ocrx_word' id='word_1_237' title='bbox 824 2483 911 2545; x_wconf 88' lang='lat' dir='ltr'><strong>ilium</strong></span> <span class='ocrx_word' id='word_1_238' title='bbox 927 2491 1011 2562; x_wconf 85' lang='lat' dir='ltr'><strong>putet</strong></span> <span class='ocrx_word' id='word_1_239' title='bbox 1027 2483 1192 2544; x_wconf 79' lang='lat' dir='ltr'><strong>Maximum</strong></span> <span class='ocrx_word' id='word_1_240' title='bbox 1209 2479 1312 2542; x_wconf 86' lang='lat' dir='ltr'><strong>Parno-</strong></span> 
     </span>
     <span class='ocr_line' id='line_1_29' title="bbox 32 2557 1314 2643; baseline 0.003 -27"><span class='ocrx_word' id='word_1_241' title='bbox 32 2557 96 2620; x_wconf 85' lang='lat' dir='ltr'><strong>duao</strong></span> <span class='ocrx_word' id='word_1_242' title='bbox 114 2567 218 2624; x_wconf 90' lang='lat' dir='ltr'><strong>antem</strong></span> <span class='ocrx_word' id='word_1_243' title='bbox 240 2561 304 2638; x_wconf 74' lang='lat' dir='ltr'><strong>eJus</strong></span> <span class='ocrx_word' id='word_1_244' title='bbox 326 2562 461 2638; x_wconf 78' lang='lat' dir='ltr'><strong>corporis</strong></span> <span class='ocrx_word' id='word_1_245' title='bbox 485 2561 653 2624; x_wconf 86' lang='lat' dir='ltr'><strong>transtatio-</strong></span> <span class='ocrx_word' id='word_1_246' title='bbox 683 2564 751 2637; x_wconf 87' lang='lat' dir='ltr'><strong>tius,</strong></span> <span class='ocrx_word' id='word_1_247' title='bbox 766 2566 817 2643; x_wconf 84' lang='lat' dir='ltr'><strong>qui</strong></span> <span class='ocrx_word' id='word_1_248' title='bbox 833 2563 997 2642; x_wconf 84' lang='lat' dir='ltr'><strong>aliqnando</strong></span> <span class='ocrx_word' id='word_1_249' title='bbox 1017 2561 1187 2634; x_wconf 85' lang='lat' dir='ltr'><strong>Coniessor,</strong></span> <span class='ocrx_word' id='word_1_250' title='bbox 1203 2559 1314 2622; x_wconf 87' lang='lat' dir='ltr'><strong>deinde</strong></span> 
     </span>
     <span class='ocr_line' id='line_1_30' title="bbox 32 2639 1314 2721; baseline 0.004 -27"><span class='ocrx_word' id='word_1_251' title='bbox 32 2649 78 2696; x_wconf 90' lang='lat' dir='ltr'><strong>nes</strong></span> <span class='ocrx_word' id='word_1_252' title='bbox 103 2639 197 2704; x_wconf 83' lang='lat' dir='ltr'><strong>tactae</strong></span> <span class='ocrx_word' id='word_1_253' title='bbox 226 2649 318 2703; x_wconf 89' lang='lat' dir='ltr'><strong>sunt:</strong></span> <span class='ocrx_word' id='word_1_254' title='bbox 343 2643 453 2720; x_wconf 84' lang='lat' dir='ltr'><strong>urimo,</strong></span> <span class='ocrx_word' id='word_1_255' title='bbox 478 2655 560 2702; x_wconf 87' lang='lat' dir='ltr'><strong>anuo</strong></span> <span class='ocrx_word' id='word_1_256' title='bbox 581 2639 651 2714; x_wconf 79' lang='lat'><strong>782,</strong></span> <span class='ocrx_word' id='word_1_257' title='bbox 681 2643 817 2706; x_wconf 83' lang='lat' dir='ltr'><strong>adhaesit</strong></span> <span class='ocrx_word' id='word_1_258' title='bbox 837 2642 1021 2717; x_wconf 84' lang='lat' dir='ltr'><strong>Novatiano,</strong></span> <span class='ocrx_word' id='word_1_259' title='bbox 1044 2657 1078 2704; x_wconf 84' lang='lat' dir='ltr'><strong>ao</strong></span> <span class='ocrx_word' id='word_1_260' title='bbox 1094 2651 1193 2721; x_wconf 82' lang='lat' dir='ltr'><strong>postea</strong></span> <span class='ocrx_word' id='word_1_261' title='bbox 1223 2639 1314 2700; x_wconf 90' lang='lat' dir='ltr'><strong>rediit</strong></span> 
     </span>
     <span class='ocr_line' id='line_1_31' title="bbox 32 2717 1313 2802; baseline 0.002 -26"><span class='ocrx_word' id='word_1_262' title='bbox 32 2719 159 2797; x_wconf 78' lang='lat' dir='ltr'><strong>sosoma,</strong></span> <span class='ocrx_word' id='word_1_263' title='bbox 174 2719 354 2785; x_wconf 72' lang='lat' dir='ltr'><strong>annotina.</strong></span> <span class='ocrx_word' id='word_1_264' title='bbox 681 2722 716 2784; x_wconf 87' lang='lat' dir='ltr'><strong>ad</strong></span> <span class='ocrx_word' id='word_1_265' title='bbox 731 2723 909 2785; x_wconf 82' lang='lat' dir='ltr'><strong>ecetesiam:</strong></span> <span class='ocrx_word' id='word_1_266' title='bbox 932 2721 1087 2802; x_wconf 85' lang='lat' dir='ltr'><strong>adquam,</strong></span> <span class='ocrx_word' id='word_1_267' title='bbox 1103 2722 1181 2782; x_wconf 87' lang='lat' dir='ltr'><strong>sieut</strong></span> <span class='ocrx_word' id='word_1_268' title='bbox 1195 2717 1232 2780; x_wconf 88' lang='lat' dir='ltr'><strong>ad</strong></span> <span class='ocrx_word' id='word_1_269' title='bbox 1247 2733 1313 2780; x_wconf 83' lang='lat' dir='ltr'><strong>oae-</strong></span> 
     </span>
     <span class='ocr_line' id='line_1_32' title="bbox 683 2797 1315 2877; baseline -0.005 -15"><span class='ocrx_word' id='word_1_270' title='bbox 683 2808 762 2863; x_wconf 89' lang='lat' dir='ltr'><strong>teros</strong></span> <span class='ocrx_word' id='word_1_271' title='bbox 782 2801 996 2874; x_wconf 83' lang='lat' dir='ltr'><strong>(ioniessores,</strong></span> <span class='ocrx_word' id='word_1_272' title='bbox 1020 2799 1125 2862; x_wconf 80' lang='lat' dir='ltr'><strong>scribit</strong></span> <span class='ocrx_word' id='word_1_273' title='bbox 1144 2797 1175 2862; x_wconf 88' lang='lat' dir='ltr'><strong>S.</strong></span> <span class='ocrx_word' id='word_1_274' title='bbox 1193 2797 1315 2877; x_wconf 85' lang='lat' dir='ltr'><strong>Cypria·</strong></span> 
     </span>
     <span class='ocr_line' id='line_1_33' title="bbox 32 2879 1314 2953; baseline -0.001 -13"><span class='ocrx_word' id='word_1_275' title='bbox 32 2903 453 2951; x_wconf 77' lang='lat' dir='ltr'><strong>uunnmnnomomn.nucmrs.</strong></span> <span class='ocrx_word' id='word_1_276' title='bbox 536 2907 653 2950; x_wconf 82' lang='lat' dir='ltr'><strong>nmxrx.</strong></span> <span class='ocrx_word' id='word_1_277' title='bbox 682 2897 756 2944; x_wconf 88' lang='lat' dir='ltr'><strong>nus:</strong></span> <span class='ocrx_word' id='word_1_278' title='bbox 779 2880 933 2942; x_wconf 85' lang='lat' dir='ltr'><strong>sedilium</strong></span> <span class='ocrx_word' id='word_1_279' title='bbox 957 2897 1018 2943; x_wconf 91' lang='lat' dir='ltr'><strong>non</strong></span> <span class='ocrx_word' id='word_1_280' title='bbox 1034 2885 1151 2942; x_wconf 85' lang='lat' dir='ltr'><strong>constat</strong></span> <span class='ocrx_word' id='word_1_281' title='bbox 1166 2879 1314 2953; x_wconf 81' lang='lat' dir='ltr'><strong>martyrio</strong></span> 
     </span>
     <span class='ocr_line' id='line_1_34' title="bbox 682 2958 1312 3036; baseline -0.008 -14"><span class='ocrx_word' id='word_1_282' title='bbox 682 2969 940 3024; x_wconf 86' lang='lat' dir='ltr'><strong>consummatum.</strong></span> <span class='ocrx_word' id='word_1_283' title='bbox 964 2960 1112 3036; x_wconf 84' lang='lat' dir='ltr'><strong>Quisnam</strong></span> <span class='ocrx_word' id='word_1_284' title='bbox 1136 2960 1184 3020; x_wconf 86' lang='lat' dir='ltr'><strong>itio</strong></span> <span class='ocrx_word' id='word_1_285' title='bbox 1206 2958 1312 3030; x_wconf 87' lang='lat' dir='ltr'><strong>inerit,</strong></span> 
     </span>
     <span class='ocr_line' id='line_1_35' title="bbox 34 3037 1314 3122; baseline 0 -24"><span class='ocrx_word' id='word_1_286' title='bbox 34 3115 38 3122; x_wconf 32' lang='grc' dir='ltr'>Ι</span> <span class='ocrx_word' id='word_1_287' title='bbox 66 3037 240 3103; x_wconf 81' lang='lat' dir='ltr'><strong>tinarrnou.</strong></span> <span class='ocrx_word' id='word_1_288' title='bbox 256 3072 296 3084; x_wconf 93' lang='lat'>-</span> <span class='ocrx_word' id='word_1_289' title='bbox 320 3039 351 3101; x_wconf 86' lang='lat' dir='ltr'><strong>in</strong></span> <span class='ocrx_word' id='word_1_290' title='bbox 377 3040 485 3120; x_wconf 83' lang='lat' dir='ltr'><strong>oppido</strong></span> <span class='ocrx_word' id='word_1_291' title='bbox 506 3039 652 3117; x_wconf 82' lang='lat' dir='ltr'><strong>Marpurg</strong></span> <span class='ocrx_word' id='word_1_292' title='bbox 682 3057 731 3102; x_wconf 88' lang='lat' dir='ltr'><strong>me</strong></span> <span class='ocrx_word' id='word_1_293' title='bbox 746 3040 834 3102; x_wconf 84' lang='lat' dir='ltr'><strong>latei:</strong></span> <span class='ocrx_word' id='word_1_294' title='bbox 857 3049 1047 3119; x_wconf 79' lang='lat' dir='ltr'><strong>compertum</strong></span> <span class='ocrx_word' id='word_1_295' title='bbox 1070 3046 1188 3101; x_wconf 89' lang='lat' dir='ltr'><strong>tanturn</strong></span> <span class='ocrx_word' id='word_1_296' title='bbox 1218 3038 1314 3100; x_wconf 85' lang='lat' dir='ltr'><strong>habeo</strong></span> 
     </span>
     <span class='ocr_line' id='line_1_36' title="bbox 33 3115 1314 3198; baseline 0.004 -26"><span class='ocrx_word' id='word_1_297' title='bbox 33 3129 59 3173; x_wconf 86' lang='lat' dir='ltr'><strong>rn</strong></span> <span class='ocrx_word' id='word_1_298' title='bbox 71 3115 228 3182; x_wconf 82' lang='lat' dir='ltr'><strong>Germania</strong></span> <span class='ocrx_word' id='word_1_299' title='bbox 243 3120 390 3198; x_wconf 80' lang='lat' dir='ltr'><strong>depositio</strong></span> <span class='ocrx_word' id='word_1_300' title='bbox 410 3127 529 3182; x_wconf 87' lang='lat' dir='ltr'><strong>sanotae</strong></span> <span class='ocrx_word' id='word_1_301' title='bbox 545 3120 654 3182; x_wconf 81' lang='lat' dir='ltr'><strong>Enisa·</strong></span> <span class='ocrx_word' id='word_1_302' title='bbox 681 3137 717 3182; x_wconf 86' lang='lat' dir='ltr'><strong>ex</strong></span> <span class='ocrx_word' id='word_1_303' title='bbox 735 3122 932 3198; x_wconf 78' lang='lat' dir='ltr'><strong>manuscript.</strong></span> <span class='ocrx_word' id='word_1_304' title='bbox 945 3120 1012 3183; x_wconf 90' lang='lat' dir='ltr'><strong>eod.</strong></span> <span class='ocrx_word' id='word_1_305' title='bbox 1027 3119 1179 3182; x_wconf 85' lang='lat' dir='ltr'><strong>SMariae</strong></span> <span class='ocrx_word' id='word_1_306' title='bbox 1191 3119 1226 3180; x_wconf 85' lang='lat' dir='ltr'><strong>ad</strong></span> <span class='ocrx_word' id='word_1_307' title='bbox 1238 3118 1314 3178; x_wconf 85' lang='lat' dir='ltr'><strong>Mar-</strong></span> 
     </span>
     <span class='ocr_line' id='line_1_37' title="bbox 33 3197 1314 3276; baseline 0.002 -20"><span class='ocrx_word' id='word_1_308' title='bbox 33 3198 236 3274; x_wconf 76' lang='lat' dir='ltr'><strong>nmuiiduae,</strong></span> <span class='ocrx_word' id='word_1_309' title='bbox 262 3200 401 3262; x_wconf 80' lang='lat' dir='ltr'><strong>Andreae</strong></span> <span class='ocrx_word' id='word_1_310' title='bbox 423 3197 510 3276; x_wconf 80' lang='lat' dir='ltr'><strong>Regis</strong></span> <span class='ocrx_word' id='word_1_311' title='bbox 530 3199 652 3276; x_wconf 86' lang='lat' dir='ltr'><strong>Huuga·</strong></span> <span class='ocrx_word' id='word_1_312' title='bbox 683 3208 773 3274; x_wconf 82' lang='lat' dir='ltr'><strong>tyros,</strong></span> <span class='ocrx_word' id='word_1_313' title='bbox 802 3201 915 3262; x_wconf 84' lang='lat' dir='ltr'><strong>Rornae</strong></span> <span class='ocrx_word' id='word_1_314' title='bbox 943 3199 999 3262; x_wconf 87' lang='lat' dir='ltr'><strong>heo</strong></span> <span class='ocrx_word' id='word_1_315' title='bbox 1027 3199 1076 3262; x_wconf 91' lang='lat' dir='ltr'><strong>die</strong></span> <span class='ocrx_word' id='word_1_316' title='bbox 1104 3213 1221 3276; x_wconf 83' lang='lat' dir='ltr'><strong>passum</strong></span> <span class='ocrx_word' id='word_1_317' title='bbox 1248 3211 1314 3258; x_wconf 87' lang='lat' dir='ltr'><strong>esse</strong></span> 
     </span>
     <span class='ocr_line' id='line_1_38' title="bbox 33 3277 1313 3356; baseline 0.005 -26"><span class='ocrx_word' id='word_1_318' title='bbox 33 3279 232 3352; x_wconf 86' lang='lat' dir='ltr'><strong>rorumtiiiae,</strong></span> <span class='ocrx_word' id='word_1_319' title='bbox 249 3281 330 3340; x_wconf 90' lang='lat' dir='ltr'><strong>tertii</strong></span> <span class='ocrx_word' id='word_1_320' title='bbox 351 3277 474 3340; x_wconf 87' lang='lat' dir='ltr'><strong>Ordinis</strong></span> <span class='ocrx_word' id='word_1_321' title='bbox 503 3277 534 3342; x_wconf 89' lang='lat' dir='ltr'><strong>S.</strong></span> <span class='ocrx_word' id='word_1_322' title='bbox 559 3279 652 3341; x_wconf 83' lang='lat' dir='ltr'><strong>Fran·</strong></span> <span class='ocrx_word' id='word_1_323' title='bbox 681 3280 847 3342; x_wconf 83' lang='lat' dir='ltr'><strong>Maximum</strong></span> <span class='ocrx_word' id='word_1_324' title='bbox 882 3279 1222 3346; x_wconf 84' lang='lat' dir='ltr'><strong>commentariensem.</strong></span> <span class='ocrx_word' id='word_1_325' title='bbox 1258 3277 1313 3356; x_wconf 83' lang='lat' dir='ltr'><strong>qui</strong></span> 
     </span>
     <span class='ocr_line' id='line_1_39' title="bbox 33 3352 1314 3440; baseline 0.005 -29"><span class='ocrx_word' id='word_1_326' title='bbox 33 3352 108 3440; x_wconf 85' lang='lat' dir='ltr'><strong>¹tisri,</strong></span> <span class='ocrx_word' id='word_1_327' title='bbox 128 3373 203 3437; x_wconf 84' lang='lat' dir='ltr'><strong>quae</strong></span> <span class='ocrx_word' id='word_1_328' title='bbox 231 3359 352 3438; x_wconf 83' lang='lat' dir='ltr'><strong>pietatis</strong></span> <span class='ocrx_word' id='word_1_329' title='bbox 372 3357 514 3434; x_wconf 81' lang='lat' dir='ltr'><strong>operibus</strong></span> <span class='ocrx_word' id='word_1_330' title='bbox 534 3359 653 3421; x_wconf 88' lang='lat' dir='ltr'><strong>assidue</strong></span> <span class='ocrx_word' id='word_1_331' title='bbox 682 3359 848 3439; x_wconf 83' lang='lat' dir='ltr'><strong>baptizatos</strong></span> <span class='ocrx_word' id='word_1_332' title='bbox 861 3375 877 3422; x_wconf 88' lang='lat' dir='ltr'><strong>e</strong></span> <span class='ocrx_word' id='word_1_333' title='bbox 892 3358 923 3423; x_wconf 91' lang='lat' dir='ltr'><strong>S.</strong></span> <span class='ocrx_word' id='word_1_334' title='bbox 936 3358 1092 3438; x_wconf 81' lang='lat' dir='ltr'><strong>Stephano</strong></span> <span class='ocrx_word' id='word_1_335' title='bbox 1107 3358 1182 3436; x_wconf 81' lang='lat' dir='ltr'><strong>Papa</strong></span> <span class='ocrx_word' id='word_1_336' title='bbox 1198 3357 1314 3418; x_wconf 80' lang='lat' dir='ltr'><strong>etiter-</strong></span> 
     </span>
     <span class='ocr_line' id='line_1_40' title="bbox 34 3437 1314 3518; baseline 0.002 -23"><span class='ocrx_word' id='word_1_337' title='bbox 34 3438 148 3512; x_wconf 84' lang='lat' dir='ltr'><strong>tttenta,</strong></span> <span class='ocrx_word' id='word_1_338' title='bbox 173 3439 329 3501; x_wconf 81' lang='lat' dir='ltr'><strong>miracolis</strong></span> <span class='ocrx_word' id='word_1_339' title='bbox 349 3437 426 3500; x_wconf 81' lang='lat' dir='ltr'><strong>niara</strong></span> <span class='ocrx_word' id='word_1_340' title='bbox 450 3439 596 3515; x_wconf 80' lang='lat' dir='ltr'><strong>migravit</strong></span> <span class='ocrx_word' id='word_1_341' title='bbox 615 3437 652 3500; x_wconf 91' lang='lat' dir='ltr'><strong>ad</strong></span> <span class='ocrx_word' id='word_1_342' title='bbox 683 3447 769 3518; x_wconf 74' lang='lat' dir='ltr'><strong>tyre,</strong></span> <span class='ocrx_word' id='word_1_343' title='bbox 797 3441 829 3501; x_wconf 89' lang='lat' dir='ltr'><strong>in</strong></span> <span class='ocrx_word' id='word_1_344' title='bbox 851 3439 1060 3516; x_wconf 78' lang='lat' dir='ltr'><strong>perseeutione</strong></span> <span class='ocrx_word' id='word_1_345' title='bbox 1081 3437 1163 3500; x_wconf 82' lang='lat' dir='ltr'><strong>naen</strong></span> <span class='ocrx_word' id='word_1_346' title='bbox 1186 3451 1203 3498; x_wconf 85' lang='lat' dir='ltr'><strong>e</strong></span> <span class='ocrx_word' id='word_1_347' title='bbox 1225 3445 1314 3515; x_wconf 79' lang='lat' dir='ltr'><strong>ponte</strong></span> 
     </span>
     <span class='ocr_line' id='line_1_41' title="bbox 35 3506 1314 3612; baseline 0.007 -45"><span class='ocrx_word' id='word_1_348' title='bbox 35 3506 196 3580; x_wconf 79' lang='lat' dir='ltr'><strong>dominum.</strong></span> <span class='ocrx_word' id='word_1_349' title='bbox 211 3517 300 3598; x_wconf 81' lang='lat' dir='ltr'><strong>(Vide</strong></span> <span class='ocrx_word' id='word_1_350' title='bbox 313 3519 455 3591; x_wconf 78' lang='lat' dir='ltr'><strong>Surium,</strong></span> <span class='ocrx_word' id='word_1_351' title='bbox 476 3533 545 3597; x_wconf 78' lang='lat' dir='ltr'><strong>pag.</strong></span> <span class='ocrx_word' id='word_1_352' title='bbox 567 3517 649 3597; x_wconf 77' lang='lat' dir='ltr'><strong>not).</strong></span> <span class='ocrx_word' id='word_1_353' title='bbox 683 3519 895 3612; x_wconf 80' lang='lat' dir='ltr'><strong>praecipitatos</strong></span> <span class='ocrx_word' id='word_1_354' title='bbox 917 3523 948 3580; x_wconf 91' lang='lat' dir='ltr'><strong>in</strong></span> <span class='ocrx_word' id='word_1_355' title='bbox 965 3517 1100 3610; x_wconf 69' lang='lat' dir='ltr'><strong>Tiberim</strong></span> <span class='ocrx_word' id='word_1_356' title='bbox 1127 3515 1164 3578; x_wconf 81' lang='lat' dir='ltr'><strong>tt</strong></span> <span class='ocrx_word' id='word_1_357' title='bbox 1177 3514 1241 3579; x_wconf 64' lang='grc' dir='ltr'><strong>Καὶ.</strong></span> <span class='ocrx_word' id='word_1_358' title='bbox 1257 3513 1314 3608; x_wconf 71' lang='lat' dir='ltr'><strong>De·</strong></span> 
     </span>
     <span class='ocr_line' id='line_1_42' title="bbox 680 3598 1314 3678; baseline -0.011 -18"><span class='ocrx_word' id='word_1_359' title='bbox 680 3598 812 3660; x_wconf 85' lang='lat' dir='ltr'><strong>cembrrs</strong></span> <span class='ocrx_word' id='word_1_360' title='bbox 847 3605 1031 3678; x_wconf 79' lang='lat' dir='ltr'><strong>martyrium</strong></span> <span class='ocrx_word' id='word_1_361' title='bbox 1066 3603 1314 3668; x_wconf 82' lang='lat' dir='ltr'><strong>eonsummavrt;</strong></span> 
     </span>
     <span class='ocr_line' id='line_1_43' title="bbox 58 3669 1314 3757; baseline 0.002 -25"><span class='ocrx_word' id='word_1_362' title='bbox 58 3669 84 3732; x_wconf 83' lang='lat' dir='ltr'><strong>S.</strong></span> <span class='ocrx_word' id='word_1_363' title='bbox 97 3672 310 3740; x_wconf 77' lang='lat' dir='ltr'><strong>PONTIANUS</strong></span> <span class='ocrx_word' id='word_1_364' title='bbox 330 3677 416 3739; x_wconf 77' lang='lat' dir='ltr'><strong>Pars</strong></span> <span class='ocrx_word' id='word_1_365' title='bbox 429 3693 466 3739; x_wconf 81' lang='lat' dir='ltr'><strong>ur</strong></span> <span class='ocrx_word' id='word_1_366' title='bbox 480 3677 619 3740; x_wconf 79' lang='lat' dir='ltr'><strong>dinanno.</strong></span> <span class='ocrx_word' id='word_1_367' title='bbox 681 3677 876 3757; x_wconf 79' lang='lat' dir='ltr'><strong>sepultusque</strong></span> <span class='ocrx_word' id='word_1_368' title='bbox 891 3686 937 3740; x_wconf 85' lang='lat' dir='ltr'><strong>est</strong></span> <span class='ocrx_word' id='word_1_369' title='bbox 949 3678 985 3740; x_wconf 89' lang='lat' dir='ltr'><strong>ad</strong></span> <span class='ocrx_word' id='word_1_370' title='bbox 1007 3677 1038 3740; x_wconf 92' lang='lat' dir='ltr'><strong>S.</strong></span> <span class='ocrx_word' id='word_1_371' title='bbox 1055 3675 1176 3739; x_wconf 86' lang='lat' dir='ltr'><strong>Sixtorn</strong></span> <span class='ocrx_word' id='word_1_372' title='bbox 1203 3677 1232 3737; x_wconf 91' lang='lat' dir='ltr'><strong>iu</strong></span> <span class='ocrx_word' id='word_1_373' title='bbox 1249 3689 1314 3736; x_wconf 89' lang='lat' dir='ltr'><strong>eoe-</strong></span> 
     </span>
     <span class='ocr_line' id='line_1_44' title="bbox 102 3753 1312 3916; baseline 0.002 -73"><span class='ocrx_word' id='word_1_374' title='bbox 102 3779 144 3844; x_wconf 80' lang='lat' dir='ltr'><strong>dd</strong></span> <span class='ocrx_word' id='word_1_375' title='bbox 157 3799 238 3848; x_wconf 85' lang='lat' dir='ltr'><strong>anno</strong></span> <span class='ocrx_word' id='word_1_376' title='bbox 251 3783 310 3847; x_wconf 76' lang='lat'><strong>232</strong></span> <span class='ocrx_word' id='word_1_377' title='bbox 335 3801 431 3865; x_wconf 81' lang='lat' dir='ltr'><strong>usquo</strong></span> <span class='ocrx_word' id='word_1_378' title='bbox 445 3781 485 3848; x_wconf 86' lang='lat' dir='ltr'><strong>ad</strong></span> <span class='ocrx_word' id='word_1_379' title='bbox 498 3781 570 3848; x_wconf 75' lang='lat'><strong>237.</strong></span> <span class='ocrx_word' id='word_1_380' title='bbox 679 3760 823 3900; x_wconf 45' lang='lat' dir='ltr'>ffisg&#39;d</span> <span class='ocrx_word' id='word_1_381' title='bbox 834 3755 965 3916; x_wconf 37' lang='lat' dir='ltr'><strong>effigur-</strong></span> <span class='ocrx_word' id='word_1_382' title='bbox 988 3755 1089 3900; x_wconf 53' lang='lat' dir='ltr'><strong>ffiffl</strong></span> <span class='ocrx_word' id='word_1_383' title='bbox 1107 3756 1257 3818; x_wconf 61' lang='lat' dir='ltr'><strong>B³f⁰¹¹i¹¹⁸</strong></span> <span class='ocrx_word' id='word_1_384' title='bbox 1280 3753 1312 3814; x_wconf 57' lang='lat'><strong>5¹¹</strong></span> 
     </span>
     <span class='ocr_line' id='line_1_45' title="bbox 69 3907 651 3980; baseline 0.007 -8"><span class='ocrx_word' id='word_1_385' title='bbox 69 3907 235 3979; x_wconf 74' lang='lat' dir='ltr'><strong>donarunt.</strong></span> <span class='ocrx_word' id='word_1_386' title='bbox 263 3947 301 3961; x_wconf 88' lang='lat'><strong>·-</strong></span> <span class='ocrx_word' id='word_1_387' title='bbox 321 3916 436 3980; x_wconf 83' lang='lat' dir='ltr'><strong>Eodem</strong></span> <span class='ocrx_word' id='word_1_388' title='bbox 464 3917 514 3978; x_wconf 89' lang='lat' dir='ltr'><strong>die</strong></span> <span class='ocrx_word' id='word_1_389' title='bbox 543 3916 651 3979; x_wconf 86' lang='lat' dir='ltr'><strong>natatis</strong></span> 
     </span>
     <span class='ocr_line' id='line_1_46' title="bbox 37 3993 1187 4077; baseline 0.005 -27"><span class='ocrx_word' id='word_1_390' title='bbox 37 3993 116 4077; x_wconf 60' lang='lat' dir='ltr'><strong>dotti</strong></span> <span class='ocrx_word' id='word_1_391' title='bbox 144 3993 291 4060; x_wconf 83' lang='lat' dir='ltr'><strong>Pourrnru</strong></span> <span class='ocrx_word' id='word_1_392' title='bbox 315 3996 463 4074; x_wconf 84' lang='lat' dir='ltr'><strong>Papaeet</strong></span> <span class='ocrx_word' id='word_1_393' title='bbox 484 3995 649 4074; x_wconf 70' lang='lat' dir='ltr'><strong>MartyriS,</strong></span> <span class='ocrx_word' id='word_1_394' title='bbox 796 3995 826 4060; x_wconf 93' lang='lat' dir='ltr'><strong>S.</strong></span> <span class='ocrx_word' id='word_1_395' title='bbox 844 3994 1030 4058; x_wconf 79' lang='lat' dir='ltr'><strong>Bnntnnni</strong></span> <span class='ocrx_word' id='word_1_396' title='bbox 1044 3995 1187 4058; x_wconf 76' lang='lat' dir='ltr'><strong>Munera.</strong></span> 
     </span>
     <span class='ocr_line' id='line_1_47' title="bbox 39 4070 1310 4224; baseline -0.002 -58"><span class='ocrx_word' id='word_1_397' title='bbox 39 4070 139 4224; x_wconf 44' lang='lat' dir='ltr'>fflsspgf</span> <span class='ocrx_word' id='word_1_398' title='bbox 152 4076 337 4216; x_wconf 41' lang='lat' dir='ltr'><strong>,fflffifflgs‘t&#39;</strong></span> <span class='ocrx_word' id='word_1_399' title='bbox 365 4075 561 4216; x_wconf 62' lang='lat' dir='ltr'><strong>¹¹¹¹P⁰f⁸s¹⁰f3.</strong></span> <span class='ocrx_word' id='word_1_400' title='bbox 578 4090 648 4167; x_wconf 47' lang='lat' dir='ltr'><strong>‘tum</strong></span> <span class='ocrx_word' id='word_1_401' title='bbox 678 4101 768 4164; x_wconf 79' lang='lat' dir='ltr'><strong>Anno</strong></span> <span class='ocrx_word' id='word_1_402' title='bbox 792 4101 851 4165; x_wconf 80' lang='lat' dir='ltr'><strong>tot</strong></span> <span class='ocrx_word' id='word_1_403' title='bbox 874 4102 1060 4182; x_wconf 76' lang='lat' dir='ltr'><strong>martyrium</strong></span> <span class='ocrx_word' id='word_1_404' title='bbox 1075 4099 1310 4164; x_wconf 78' lang='lat' dir='ltr'><strong>consummavit.</strong></span> 
     </span>
     <span class='ocr_line' id='line_1_48' title="bbox 39 4167 1314 4323; baseline 0.001 -30"><span class='ocrx_word' id='word_1_405' title='bbox 39 4167 204 4322; x_wconf 55' lang='lat' dir='ltr'><strong>detortaytgs,</strong></span> <span class='ocrx_word' id='word_1_406' title='bbox 224 4169 476 4314; x_wconf 47' lang='lat' dir='ltr'><strong>irigfuoyreoirrssti&#39;ililus</strong></span> <span class='ocrx_word' id='word_1_407' title='bbox 492 4169 649 4306; x_wconf 47' lang='lat' dir='ltr'><strong>{affl</strong></span> <span class='ocrx_word' id='word_1_408' title='bbox 717 4235 897 4299; x_wconf 81' lang='lat' dir='ltr'><strong>tinarrnon.</strong></span> <span class='ocrx_word' id='word_1_409' title='bbox 921 4265 961 4279; x_wconf 69' lang='lat'><strong>‹-</strong></span> <span class='ocrx_word' id='word_1_410' title='bbox 978 4233 1140 4296; x_wconf 83' lang='lat' dir='ltr'><strong>Caesareae</strong></span> <span class='ocrx_word' id='word_1_411' title='bbox 1155 4234 1186 4294; x_wconf 88' lang='lat' dir='ltr'><strong>in</strong></span> <span class='ocrx_word' id='word_1_412' title='bbox 1203 4231 1314 4323; x_wconf 62' lang='lat' dir='ltr'><strong>Cappa</strong></span> 
     </span>
     <span class='ocr_line' id='line_1_49' title="bbox 40 4311 1311 4393; baseline 0.009 -35"><span class='ocrx_word' id='word_1_413' title='bbox 40 4311 201 4393; x_wconf 74' lang='lat' dir='ltr'><strong>martynum</strong></span> <span class='ocrx_word' id='word_1_414' title='bbox 215 4316 452 4376; x_wconf 81' lang='lat' dir='ltr'><strong>consummarit:</strong></span> <span class='ocrx_word' id='word_1_415' title='bbox 476 4327 584 4389; x_wconf 80' lang='lat' dir='ltr'><strong>eorpus</strong></span> <span class='ocrx_word' id='word_1_416' title='bbox 599 4329 648 4374; x_wconf 83' lang='lat' dir='ltr'><strong>re·</strong></span> <span class='ocrx_word' id='word_1_417' title='bbox 678 4315 761 4378; x_wconf 89' lang='lat' dir='ltr'><strong>doeia</strong></span> <span class='ocrx_word' id='word_1_418' title='bbox 791 4317 884 4377; x_wconf 85' lang='lat' dir='ltr'><strong>saneti</strong></span> <span class='ocrx_word' id='word_1_419' title='bbox 908 4313 1058 4376; x_wconf 82' lang='lat' dir='ltr'><strong>Bnaonnn</strong></span> <span class='ocrx_word' id='word_1_420' title='bbox 1080 4311 1236 4392; x_wconf 65' lang='lat' dir='ltr'><strong>Martyris.</strong></span> <span class='ocrx_word' id='word_1_421' title='bbox 1259 4327 1311 4389; x_wconf 80' lang='lat' dir='ltr'><strong>qur</strong></span> 
     </span>
     <span class='ocr_line' id='line_1_50' title="bbox 40 4389 1313 4473; baseline 0.004 -29"><span class='ocrx_word' id='word_1_422' title='bbox 40 4389 69 4437; x_wconf 78' lang='lat' dir='ltr'><strong>rt</strong></span> <span class='ocrx_word' id='word_1_423' title='bbox 81 4395 139 4460; x_wconf 71' lang='lat' dir='ltr'><strong>erus</strong></span> <span class='ocrx_word' id='word_1_424' title='bbox 150 4405 166 4452; x_wconf 83' lang='lat' dir='ltr'><strong>a</strong></span> <span class='ocrx_word' id='word_1_425' title='bbox 179 4391 263 4456; x_wconf 85' lang='lat' dir='ltr'><strong>beato</strong></span> <span class='ocrx_word' id='word_1_426' title='bbox 283 4391 418 4456; x_wconf 80' lang='lat' dir='ltr'><strong>Fabiano</strong></span> <span class='ocrx_word' id='word_1_427' title='bbox 431 4391 509 4473; x_wconf 84' lang='lat' dir='ltr'><strong>Papa</strong></span> <span class='ocrx_word' id='word_1_428' title='bbox 523 4393 649 4456; x_wconf 79' lang='lat' dir='ltr'><strong>Romam</strong></span> <span class='ocrx_word' id='word_1_429' title='bbox 677 4395 805 4472; x_wconf 80' lang='lat' dir='ltr'><strong>agrestis</strong></span> <span class='ocrx_word' id='word_1_430' title='bbox 821 4394 891 4456; x_wconf 86' lang='lat' dir='ltr'><strong>iicet</strong></span> <span class='ocrx_word' id='word_1_431' title='bbox 911 4402 941 4456; x_wconf 86' lang='lat' dir='ltr'><strong>et</strong></span> <span class='ocrx_word' id='word_1_432' title='bbox 953 4391 1049 4467; x_wconf 83' lang='lat' dir='ltr'><strong>rodis,</strong></span> <span class='ocrx_word' id='word_1_433' title='bbox 1072 4389 1183 4454; x_wconf 83' lang='lat' dir='ltr'><strong>Christi</strong></span> <span class='ocrx_word' id='word_1_434' title='bbox 1198 4393 1313 4469; x_wconf 87' lang='lat' dir='ltr'><strong>sapien·</strong></span> 
     </span>
    </p>
   </div>
   <div class='ocr_carea' id='block_1_3' title="bbox 0 0 1483 4810">
    <p class='ocr_par' dir='ltr' id='par_1_3' title="bbox 0 0 1483 4810">
     <span class='ocr_line' id='line_1_51' title="bbox 0 0 1483 4810; baseline 0 0"><span class='ocrx_word' id='word_1_435' title='bbox 0 0 1483 4810; x_wconf 95' lang='lat' dir='ltr'><strong> </strong></span> 
     </span>
    </p>
   </div>
  </div>
 </body>
</html>
