2932 4812
16 333 83 398 [tlt.
109 335 143 398 31
318 353 356 400 oa
381 353 408 399 s.
437 351 611 398 svxvssrno
637 351 716 398 rara
742 351 777 397 ar
802 349 950 400 counnss.
1163 337 1220 400 dll

12 437 144 516 allectus,
162 450 195 506 et
214 436 331 506 bostili
353 435 470 505 animo
488 437 521 503 in
543 433 834 506 ludaeos.»Haec
859 457 938 506 curn
958 435 1100 506 dixisset
1113 438 1273 508 Zambres

13 527 245 616 praestigiator,
267 525 351 594 dicit
374 526 405 594 ei
420 529 630 614 Imperator:
659 547 676 590 a
703 524 736 592 Si
762 545 828 593 non
864 526 913 594 vis
938 526 1106 683 Episcopo
1139 528 1273 616 aperire

12 617 209 701 mysterium,
228 627 263 685 at
291 613 390 684 nobis
407 612 544 682 interim
559 624 692 702 oportet
711 611 896 682 dissolvere
921 614 968 683 du
997 615 1080 683 ium.
1104 619 1161 684 Est
1177 617 1270 684 enim

11 723 37 768 re
60 723 130 770 vera
156 703 305 772 dubium
331 700 424 790 quod
445 701 592 782 dicitur,
621 701 689 770 nisi
713 703 791 787 quis
808 701 930 772 dixerit
954 703 1018 773 boc
1049 702 1159 786 disci,
1186 704 1272 774 dum

12 789 155 880 legitur.»
180 791 343 862 lambres
363 802 498 862 autem:
527 793 634 859 «Non
653 788 772 880 pellis,
799 791 931 879 inquit,
955 813 1021 861 non
1048 791 1116 861 alia
1138 793 1269 874 charta,

10 899 65 948 non
89 881 235 971 lignum,
256 903 324 950 non
343 880 445 970 lapis,
467 901 532 949 non
548 878 660 949 ullum
679 877 774 949 aliud
799 902 926 968 corpus
943 893 1050 970 potest
1067 880 1130 952 boc
1146 903 1270 951 nomen

10 968 158 1058 scriptum
184 969 375 1040 continere.
396 974 479 1040 llam
501 967 658 1057 protinus
672 979 705 1037 et
720 969 780 1055 qui
801 969 931 1049 scribit,
949 983 1135 1060 etaemus,
1155 971 1189 1039 in
1202 992 1271 1058 quo

10 1058 166 1139 scribitur,
194 1059 363 1129 interit.»
388 1063 578 1148 Imperator
596 1078 696 1126 vero:
724 1057 819 1126 «llic
835 1079 928 1148 ergo,
955 1059 1078 1146 inquit,
1101 1058 1273 1146 quomodo

13 1145 72 1233 ipse
90 1147 149 1217 boc
174 1148 351 1218 didicisti?
374 1148 505 1216 Etenim
532 1147 607 1216 lieri
640 1167 706 1214 non
733 1157 853 1304 plotest,
880 1160 918 1216 ut
942 1147 1006 1217 boc
1034 1148 1209 1228 discatur,
1242 1149 1272 1218 si

17 1255 107 1320 neque
128 1236 279 1318 dicatur,
306 1256 417 1323 neque
436 1235 643 1306 scribatur.»
659 1239 735 1303 Zarn
766 1256 819 1303 res
843 1247 976 1305 autem:
1004 1241 1118 1325 «Ego,
1146 1237 1269 1324 inquit,

17 1327 238 1413 olmpcrator‚
268 1337 397 1415 septem
424 1324 498 1395 dies
518 1324 636 1394 vacavi
652 1323 808 1413 jejuniis.
832 1325 960 1393 Deinde
985 1346 1069 1394 nova
1096 1324 1204 1414 pelvis
1218 1347 1272 1394 ar-

16 1423 127 1497 genten,
153 1435 223 1501 qua
248 1435 351 1483 nemo
368 1412 484 1484 adbuc
499 1434 586 1482 usus
606 1411 727 1492 luerat,
745 1412 886 1503 impleta
899 1411 964 1482 luit
988 1435 1074 1500 aqua
1096 1414 1268 1494 lontanae;

14 1511 128 1570 etcum
152 1525 243 1590 aqua
263 1501 386 1574 fuisset
408 1501 600 1576 benedicta,
624 1500 756 1571 litterae
779 1500 919 1572 suerunt
951 1503 985 1570 in
1007 1523 1046 1570 ea
1078 1503 1272 1593 insculptae

14 1589 142 1672 quodam
166 1592 289 1682 digito,
312 1613 400 1679 quae
425 1603 601 1677 vacantem
627 1602 775 1660 mentem
809 1591 952 1680 mystice
978 1613 1102 1661 nomen
1129 1592 1187 1661 Dei
1211 1591 1271 1660 dc-

15 1677 128 1747 cebant.
154 1704 172 1748 »
198 1681 290 1750 Dixit
314 1692 426 1750 autern
460 1679 662 1780 ingeniosus
699 1679 887 1768 sylvester:
915 1681 1006 1750 «Sic
1037 1680 1201 1767 quidem,
1233 1693 1273 1750 ut

15 1763 97 1845 dicis,
115 1770 302 1848 olambrc,
321 1768 464 1858 mystice
481 1767 633 1838 didicisti
651 1788 789 1854 nornen,
807 1768 899 1855 quod
918 1791 985 1838 non
1003 1769 1168 1839 audituri
1180 1769 1267 1851 Quid

17 1871 123 1937 autern,
147 1859 289 1946 quando
306 1859 341 1928 in
363 1877 481 1928 aurem
507 1857 775 1928 submurmuras
791 1857 855 1927 boc
875 1856 993 1939 alicui,
1013 1879 1080 1926 non
1099 1857 1270 1947 ipseque·

18 1961 71 2026 que
91 1945 150 2015 hoc
174 1969 301 2018 nornen
327 1946 451 2028 audis,
478 1945 568 2015 sicut
590 1944 643 2026 is,
670 1946 727 2014 cui
763 1946 827 2016 boc
851 1947 960 2016 dicis?
988 1945 1166 2028 Quomodo
1189 1967 1270 2036 ergo

20 2050 72 2098 non
89 2045 121 2102 tu
135 2057 272 2124 quoque
294 2035 461 2105 moreris?
480 2058 496 2100 v
513 2057 588 2100 -«
609 2038 678 2103 Non
701 2034 793 2124 apud
820 2047 850 2104 te
867 2034 909 2104 de
933 2035 997 2104 bac
1013 2057 1049 2104 re
1073 2035 1174 2104 verba
1190 2033 1267 2116 leci,

19 2119 172 2206 Sylvester,
199 2146 254 2194 res
282 2124 380 2194 ondit
405 2123 652 2213 praestigiator.
678 2121 752 2191 lam
770 2123 862 2192 enim
890 2124 988 2224 prius
1013 2124 1074 2194 tibi
1100 2123 1187 2198 dixi,
1216 2145 1271 2193 me

21 2207 69 2274 tibi
85 2211 165 2282 nolle
183 2236 239 2284 mo
268 2235 328 2282 um
348 2224 381 2282 et
408 2234 549 2283 causam
575 2211 719 2302 aperire.
748 2212 810 2280 Sed
839 2213 921 2299 qurd
952 2213 1064 2282 verbis
1089 2234 1177 2302 opus
1204 2223 1268 2293 est,

21 2315 85 2392 curn
100 2298 191 2373 liceat
207 2303 315 2374 rebus
332 2301 417 2392 ipsis
435 2300 651 2381 confirmare,
667 2300 758 2389 quod
776 2300 927 2370 dicitur?
943 2306 990 2370 Ex
1006 2301 1142 2371 duobus
1155 2320 1266 2370 unum

22 2381 107 2474 elige:
123 2403 178 2460 aut
204 2391 299 2462 enirn
327 2390 412 2481 ipse,
438 2390 601 2460 Nazareni
625 2389 781 2459 invocato
805 2391 964 2471 nornine,
993 2401 1127 2459 taurum
1155 2389 1269 2458 statim

23 2487 168 2548 nortuum
186 2478 340 2561 ostende,
359 2490 482 2549 etcum
501 2499 575 2548 esse
587 2483 693 2547 Deum
712 2499 775 2546 nos
795 2499 932 2567 quoque
949 2478 1184 2565 admittemus;
1211 2491 1270 2549 aut

20 2581 82 2630 curn
101 2587 157 2657 ego
173 2569 207 2638 in
225 2590 344 2639 aurem
370 2567 445 2656 ejus
469 2567 585 2636 dixero
611 2587 734 2635 nornen
752 2567 809 2635 Dei
834 2569 953 2647 nostri,
982 2567 1011 2637 si
1034 2567 1132 2637 cadet
1152 2566 1267 2637 statim

21 2657 119 2724 taums
139 2669 306 2738 mortuus,
333 2666 464 2747 oportet
479 2667 517 2726 ut
541 2669 578 2725 tu
601 2677 738 2746 quoque
755 2657 954 2726 assentiaris
976 2677 1043 2725 non
1069 2677 1143 2725 esse
1158 2656 1267 2725 aliurn

20 2739 118 2834 beura,
135 2745 200 2816 nisi
219 2769 301 2818 eum
316 2767 418 2833 quem
445 2745 605 2815 colimus.
622 2767 640 2810 v
661 2743 871 2827 Laudarunt,
898 2766 986 2832 quae
1002 2744 1093 2814 dicta
1117 2743 1264 2826 lucrant,

20 2845 37 2920 tt
54 2831 105 2914 qui
123 2834 318 2918 audiebant,
337 2846 369 2904 et
385 2834 478 2904 anxii
491 2832 586 2904 fuere
600 2833 796 2903 Christiani.
813 2839 958 2904 Sanetus
972 2847 1084 2903 autern
1104 2832 1272 2922 sylvester

17 2913 135 2996 rubebat
152 2943 207 2994 eos
229 2945 306 2994 esse
320 2924 413 2994 bono
437 2923 566 3004 animo,
585 2935 617 2992 et
635 2922 777 2991 minime
804 2923 1009 3012 parturbari;
1036 2935 1069 2992 ct
1091 2922 1267 3011 promitte-

22 3001 65 3071 bat
87 3005 160 3092 lore,
177 3026 213 3082 ut
231 3011 429 3083 viderentdr
439 3011 482 3081 ab
499 3011 662 3081 omnibus
681 3011 737 3079 Dei
755 3011 938 3081 mirabilia.
964 3017 1058 3080 Tunc
1083 3031 1164 3101 ergo
1179 3016 1270 3080 Zam-

22 3087 86 3188 brae
107 3096 185 3169 dixit
204 3105 416 3192 Imperator:
447 3123 470 3196 ¹a
491 3105 628 3192 Oportet
652 3109 683 3169 te
708 3099 805 3190 prius
826 3099 969 3191 implere
1001 3113 1094 3170 tuam
1121 3099 1268 3201 promis-

21 3197 142 3254 sronem.
160 3189 335 3262 Pollicitus
358 3189 450 3258 enim
487 3211 545 3270 es,
574 3202 603 3259 te
629 3201 767 3258 taurum
797 3210 896 3279 posse
931 3189 1033 3259 verbo
1057 3189 1266 3258 occidere.»

23 3263 69 3363 llqle
85 3291 155 3344 vero
177 3277 282 3350 dicit:
310 3277 508 3360 «Quoniam
529 3277 632 3368 jubes
656 3299 711 3346 me
735 3277 800 3347 boc
826 3276 948 3358 lacere,
970 3300 990 3347 o
1010 3283 1171 3368 Auguste,
1191 3274 1268 3346 vide

24 3373 93 3428 tues
109 3365 171 3446 ltei,
189 3369 248 3454 qui
269 3390 289 3438 a
313 3368 412 3438 nobis
428 3365 563 3449 colitur,
590 3387 695 3453 quarn
716 3366 786 3436 sint
815 3365 1147 3526 inexpugnabiles.»
1177 3369 1268 3434 Haec

24 3461 86 3538 tum
104 3449 236 3525 dixisset
260 3456 550 3558 appropinquavit
577 3467 684 3536 tauro,
712 3456 771 3543 qui
797 3456 892 3524 trahe
918 3467 996 3526 atur
1020 3477 1038 3524 a
1059 3454 1178 3525 multis
1203 3451 1271 3522 sor-

27 3532 100 3631 ltbus
115 3539 395 3626 adolescentrbus,
424 3543 546 3614 validis
566 3543 710 3614 funibus
734 3545 808 3632 ejus
832 3545 996 3614 cornibus
1020 3556 1052 3614 et
1076 3542 1163 3613 collo
1192 3541 1269 3612 alli-

27 3632 105 3722 lllty·
130 3633 276 3711 Quorum
301 3633 360 3704 alii
385 3632 524 3720 quidem
546 3632 640 3714 hino,
658 3632 716 3702 alii
743 3655 821 3702 vero
842 3632 936 3702 illinc
961 3654 1039 3702 eum
1073 3632 1267 3713 trabebant,

29 3723 292 3798 percurramus
318 3735 446 3812 partem
479 3721 672 3791 inclinaret.
692 3721 725 3791 Si
750 3723 842 3790 enim
868 3722 909 3792 ad
939 3722 1110 3791 dexteram
1137 3733 1268 3811 partem

29 3802 154 3874 irruebat
176 3821 304 3892 taurus,
333 3833 411 3880 eum
437 3810 618 3880 trabebant
634 3810 677 3880 ad
698 3811 894 3887 sinistram;
922 3811 952 3880 si
972 3833 1049 3880 eurn
1069 3822 1183 3880 autem
1209 3809 1273 3877 im·

31 3895 107 3962 lctus
127 3891 247 3969 ferebat
270 3901 312 3969 ad
337 3901 526 3981 sinistram,
552 3921 631 3968 eum
657 3899 875 3969 retrahebant
900 3899 935 3979 ii,
966 3900 1027 3985 qui
1057 3899 1193 3969 stabant
1226 3896 1269 3964 ad

32 3965 184 4052 dexteram.
207 3991 287 4059 Cum
313 4010 395 4079 ergo
417 3990 628 4068 accessisset,
656 4001 688 4058 et
712 3989 746 4056 in
765 4009 882 4057 aurem
901 3988 976 4076 ejus
996 3986 1094 4057 valde
1111 3988 1271 4056 insusur-

34 4075 126 4148 rasso,
154 4085 268 4147 taurus
292 4099 459 4178 magnum
484 4091 515 4146 et
540 4077 749 4146 horrendum
782 4076 887 4146 edens
913 4077 1106 4168 mugitum,
1133 4089 1164 4144 et
1188 4094 1269 4174 curn

36 4152 150 4226 tremore
172 4166 332 4236 membris
349 4189 384 4236 rn
408 4165 526 4236 orbem
544 4166 787 4248 circumactus,
810 4164 933 4236 cecidit
957 4165 1126 4256 protinus,
1159 4173 1191 4232 et
1222 4184 1270 4230 vr-

38 4227 150 4314 debatur
172 4265 334 4327 mortuus.
361 4260 543 4343 Propterea
566 4254 687 4326 ludaei
718 4255 857 4342 quidem
883 4255 1088 4332 exilierunt,
1115 4261 1148 4320 et
1171 4249 1272 4341 plau-

39 4337 129 4400 serunt
142 4342 305 4426 manibus,
322 4357 365 4414 et:
386 4367 404 4411 a
424 4345 610 4424 Vicimus»
626 4343 915 4414 exclamaverunt.
934 4343 1138 4414 Universum
1154 4349 1270 4411 autem

39 4403 175 4493 theatrum
198 4433 439 4524 obstupuerat,
466 4445 499 4504 ct
521 4445 594 4504 erat
618 4432 759 4523 plenum
793 4431 957 4502 tumultu.
986 4435 1132 4502 Sanctus
1156 4440 1270 4500 auteur
