2932 4812
13 273 57 334 hl.
82 271 121 332 30
402 289 441 334 nu
466 289 494 334 s.
521 287 635 334 sttt'stx
660 287 804 334 xxnrrmr
1131 273 1194 335 587

13 383 194 442 suscenset
225 372 405 463 caligans,
439 373 588 462 speciem
621 372 793 461 parcentis
824 393 905 461 prae
929 393 964 442 se
988 372 1088 456 tulit,
1121 373 1240 443 dicens

13 461 128 550 dignos
151 481 228 530 esse
253 460 481 543 Christianos,
510 461 570 549 qui
606 460 810 530 occidantur
837 472 915 530 ante
942 460 1061 533 oculos
1085 466 1240 552 impera-

13 551 75 620 ris:
102 553 207 622 «Cur
237 550 330 619 enim
367 550 549 639 praebeam
582 549 810 632 occasionem,
838 561 875 618 ut
902 550 1040 640 scriptis
1072 551 1240 621 manden-

13 663 31 708 n
51 661 161 708 acrum
189 638 376 729 supplicia,
409 651 439 709 et
469 659 588 709 eorum
622 641 791 708 instruam
817 638 1011 729 scriptores,
1040 639 1163 726 quiea
1195 639 1238 708 ad

13 742 164 818 {spernam
184 730 426 798 transmittunt
450 727 665 809 memoriam,
687 738 720 796 et
738 749 795 798 eos
818 728 878 816 qui
902 725 1020 797 eodem
1047 729 1165 798 morbo
1189 727 1239 797 la-

13 829 101 896 arant,
119 815 161 885 ad
174 815 333 886 eamdem
352 816 455 886 fidem
481 815 649 885 deducam
664 819 679 884 l
695 820 762 886 Cur
778 837 846 885 non
872 816 981 886 instar
997 816 1167 904 pecudum
1181 838 1240 887 eos

13 905 66 974 ado
81 906 132 986 iis,
157 905 217 992 qui
245 903 371 975 debent
394 905 561 986 occidere,
584 903 686 976 simul
712 917 744 972 et
763 901 945 975 sceleratos
969 904 1105 995 diisque
1120 905 1239 974 inimi-

13 1017 33 1062 is
54 995 299 1070 exterminans,
324 1006 357 1063 et
380 993 550 1074 efficiens,
576 1007 614 1063 ut
639 993 758 1063 mortis
790 1013 909 1064 eorum
950 994 1117 1064 memoria
1140 1015 1240 1063 man-

13 1083 276 1152 itnrsitenrict»
300 1087 392 1152 Haec
411 1105 490 1152 cum
516 1081 668 1162 dixisset,
692 1083 854 1183 proponit
876 1081 998 1162 edicta,
1024 1105 1113 1172 quae
1134 1081 1239 1172 jube-

13 1184 70 1252 ant,
86 1183 119 1240 ut
132 1171 252 1242 liceret
275 1171 401 1242 volenti
426 1171 501 1241 sine
521 1170 674 1261 periculo
690 1170 845 1242 occidere
872 1169 1062 1258 quemlibet
1078 1171 1240 1242 Christia-

13 1281 73 1326 um.
89 1259 336 1330 occidebantur
355 1261 469 1348 itaque
494 1258 776 1342 innumerabiles,
800 1272 833 1330 et
853 1259 1093 1350 propheticum
1119 1260 1164 1329 im
1193 1259 1241 1330 le-

14 1359 77 1416 atur
96 1349 256 1440 elogium,
276 1348 368 1436 quod
393 1348 496 1418 dicit:
518 1353 658 1440 Propter
684 1360 715 1418 tc
737 1359 842 1418 morte
870 1349 1038 1438 afficimur
1066 1359 1131 1420 toto
1159 1283 1239 1419 aba:

13 1440 117 1524 quitali
135 1461 251 1508 snmus
276 1449 450 1528 tamquam
474 1460 549 1508 oves
573 1439 744 1507 occisionis
766 1437 874 1538 (Psol.
906 1437 975 1526 ts).
1005 1442 1099 1508 Tunc
1123 1450 1239 1508 autem

13 1527 125 1614 igitatio
155 1527 309 1596 venitin
334 1527 679 1616 mentemhnysiae,
705 1539 743 1594 ut
772 1538 836 1595 rret
874 1525 917 1595 ad
944 1526 1175 1597 Dominicum.
1202 1526 1239 1596 ld

13 1627 84 1681 ntem
99 1627 166 1685 erat
188 1615 353 1706 Angelus,
371 1616 432 1704 qui
455 1635 532 1686 eam
551 1613 694 1685 vocabat
709 1613 752 1684 ad
769 1612 964 1704 passionem
980 1617 1148 1706 martyrii.

28 1703 97 1787 58.
122 1708 275 1792 Cumque
300 1704 538 1794 ingrederetur
564 1715 698 1793 portam
732 1703 1047 1786 casandrioricam,
1075 1705 1240 1775 excitatus

13 1801 33 1855 st
47 1793 201 1864 tumultus
227 1794 262 1863 in
281 1793 421 1883 populo.
450 1791 576 1862 Deinde
591 1813 671 1862 cum
691 1813 766 1864 eam
792 1791 933 1862 vidisset
956 1792 1097 1880 quidam
1116 1815 1156 1863 ex
1185 1815 1240 1862 sa-

13 1876 133 1950 rllitibus
155 1883 390 1972 Imperatoris,
409 1894 441 1952 et
459 1881 606 1952 essetab
630 1880 704 1968 ejus
721 1881 897 1952 sauciatus
922 1881 1167 1971 pulcritudine,
1188 1880 1239 1950 vel

15 1965 32 2032 b
52 1967 113 2056 ipso
136 1971 250 2060 potius
276 1970 413 2042 diabolo
437 1971 612 2052 incitatus,
634 1969 665 2040 ei
682 1969 793 2040 lactus
817 1971 971 2040 obviam:
990 1992 1008 2036 «
1027 1975 1095 2050 Sta,
1113 1970 1238 2056 inquit,

14 2065 23 2118 t
47 2055 102 2136 dic,
125 2080 191 2146 quo
205 2059 315 2130 vadis.
337 2058 436 2128 »Illa
455 2071 571 2130 autem
588 2058 708 2129 videns
732 2060 808 2149 ejus
824 2058 1042 2128 insolentiam
1060 2070 1093 2128 et
1116 2059 1242 2127 immo-

13 2145 189 2238 emtionem,
211 2161 245 2220 et
271 2161 385 2220 mente
408 2149 543 2238 agitans
567 2148 801 2230 tentationem,
824 2147 932 2236 digito
956 2145 1035 2228 lecit
1067 2149 1103 2217 in
1133 2147 1243 2216 lronte

15 2251 111 2318 ignum
133 2239 262 2308 Crucis.
284 2236 344 2306 llla
368 2257 446 2308 vero
470 2235 669 2327 planesera,
695 2249 728 2306 et
751 2238 873 2323 quavis
901 2235 972 2305 sera
1002 2237 1145 2317 saevior,
1173 2255 1241 2304 nou

13 2321 135 2396 eventus
152 2339 204 2398 est
227 2347 435 2418 generosum
454 2339 488 2396 et
503 2325 666 2396 decorum
681 2325 875 2398 silentium:
896 2324 954 2395 scd
980 2346 1016 2394 se
1031 2323 1240 2395 contumelid

14 2405 130 2480 illectum
153 2425 185 2485 et
203 2415 406 2505 despectum
424 2414 622 2497 arbitratus,
637 2437 717 2486 cum
736 2436 811 2484 eam
836 2413 1133 2504 apprehendisset,
1160 2435 1241 2482 cum

14 2515 65 2564 'oce
84 2519 193 2598 aspera
212 2526 290 2574 eam
311 2503 482 2594 agrestius
507 2504 761 2605 interrogabat,
787 2523 958 2589 quaenam
987 2515 1087 2586 esset,
1118 2514 1150 2572 et
1174 2523 1243 2588 quo

14 2584 256 2664 ircficrsceretur.
283 2597 378 2693 lgna
396 2604 510 2662 autem
529 2593 666 2674 Christi,
693 2591 810 2663 rolens
831 2613 899 2663 non
924 2591 1063 2662 solitum
1093 2591 1244 2662 devitare

17 2691 203 2830 anspertum,
230 2680 340 2752 voluit
355 2703 435 2752 eum
453 2681 548 2752 brevi
572 2702 736 2772 responso
756 2701 939 2770 superare:
968 2703 985 2746 «
1004 2685 1086 2750 Sum
1118 2679 1243 2750 Christi

14 2781 61 2828 incr
76 2763 114 2846 la,
136 2780 167 2838 ct
185 2770 274 2840 vado
293 2769 335 2839 ad
362 2771 632 2840 Dominicum.»
659 2769 721 2840 llic
745 2781 859 2841 autem
889 2769 1041 2838 insolens
1069 2767 1244 2859 impulsus

15 2845 88 2948 thro,
104 2857 159 2942 qui
181 2859 215 2928 in
241 2861 318 2950 ipso
352 2858 541 2940 habitabat,
568 2857 746 2940 daemone,
774 2858 879 2928 dixit:
906 2856 1100 2926 «sednon
1131 2857 1242 2928 sinam

15 2955 26 3002 t
46 2939 115 3037 illuc
135 2947 313 3034 proficisci,
340 2946 399 3018 sed
417 2961 448 3018 te
463 2946 634 3018 adducam
655 2946 699 3017 ad
716 2947 783 3017 diis
803 2944 996 3016 libandum.
1023 2943 1134 3016 Solem
1150 2946 1242 3016 enim

15 3025 83 3098 lodie
103 3033 262 3118 colimus;
291 3060 308 3104 »
332 3049 365 3108 et
388 3036 492 3106 simul
518 3036 583 3107 hoo
608 3035 739 3117 dicens,
756 3033 869 3106 velum
896 3035 1007 3116 traxit,
1028 3035 1145 3104 volens
1168 3037 1244 3125 ejus

15 3113 110 3210 toltum
130 3121 292 3226 detegere.
317 3124 383 3194 Illa
408 3137 522 3195 autem
548 3145 712 3216 generose
735 3135 768 3195 et
791 3122 921 3193 sortiter
944 3123 1128 3204 resistens,
1155 3136 1187 3191 et
1208 3125 1242 3191 in

16 3219 61 3284 qus
77 3205 185 3280 faciem
211 3214 397 3303 inspirans,
420 3213 517 3283 dixit:
546 3213 779 3303 «Increpabit
803 3223 835 3282 te
853 3211 1009 3282 Christus
1027 3217 1141 3293 lasus,
1168 3211 1244 3280 dia-

16 3289 105 3360 iolc.»
127 3299 184 3368 Ille
203 3324 282 3374 raro
306 3303 364 3373 illa
384 3301 579 3372 sufflatione
595 3314 628 3372 et
642 3302 782 3371 nomine
799 3300 922 3370 Christi
941 3310 1056 3370 motus
1071 3299 1114 3369 ad
1139 3302 1241 3380 iram,

16 3393 73 3458 trac
93 3386 234 3461 cohiberi
258 3413 327 3462 non
353 3403 494 3481 potarat,
513 3390 630 3462 stricto
643 3411 745 3478 quem
766 3389 893 3460 lercbat
907 3388 1036 3480 gladio,
1064 3390 1139 3478 ejus
1153 3390 1244 3459 latus

16 3477 256 3570 btransadegit.
289 3485 382 3564 Quae
411 3480 526 3550 statim
551 3501 631 3550 cum
659 3492 803 3550 tremore
832 3492 865 3550 ct
889 3478 1114 3569 palpitatione
1134 3499 1244 3548 mam-

16 3567 120 3630 marum
142 3565 174 3634 in
198 3580 320 3639 terram
345 3569 485 3650 cadens,
504 3590 580 3640 eam
605 3582 724 3639 sancto
749 3568 920 3659 sanguine
944 3566 1095 3637 reddidit
1110 3589 1245 3658 purpu-

17 3657 92 3740 nam,
113 3655 275 3746 Quotquot
297 3670 411 3728 autem
437 3657 644 3740 adstabant,
679 3677 754 3726 eam
785 3656 1063 3738 circumdantes,
1090 3657 1241 3746 primum

17 3731 119 3828 lltdem
133 3761 207 3839 'eam
231 3745 466 3836 deplorabant,
487 3747 618 3817 miserti
634 3745 710 3834 ejus
734 3745 866 3826 aetatis,
891 3758 934 3825 et,
962 3742 1029 3815 tale
1047 3744 1131 3834 quid
1146 3765 1247 3836 posse

18 3815 63 3884 obt
82 3829 228 3930 accidere,
249 3836 449 3926 cogitantes.
470 3834 598 3906 Deinde
617 3833 711 3936 apud
732 3856 769 3903 se
789 3835 1066 3914 murmurabant,
1093 3837 1247 3924 Impera·

21 3909 95 3978 torem
112 3929 140 3986 et
160 3923 303 4012 impium
320 3924 395 4013 ejus
418 3924 593 3994 decretum
622 3934 866 4014 vituperantes.
888 3922 1107 3992 venerandas
1131 3935 1246 3992 autem

20 3999 43 4084 a
58 4015 169 4100 §luctas
190 4023 325 4084 sanctae
344 4012 520 4100 reliquias,
536 4012 596 4100 qui
616 4012 741 4084 harum
762 4032 879 4080 rerum
894 4011 1008 4081 studio
1029 4012 1244 4091 tenebantur,

25 4093 68 4176 nn
81 4106 115 4172 hu
129 4094 314 4182 Christiani,
332 4113 364 4171 et
379 4103 440 4189 qui
464 4101 499 4171 in
524 4113 662 4174 sanctos
682 4099 754 4170 zelo
773 4109 871 4170 erant
893 4099 1039 4180 incitati,
1067 4120 1148 4168 cum
1173 4119 1248 4168 sus-

26 4163 151 4262 tulissent,
173 4199 204 4255 et
222 4188 317 4278 justa
335 4191 395 4272 eis,
411 4201 450 4260 ut
474 4211 537 4280 par
559 4202 643 4271 erat,
663 4189 835 4269 fecissent,
855 4187 1090 4278 deposuerunt
1113 4186 1249 4257 circiter

27 4246 124 4333 luobus
137 4273 283 4346 stadiisa
308 4291 401 4368 porta
427 4277 733 4359 Casandriotica,a
758 4276 897 4346 sinistra
918 4275 990 4343 viae
1015 4274 1175 4364 publicae
1188 4274 1247 4346 do-

27 4353 96 4414 mun
110 4366 276 4436 oratoriam
301 4365 331 4434 ei
354 4365 587 4438 aedificantes.
