2954 4816
210 264 273 328 tls
586 281 624 328 nr
656 280 684 327 s.
710 279 849 328 ruerant
873 281 1018 328 xnnrvnx
1279 260 1352 325 lllll.
1371 261 1403 323 25

166 365 349 446 habebant,
370 363 516 435 honores
539 377 572 434 et
597 364 716 454 privile
744 367 786 434 ia.
806 369 877 434 Nou
904 365 1015 436 solum
1047 376 1159 434 autem
1186 364 1269 434 haec
1294 361 1406 433 lucrant

165 453 353 536 consecuti,
373 453 431 524 sed
455 455 557 523 etiam
583 453 633 524 eis
658 388 780 524 hachel
806 466 877 524 tuto
897 453 1052 524 habitare
1075 453 1239 534 civitates,
1261 453 1404 522 hoeenin

165 543 214 614 eis
240 543 434 633 procuravit
458 542 650 632 Philippus,
668 565 748 614 curu
775 541 946 612 retulisset
969 541 1012 612 ad
1030 547 1256 632 Imperatores
1271 546 1404 612 Severum

165 644 197 701 et
222 634 317 702 Pium
342 631 575 713 Antoninum,
605 653 680 704 esse
716 630 838 702 inutile
867 631 1012 722 imperio
1044 637 1276 702 Romanorum
1307 627 1406 718 expelli

166 721 396 800 christianos,
423 735 461 790 ut
486 719 545 807 qui
574 742 641 790 non
668 721 702 789 in
731 721 852 810 paucis
875 721 945 790 sint
967 721 1143 790 communi
1169 719 1283 790 utiles.
1308 719 1408 805 hisque

165 811 460 890 convenientibus,
486 830 607 880 rursus
632 809 746 879 videre
771 809 893 880 licebat
921 807 1156 880 Alexandrlam
1184 808 1289 878 veluti
1318 807 1408 876 denuo

165 899 352 968 conditam.
380 897 508 968 Similis
533 898 643 985 quies,
664 911 698 968 et
721 897 846 969 similis
869 919 1051 970 successus
1076 911 1148 967 erat
1176 899 1278 967 etiam
1309 897 1341 964 in
1367 895 1406 973 iis,

165 1001 353 1074 quaesunt
374 987 407 1056 in
432 991 594 1077 Aegypto,
612 986 783 1058 urbibus:
807 999 839 1056 et
863 987 1031 1058 florebant
1055 988 1177 1056 iterum
1204 1009 1259 1058 res
1275 985 1409 1056 tllrristia·
1466 1017 1471 1058 a

166 1097 302 1157 norum,
322 1076 503 1165 elaraeque
527 1090 558 1147 et
581 1075 733 1146 excelsae
757 1077 896 1147 hebent.

209 1165 227 1251 ξ
252 1169 329 1238 25.
353 1165 415 1234 Sed
436 1164 601 1251 quoniam
626 1187 705 1236 curn
725 1165 833 1236 virtus
856 1165 941 1236 adeo
966 1177 1054 1235 recte
1073 1185 1110 1234 se
1138 1163 1288 1244 haberet,
1306 1159 1411 1231 accidit

167 1265 204 1322 ut
227 1268 345 1323 contra
375 1254 539 1343 irreperet
564 1253 696 1334 vitiurn,
718 1256 829 1342 etqui
853 1267 904 1324 est
929 1254 1004 1355 ejus
1027 1267 1159 1334 auctor,
1181 1252 1327 1344 graviter
1348 1272 1410 1318 sau·
1465 1311 1470 1340 ,

165 1343 324 1424 ciaretur,
345 1363 399 1413 res
425 1356 620 1432 praesentes
645 1364 712 1412 non
741 1345 880 1432 patitur,
906 1365 966 1430 qux
989 1356 1041 1412 est
1064 1343 1164 1412 bonis
1188 1337 1408 1437 adversarius:

166 1431 224 1500 sed
246 1432 344 1502 tacite
361 1453 396 1502 se
417 1432 600 1502 insinuans
625 1431 832 1517 quibusdam
849 1431 1098 1512 Alexandrinis,
1116 1431 1176 1518 qui
1192 1442 1293 1500 erant
1306 1429 1410 1498 divitus

165 1520 303 1608 quidem
320 1534 352 1589 et
369 1523 504 1610 generis
521 1520 703 1610 splendore
719 1521 884 1611 insignes,
903 1520 1169 1590 simulacrorum
1188 1533 1302 1589 autem
1319 1517 1412 1586 cultus

165 1607 271 1678 lurori
291 1625 387 1679 erunt
406 1611 563 1697 impense
582 1608 700 1690 dediti,
712 1610 903 1766 spersuadet
926 1611 989 1689 eis,
1007 1622 1045 1680 ut
1067 1623 1146 1678 eant
1171 1609 1205 1678 in
1234 1607 1413 1699 regiamzet

164 1697 364 1768 accedentes
388 1698 429 1767 nd
456 1702 693 1787 Imperatores,
738 1699 844 1780 icum,
864 1709 930 1768 toto
947 1697 1088 1785 quidem
1115 1695 1331 1787 praecedenti
1348 1707 1412 1764 ten·

166 1810 246 1877 pore
270 1809 305 1856 se
330 1789 363 1856 in
390 1788 593 1877 magistratu
630 1787 748 1876 pulcre
776 1787 923 1877 gessisse
947 1787 1173 1887 Philippum,
1200 1800 1235 1856 et
1258 1785 1352 1854 valde
1374 1781 1413 1871 pie

164 1876 322 1946 allectum
348 1875 455 1945 luisse
480 1877 513 1944 in
539 1875 632 1946 deos.
663 1897 682 1942 e<
706 1881 803 1954 Nunc
823 1889 951 1957 autem,
972 1877 1145 1963 inquiunt,
1165 1876 1340 1946 nescimus
1360 1889 1412 1958 quo

166 1979 271 2046 motu,
287 1965 358 2052 jam
377 1965 494 2034 decem
512 1965 613 2034 annis
637 1964 776 2044 abhinc,
796 1978 828 2034 et
848 1986 883 2034 se
902 1977 934 2034 et
959 1976 1061 2035 totam
1090 1975 1242 2034 nostrum
1263 1963 1412 2034 civitaten

165 2055 198 2121 in
226 2056 342 2124 anirno
366 2053 487 2123 habuit
513 2067 673 2135 evertere,
697 2055 824 2124 honore
850 2054 1078 2123 maximorum
1104 2053 1250 2123 deorum
1281 2050 1414 2146 traducto

164 2142 205 2212 ad
228 2142 359 2212 culturn
379 2143 483 2212 unius
500 2141 662 2222 hominis,
681 2163 782 2229 quem
800 2142 921 2212 dicunt
937 2143 971 2212 in
988 2141 1177 2212 Palaestina
1194 2140 1306 2212 luisse
1323 2159 1415 2209 crucr-

165 2231 270 2300 fixum
292 2229 480 2301 aludaeis
504 2234 552 2300 Ita
578 2253 690 2300 mores
713 2231 852 2318 quidem
873 2231 972 2302 solvit
989 2232 1132 2320 patrios:
1153 2229 1334 2300 honoravit
1356 2244 1415 2294 vert

165 2341 269 2389 novas
295 2320 404 2410 leges:
424 2320 550 2406 impios
565 2334 678 2390 autern
707 2319 806 2390 nohis
832 2319 1010 2408 praetulit:
1029 2333 1062 2388 et
1077 2333 1115 2388 ut
1138 2319 1243 2388 semel
1264 2319 1413 2390 dieamus,

165 2407 251 2478 nihil
276 2409 418 2478 omnino
442 2409 558 2478 omisit
582 2430 713 2490 eorum,
732 2431 821 2496 quae
838 2411 1009 2497 pertinent
1034 2407 1077 2478 ad
1103 2428 1164 2478 nos
1180 2421 1213 2476 et
1235 2409 1322 2478 deos
1343 2424 1415 2474 ever·

165 2497 296 2567 tendes.
330 2521 347 2564 a
376 2502 466 2566 llaec
489 2518 568 2566 cum
602 2497 794 2568 audiissent
823 2502 1071 2586 Imperatores,
1100 2496 1184 2566 haec
1209 2497 1364 2566 scribunt
1384 2487 1414 2560 ad

164 2587 382 2676 Philippum:
403 2608 421 2652 e<
443 2587 505 2667 Qui
530 2606 591 2654 nos
605 2586 743 2673 quidem
771 2587 955 2676 praecessit
979 2585 1219 2656 divinissimus
1247 2592 1413 2676 Augusrus

164 2697 243 2746 curn
270 2687 300 2744 te
317 2676 419 2746 sciret
441 2697 516 2746 esse
539 2671 704 2744 cultorem
730 2675 886 2755 deorum,
905 2687 937 2744 et
962 2674 1102 2744 honoris
1124 2695 1243 2743 eorum
1272 2695 1345 2744 esse
1362 2683 1415 2740 stu·

163 2763 414 2844 diesissimum‚
433 2765 507 2854 ipse
530 2783 667 2851 quoque
684 2763 744 2834 tibi
772 2764 960 2833 maximum
988 2763 1143 2852 praebuit
1165 2763 1372 2854 imperium:
1392 2767 1416 2824 el
1466 2814 1472 2846 ,

1466 2716 1473 2803 l

164 2865 339 2939 tamquam
375 2857 500 2942 Regem
539 2853 672 2941 potius,
706 2873 810 2939 quarn
846 2852 1082 2934 Praefectum,
1107 2851 1210 2940 clegit
1235 2849 1414 2922 Praesidem
1466 2908 1471 2940 ς

164 2947 206 3010 Ae
231 2941 318 3030 ypti:
337 2961 399 3010 nec
415 2955 456 3022 te,
476 2940 632 3028 quandiu
650 2941 742 3020 vixit,
762 2941 805 3011 ab
822 2941 886 3010 hoe
906 2942 1013 3030 jussit
1030 2941 1193 3010 removeri
1211 2943 1413 3032 magistratu,
1467 2943 1472 3026 ,J

164 2965 231 3098 secl
253 3051 331 3098 curn
359 3030 445 3099 vitae
470 3042 622 3119 tempore
647 3031 706 3100 tihi
732 3051 806 3099 csse
829 3030 1046 3100 demensum.
1074 3034 1139 3099 llos
1169 3041 1287 3099 nutem
1313 3027 1369 3098 tibi
1392 3032 1415 3090 et

164 3119 256 3188 hunc
273 3118 434 3187 honorem
452 3119 743 3200 conservavimus
762 3131 795 3188 et
815 3140 882 3188 non
900 3140 1028 3208 paucos
1044 3117 1130 3188 alios
1146 3117 1350 3206 adjecimus.
1366 3109 1414 3182 Sed
1471 3173 1472 3202 ,

164 3206 259 3287 haee,
278 3206 432 3293 quandiu
458 3207 550 3278 luisti
577 3207 644 3278 diis
663 3207 810 3277 amicus.
830 3209 997 3289 Quoniam
1020 3229 1097 3277 vero
1115 3227 1208 3276 nuuc
1224 3206 1268 3276 de
1285 3221 1315 3276 te
1326 3208 1416 3295 jacta·
1471 3221 1472 3236 ,

163 3309 235 3365 tum
261 3295 369 3366 estin
395 3296 531 3386 vulgus,
550 3296 641 3385 quod
667 3309 698 3366 et
723 3298 757 3365 in
784 3297 949 3386 religione
964 3295 1105 3366 deorum
1124 3295 1171 3364 sis
1189 3309 1351 3376 mutatus,
1367 3309 1415 3360 nec
1471 3297 1473 3324 ²

164 3386 264 3455 nobis
289 3384 375 3454 bene
399 3385 493 3466 velis,
508 3386 683 3470 iubemus,
703 3399 742 3455 ut
765 3397 825 3456 aut
842 3385 1031 3454 insistendo
1052 3385 1232 3486 prioribus
1248 3385 1283 3453 in
1305 3385 1416 3454 honore
1473 3427 1474 3444 ,

164 3495 378 3562 permaneas:
397 3488 457 3544 aut
480 3473 507 3542 si
524 3473 667 3544 deorum
685 3474 817 3545 cultum
844 3473 1090 3562 repudiaveris,
1117 3494 1230 3544 cesses
1254 3475 1353 3544 etiam
1369 3487 1415 3557 ge·
1473 3505 1475 3564 i

164 3583 238 3632 vere
255 3563 516 3653 magistratum:
535 3564 618 3649 quin
637 3563 739 3632 etiarn
757 3562 959 3633 facultatum
978 3564 1104 3632 subeas
1129 3561 1348 3632 ablationem·
1366 3580 1400 3654 l¹
1474 3609 1475 3638 t

207 3655 224 3738 ξ
247 3655 325 3722 8⁰.
346 3657 434 3721 Haec
451 3673 532 3720 curn
557 3652 746 3808 accepisset
768 3665 801 3721 et
825 3651 962 3742 legisset
984 3651 1178 3753 Philippus,
1199 3653 1355 3721 morbum
1378 3666 1414 3711 st·
1474 3679 1475 3682 ¹

163 3739 319 3820 rnulavit‚
339 3740 448 3810 donec
472 3740 619 3809 venditis
652 3739 873 3820 aeultatibus,
892 3762 950 3809 eas
979 3741 1165 3830 dupliciter
1191 3738 1363 3811 diviserit:
1386 3743 1415 3832 ¹et

164 3843 294 3919 partem
316 3828 455 3915 quidem
477 3829 643 3910 ecclesiis
665 3843 795 3918 partem
824 3843 937 3898 autern
966 3829 1178 3918 pauperihus
1204 3829 1412 3912 distribuent,

161 3919 334 4006 quierant
355 3939 414 4007 per
440 3931 541 3988 totam
569 3918 805 3987 Alexandriam
831 3930 863 3986 et
888 3919 997 4074 ipsam
1021 3923 1223 4074 Aegyptum.
1251 3923 1326 3987 Erat
1349 3930 1412 4006 vern

161 4008 343 4097 Philippus
362 4028 429 4076 non
450 4006 561 4076 solum
582 4007 700 4096 lingua
726 4006 761 4074 in
790 4005 887 4076 dicen
916 4005 1057 4076 olacun
1085 4029 1139 4087 us,
1161 4005 1247 4076 adeo
1271 4018 1308 4076 ut
1330 3999 1413 4098 mulli

164 4097 308 4184 gentiles
343 4095 418 4186 ejus
451 4096 671 4184 persuasione
701 4095 857 4185 pietatem
895 4094 1102 4165 didicerint:
1135 4093 1193 4164 sed
1226 4096 1324 4164 etiarn
1358 4101 1411 4156 llll

163 4185 310 4254 maxime
336 4187 414 4272 pius
437 4195 468 4252 et
490 4183 728 4273 philosophus,
749 4183 833 4252 adeo
858 4195 895 4252 nt
922 4183 1081 4254 universa
1107 4183 1308 4254 Alexandrla
1333 4197 1411 4246 conr-

164 4273 260 4340 muni
285 4273 450 4360 sullragio
474 4295 551 4342 eum
579 4274 707 4341 vocarit
723 4272 764 4342 ad
789 4272 1043 4361 Episcopatum.
1060 4271 1156 4355 Quod
1182 4285 1294 4342 autem
1311 4271 1338 4338 in
1356 4262 1411 4334 tide

162 4379 297 4444 quoquc
321 4359 423 4430 luerit
447 4361 637 4432 acerrimus
661 4373 693 4430 et
722 4361 1037 4443 constantissimus,
1058 4383 1097 4430 ex
1122 4361 1191 4432 fine
1221 4357 1409 4431 ostendetur.
