2932 4812
12 293 82 358 ott.
108 295 143 358 3t
319 313 357 360 ur
382 313 409 359 s.
436 312 610 360 aruvasrno
636 313 715 358 rura
739 313 776 358 ar
800 311 946 360 conross.
1162 297 1226 362 607

9 397 146 552 ἔιειοιίξ,
175 395 353 484 Jubilatio.
383 397 487 466 Dicite
511 417 604 486 ergo,
635 418 679 466 au
707 397 790 466 baec
818 396 956 487 possitis
988 396 1093 468 alicui
1118 397 1178 468 alii
1209 399 1271 468 tri·

28 507 98 554 uere
140 508 158 551 a

43 575 154 660 ΜΟ.
182 577 278 644 Haeo
301 596 381 644 curn
406 574 572 644 audiisset
604 579 811 663 Imperator:
840 573 980 656 «Mihi,
1014 575 1148 661 inquit,
1176 576 1270 646 vide-

7 663 92 742 mini,
114 663 290 743 odudaei,
317 684 392 732 esse
421 661 512 733 victi.
536 686 554 728 »
578 661 633 732 llli
652 675 778 745 autem,
806 668 887 733 ille
915 663 976 744 sic,
1003 663 1150 754 ajebant,
1179 664 1268 734 lares

5 765 109 821 contra
132 773 195 821 nos
221 752 440 833 sententiam,
459 751 624 840 ooptime
648 755 813 841 Augusto:
838 773 1026 842 possumus
1041 753 1134 822 enirn
1154 753 1269 823 adbuc

5 840 101 909 multa
119 839 187 909 alia
215 860 393 929 opponere
412 840 590 930 Episcopo.
624 845 662 908 Et
675 839 748 928 jam
769 840 880 922 dieat,
913 863 1062 928 quanam
1097 841 1140 910 de
1163 863 1270 912 causa

5 927 100 1010 lesus,
121 951 201 998 oum
219 941 311 998 esset
327 933 428 1010 Deus,
455 941 494 998 ut
516 929 589 1018 ipse
609 928 703 1009 dicit,
722 940 823 998 natus
845 941 896 999 εει
915 951 955 998 ex
976 931 1124 1020 Virgine,
1151 942 1269 1000 etoar-

7 1038 73 1084 nom
97 1019 262 1107 suscepit.
287 1023 334 1086 ln
362 1019 455 1086 eninr
481 1038 547 1086 nou
577 1029 707 1107 poterat
736 1018 954 1108 omnipotens
988 1018 1087 1088 aliter
1110 1040 1270 1090 revocare

8 1127 102 1194 genus
125 1106 325 1184 bominum,
352 1119 384 1175 ει
400 1105 532 1176 efficere
552 1121 590 1175 ut
605 1128 644 1175 er
661 1129 745 1176 casu
764 1107 941 1197 surgeret?
957 1107 1134 1190 Quomodo
1152 1121 1266 1178 autern

10 1195 66 1262 beo
86 1217 218 1285 quoque
243 1217 263 1264 a
289 1194 426 1264 diabolo
445 1193 510 1264 luit
534 1194 688 1264 adbibita
704 1196 856 1275 tentatio,
883 1194 966 1265 dum
999 1195 1100 1266 modo
1124 1197 1266 1284 quidem

11 1282 147 1371 exigeret,
175 1297 214 1353 ut
239 1284 399 1356 esuriens
417 1282 542 1353 laceret
562 1305 667 1373 panes
699 1305 739 1354 ex
763 1283 964 1374 lapidibus:
992 1284 1093 1354 modo
1125 1298 1184 1355 aut
1211 1287 1267 1376 ju·

12 1370 98 1452 beret,
123 1385 161 1442 ut
185 1395 222 1442 se
247 1395 288 1442 ex
314 1371 382 1442 alto
406 1372 567 1441 deorsum
600 1371 771 1461 dejiceret,
792 1385 830 1442 ut
859 1371 892 1440 id
918 1372 1009 1459 quod
1041 1387 1264 1456 cerneretur,

11 1459 150 1546 probaret
168 1483 247 1532 esse
273 1460 469 1540 Deililium,
494 1473 527 1530 et
555 1482 676 1530 rursus
694 1483 772 1531 eurn
800 1460 990 1551 impelleret
1019 1461 1062 1530 ad
1096 1463 1268 1532 adoratio·

12 1569 87 1630 nem,
112 1563 142 1619 et
159 1549 384 1640 polliceretur
407 1571 442 1620 εε
465 1549 496 1620 εἰ
517 1548 677 1618 daturum
695 1571 798 1640 regna
818 1553 982 1619 terrael»
1002 1550 1050 1619 td
1076 1551 1159 1621 baec
1185 1551 1268 1623 dicit

11 1635 213 1708 beatissimus
240 1637 431 1722 filiaster:
451 1637 576 1707 «Nihil
599 1651 649 1706 est
674 1639 836 1724 quidem,
871 1660 890 1707 o
913 1638 1048 1719 ludaei,
1081 1640 1173 1726 quod
1199 1663 1266 1710 non

12 1728 103 1812 possit
128 1751 147 1796 a
172 1733 239 1796 beo
256 1661 355 1808 geri,
381 1740 414 1796 et
436 1740 475 1797 ut
500 1749 552 1796 res
576 1740 642 1807 est,
673 1727 719 1796 ita
748 1726 910 1796 creditur.
940 1727 1123 1814 Oportebat
1152 1742 1264 1798 autern
1333 1775 1336 1782 «

11 1811 167 1884 diabolum
191 1817 284 1885 vinci
308 1815 352 1885 ab
375 1838 426 1897 eo,
444 1816 503 1903 qui
523 1815 566 1884 ab
586 1817 661 1904 ipso
687 1815 795 1885 victus
813 1814 934 1886 luerat.
961 1821 1070 1886 Homo
1095 1829 1209 1886 autem
1224 1818 1268 1886 ab

14 1901 62 1970 illo
76 1906 178 1976 rictus
195 1905 273 1987 luit;
296 1917 329 1975 et
345 1906 459 1986 bomo,
481 1905 540 1991 qui
560 1927 626 1974 non
644 1903 754 1974 laetus
769 1917 820 1974 est
834 1927 874 1975 ex
889 1918 1030 1974 naturae
1054 1926 1267 1992 consequen-

15 1991 61 2070 tia,
87 2015 190 2080 ueque
215 2017 257 2064 ex
282 1995 373 2062 coitu
397 2006 429 2062 et
453 2015 640 2082 congressu
664 1993 739 2072 viri,
768 1993 826 2062 sed
851 2015 891 2062 ex
916 2005 1003 2063 terra
1031 1992 1198 2064 formatus
1214 1995 1267 2062 in-

14 2098 173 2170 corrupta:
200 2083 405 2172 incorrupta
428 2083 519 2151 enim
541 2095 623 2151 tuno
640 2095 712 2151 erat
727 2093 827 2162 terra,
850 2093 889 2151 ut
904 2103 992 2169 quae
1013 2083 1166 2151 nondum
1183 2081 1267 2153 luis-

15 2180 55 2235 set
76 2171 262 2252 maledicta,
294 2193 402 2261 neque
420 2170 561 2260 polluta·
575 2171 744 2260 sanguine
769 2169 894 2253 fratris,
913 2184 973 2241 aut
995 2170 1160 2240 caedibus
1184 2170 1267 2240 alio-

17 2276 80 2323 rum
94 2260 307 2340 animalium,
334 2280 444 2347 neque
475 2272 687 2330 mortuorum
720 2281 916 2349 corporum,
939 2271 977 2329 ut
1005 2274 1120 2350 postea
1150 2272 1268 2330 vocata

18 2358 91 2414 esset
103 2349 312 2438 sepulcrum,
339 2362 397 2417 aut
415 2346 568 2438 profanis
584 2347 778 2420 actionibus
806 2349 987 2434 inquinata
1009 2371 1049 2418 ex
1064 2347 1264 2418 sceleribus.

17 2437 103 2518 ltque
126 2459 163 2506 ex
188 2451 281 2507 terra
310 2437 450 2523 quidem
477 2435 553 2506 talis
582 2458 661 2506 caro
691 2435 835 2507 formata
859 2437 970 2506 luerat
999 2437 1128 2506 tdamo
1155 2439 1268 2527 primo

18 2525 146 2606 parenti:
165 2527 241 2627 ipsa
266 2539 380 2610 autern
402 2524 520 2595 diviua
544 2525 730 2595 insufflatio
755 2524 841 2594 lucta
866 2526 967 2594 estin
993 2527 1158 2594 animam.
1180 2531 1266 2594 llum

15 2629 80 2705 ergo
98 2613 284 2694 bominem,
311 2615 371 2700 qui
396 2615 445 2684 sic
465 2627 565 2684 natus
590 2613 814 2694 suerranum
846 2613 981 2682 vicisset
1007 2613 1192 2704 malignus,
1230 2635 1267 2682 se

17 2699 179 2773 insolenter
197 2704 374 2794 jactabat,
408 2717 446 2773 ut
474 2703 533 2790 qui
554 2702 670 2772 divino
696 2701 895 2772 insultasset
933 2703 1107 2791 figmento.
1129 2706 1267 2793 Oportet

15 2807 91 2876 crgo,
115 2805 151 2861 ut
168 2793 300 2864 dictum
317 2805 379 2874 est,
406 2815 425 2862 a
449 2791 507 2860 tali
537 2814 658 2861 rursus
683 2791 821 2860 bomine
851 2791 952 2872 vinci,
979 2803 1011 2860 et
1029 2791 1150 2860 cadere
1170 2813 1263 2872 eum,

16 2879 62 2958 qui
81 2891 127 2948 est
142 2883 303 2972 princeps
322 2893 354 2952 et
377 2893 496 2952 auctor
513 2880 607 2949 mali.
630 2880 719 2950 Talis
747 2891 860 2950 autem
882 2893 932 2951 est
961 2881 1125 2949 Dominus
1150 2885 1263 2961 lesus,

17 2983 71 3062 non
89 2981 183 3040 natus
199 2984 343 3040 naturae
360 2970 506 3059 legibus,
526 2969 583 3038 sed
600 2983 637 3039 ut
660 2967 718 3038 ille
740 2990 778 3037 ex
795 2979 884 3038 terra
900 2969 1111 3059 incorrupta,
1139 2969 1185 3038 ita
1204 2973 1266 3038 llo-

18 3071 116 3126 mmus
131 3079 167 3127 er
186 3074 283 3129 utero
307 3061 518 3148 incorrupto,
540 3071 572 3127 ει
595 3070 710 3127 ventre
734 3057 887 3146 virgineo
910 3070 943 3126 et
966 3070 1095 3129 sancto.
1118 3063 1157 3126 Et
1181 3079 1264 3145 quo·

19 3143 102 3213 modo
116 3145 170 3216 ille
193 3147 259 3218 luit
283 3147 473 3217 vivificatus
497 3147 611 3215 divina
631 3145 878 3216 insufflatione:
907 3147 950 3216 ita
972 3145 1028 3214 hic
1054 3147 1155 3216 ctiam
1187 3169 1265 3216 san-

19 3229 151 3326 ctissimo
168 3250 200 3306 et
224 3237 358 3306 vivifico
382 3237 506 3326 spiritu
529 3235 681 3305 constitit
714 3233 882 3318 perlectus
905 3235 1007 3304 bonro
1035 3235 1069 3304 in
1101 3235 1265 3306 ornnibus

20 3335 79 3388 sme
101 3337 243 3410 peccato.
263 3327 328 3408 Qui
344 3347 426 3415 ergo
441 3323 612 3412 quomodo
631 3323 736 3392 Adam
755 3345 822 3392 non
844 3323 1056 3406 naturaliter,
1081 3323 1140 3392 sed
1157 3345 1265 3412 supra

21 3420 154 3480 naturam
172 3412 281 3485 sactus
301 3415 410 3485 luerat
427 3413 541 3494 bomo,
567 3425 599 3482 et
625 3411 715 3482 alius
745 3424 884 3483 vocatus
908 3412 1026 3494 Adam,
1055 3413 1135 3482 vicit
1167 3433 1260 3492 eum,

21 3497 67 3576 qui
86 3501 227 3585 primum
245 3504 350 3574 udam
367 3503 546 3590 deceperat
561 3514 594 3570 et
610 3501 748 3585 vicerat;
766 3513 799 3570 et
829 3522 888 3590 per
906 3523 995 3588 quae
1020 3500 1209 3570 malevolus
1232 3511 1266 3570 et

23 3577 108 3655 bostis
126 3589 322 3663 bominibus
339 3593 489 3682 primunr
513 3603 666 3660 nostrum
688 3589 812 3658 devicit
837 3603 1024 3679 parentem,
1057 3611 1117 3679 per
1137 3612 1177 3658 ea
1206 3611 1263 3659 no·

24 3687 85 3740 lum
106 3698 235 3767 quoque
253 3682 358 3752 Adam
380 3682 532 3750 inescare
556 3700 752 3768 aggressus
777 3700 843 3747 non
870 3679 991 3768 potuit.
1011 3684 1072 3748 Per
1101 3678 1263 3767 intempe-

25 3763 143 3834 rantiam
168 3771 258 3840 enirn
275 3784 308 3840 et
331 3770 459 3860 gloriae
487 3768 709 3856 cupiditatem
736 3766 835 3837 illum
865 3767 1010 3856 decepit.
1038 3768 1072 3836 Si
1094 3789 1133 3836 er
1169 3766 1264 3857 ligno

25 3849 168 3927 lrobibito
183 3859 381 3939 comederis
403 3859 471 3928 eris
497 3869 673 3944 tamquam
700 3861 804 3938 Deus,
832 3877 871 3926 co
897 3877 1042 3926 noscens
1073 3856 1203 3926 bonurn
1231 3865 1265 3924 et

25 3937 143 4036 mallim
160 3947 367 4018 etadversus
391 3946 562 4016 Christum
588 3967 723 4033 quoque
748 3967 809 4035 per
832 3879 951 4013 segem
976 3958 1121 4015 conatus
1137 3957 1170 4013 ει
1192 3942 1265 4032 glo·

28 4037 99 4102 narr,
118 4053 191 4102 oum
215 4036 341 4106 videret
356 4058 436 4106 eum
462 4049 637 4122 tamquam
663 4033 830 4104 Adamum
855 4046 993 4123 propter
1017 4033 1064 4114 id,
1094 4030 1186 4120 quod
1205 4053 1265 4131 ap-

31 4115 150 4200 berabat,
170 4136 200 4192 et
214 4126 377 4195 esurienti
400 4124 561 4215 apposuit
589 4121 733 4213 lapides,
758 4135 875 4212 petens
893 4134 931 4191 ut
958 4143 1016 4191 eos
1046 4133 1193 4219 mutaret
1228 4140 1263 4188 rn

33 4211 125 4278 lanes:
148 4223 179 4280 et
197 4212 368 4302 pollicitus
381 4226 431 4284 est
454 4235 490 4283 εε
514 4211 564 4281 illi
581 4212 744 4282 daturum
764 4232 868 4301 regua
890 4222 1011 4292 terrae,
1034 4211 1062 4279 si
1082 4207 1267 4298 procidens

32 4295 256 4434 glfflladoraret.
284 4301 373 4402 Illud
388 4302 478 4405 enirn
505 4311 577 4402 erat
592 4300 694 4402 gulae
710 4323 716 4363 :
734 4300 797 4400 boc
814 4311 929 4371 autem
949 4299 1052 4389 primi
1072 4298 1140 4368 lori
1164 4297 1265 4454 eupi-

52 4383 139 4464 nans,
167 4401 196 4458 et
230 4390 429 4461 dominandi
460 4388 634 4462 desiderii.
668 4388 825 4478 Undique
858 4401 971 4461 autem
997 4387 1166 4478 depulsus
1215 4397 1266 4456 urt
