2920 4810
51 343 134 408 ldis.
163 343 183 405 9
441 359 942 410 11001001001099000001109
1214 343 1296 411 999*

48 449 74 502 et
86 439 207 502 Sidonis
218 439 286 516 sita,
309 440 467 518 vectigalis
487 449 591 504 autern
612 441 675 503 dri·
705 443 812 505 luisset
833 459 985 520 egressus,
1009 442 1045 503 ad
1071 443 1223 522 principes
1243 459 1340 506 sacer·

47 519 269 582 tioohiensibns.
301 518 339 581 ln
370 521 426 584 hao
457 521 580 583 ciuitate
607 537 677 585 oum
704 521 812 584 dotum
833 521 992 584 hominem
1011 521 1135 592 detulit,
1160 524 1242 601 qood
1268 525 1340 588 ima·

47 602 226 664 ludaeorum
242 601 325 663 natio
339 599 483 678 frequens
496 610 585 675 esset,
606 617 677 663 aon·
710 603 815 679 ginem
835 601 998 664 salvatoris
1017 602 1050 662 in
1071 600 1196 664 aedibus
1215 619 1340 665 conser-

47 682 159 761 tigitut
174 694 265 758 prope
279 695 479 759 synagogam,
502 697 593 760 qnam
616 681 678 743 illie
706 689 802 756 vat-el,
830 681 1081 760 Nazaraeumque
1102 697 1163 743 non
1190 684 1339 764 ejecisset.

47 759 173 839 amplam
200 760 324 832 hahent,
350 760 505 840 quideme
533 759 676 824 Christia·
706 760 750 822 llli
765 777 853 837 vero,
874 760 975 824 audita
998 777 1042 835 re,
1070 762 1187 823 interro
1209 771 1342 825 averunt

48 855 153 902 nerum
169 855 302 903 numero
316 839 675 921 domiciliumaquodam
706 857 780 904 num
810 842 839 904 id
868 845 968 920 posset
981 841 1156 918 approbare.
1187 779 1341 906 Elementa

46 921 227 982 conductum
244 919 403 983 habitaret.
425 919 534 982 lilaea
548 920 678 982 adverso
706 921 769 994 illo,
785 939 816 984 se
829 937 912 1000 posse
927 921 1110 983 oonilrmare
1124 937 1202 1000 puae
1214 924 1341 999 diceret,

49 998 145 1062 lectuli
161 1001 328 1077 imaginem
342 1000 412 1062 lesu
429 997 541 1064 Christi
554 1000 676 1062 Domini
705 1017 811 1062 omnes
832 1003 1009 1079 congregati
1030 1009 1061 1062 et
1081 1000 1186 1062 lurore
1210 1003 1340 1080 pertiti,

51 1081 135 1142 nostri
152 1081 275 1140 linerat:
299 1084 364 1140 erat
388 1079 462 1142 liaeo
488 1095 561 1146 sane
585 1096 677 1142 vene·
707 1080 758 1142 illo
781 1078 905 1158 quidem
933 1081 982 1142 dio
1004 1080 1082 1141 nihil
1103 1088 1254 1157 egerunt:
1276 1082 1339 1156 sed,

49 1161 146 1232 raudo,
162 1158 241 1238 quod
258 1160 410 1237 integram
432 1157 542 1222 Christi
556 1159 676 1222 Domini
706 1176 796 1222 mane
817 1158 904 1233 iacto,
925 1161 1102 1238 congregati
1117 1165 1231 1222 summi
1246 1178 1342 1226 saeer-

50 1240 273 1317 proportionem
306 1239 502 1317 exprimeret.
540 1238 679 1316 Contigit
707 1241 790 1318 dotes
809 1247 840 1301 et
858 1241 992 1302 seniores
1017 1255 1087 1302 oum
1106 1240 1226 1318 ingenti
1243 1240 1341 1303 homi-

49 1325 224 1380 autemnon
247 1319 286 1379 ita
302 1318 356 1379 diu
379 1328 443 1395 post
465 1319 495 1381 id
511 1322 677 1398 temporis,
708 1335 783 1382 num
803 1320 938 1398 ejusdem
961 1321 1094 1382 nationis
1113 1321 1214 1392 turha,
1229 1337 1343 1383 assum·

49 1396 213 1461 Christiano
235 1398 424 1460 mansionem
446 1400 679 1478 aliquantoam·
707 1407 757 1477 pto
777 1399 869 1461 simul
892 1399 1027 1462 delatore
1051 1399 1174 1473 Judaoo,
1198 1401 1235 1462 ad
1255 1403 1343 1464 aedes

50 1477 170 1549 pliorem
199 1493 373 1557 quaerore3
403 1493 460 1540 nee
489 1477 519 1539 id
548 1479 678 1541 omnino
708 1479 784 1552 illas,
801 1482 833 1541 in
849 1480 962 1557 quihus
983 1481 1087 1556 imago
1107 1479 1230 1542 Domini
1247 1485 1341 1544 nostri

49 1556 167 1618 lortuito
183 1559 369 1631 factumest,
392 1557 443 1620 sed
457 1574 496 1619 ex
518 1558 679 1620 divinadi·
708 1559 887 1632 habebatur,
912 1561 957 1622 ire
972 1567 1116 1638 pergunt.
1141 1558 1218 1621 Cum
1241 1570 1342 1623 autem

48 1637 245 1713 sponsatione,
270 1652 348 1715 quae
368 1652 474 1700 omnes
492 1640 575 1717 cupit
597 1639 629 1699 in
650 1655 679 1699 a·
706 1639 742 1701 ad
762 1653 833 1701 eom
860 1638 959 1702 locum
976 1641 1130 1700 venissent
1154 1641 1292 1702 seniores
1312 1648 1343 1702 et

51 1717 216 1788 gnitionem
240 1717 378 1778 veritatis
393 1719 512 1792 venire,
536 1727 566 1778 01
580 1716 679 1778 salros
707 1719 858 1796 principes
871 1719 1061 1781 sacerdotum
1086 1735 1155 1781 oum
1172 1721 1237 1799 ipso
1250 1721 1341 1782 simul

51 1795 120 1870 lieri,
135 1796 286 1860 exhibens
302 1797 447 1860 miracula
465 1799 510 1859 liis
523 1798 575 1875 qni
590 1795 678 1859 illurn
707 1797 855 1872 delatore,
870 1801 995 1860 irruunt
1017 1801 1049 1860 in
1064 1797 1203 1872 domum,
1224 1805 1255 1860 et
1273 1815 1343 1862 oon·

53 1874 205 1949 001001,οι
221 1877 270 1954 pie
286 1877 317 1936 in
343 1875 430 1938 illum
456 1878 606 1939 eredunt:
629 1891 679 1938 ve·
708 1878 809 1940 iestim
841 1879 1009 1956 imaginem
1031 1877 1198 1940 Salvatoris
1219 1879 1342 1943 liominl

53 1968 114 2016 rum
136 1958 166 2018 in
182 1956 435 2034 redargutionem
460 1955 678 2030 diffidentium,
709 1959 803 2019 nostri
833 1958 1040 2036 contemplati,
1067 1956 1170 2019 lurore
1185 1957 1277 2036 pleni,
1292 1959 1343 2020 Ju-

51 2034 305 2100 confirmationem
333 2043 434 2098 autem
448 2043 478 2098 et
493 2035 679 2098 stabilimen·
707 2036 818 2099 daeum
834 2037 958 2115 guidem
980 2045 1066 2100 extra
1081 2053 1268 2114 synagogam
1292 2041 1341 2116 eii·

54 2119 110 2174 inin
138 2115 345 2178 credentibus.
374 2114 543 2188 Quaerebat
564 2117 679 2193 itaque,
707 2117 808 2190 olunt,
825 2119 993 2194 imaginem
1007 2133 1081 2178 vero
1105 2117 1283 2192 detrahunt,
1299 2118 1343 2181 di·

55 2201 83 2252 at
94 2195 191 2256 dicere
202 2211 373 2274 coeperam,
390 2194 581 2258 Christianus
592 2196 680 2258 aedes
708 2204 844 2260 contest
857 2195 1117 2268 Quemadmodum
1134 2205 1233 2274 patres
1248 2203 1342 2260 nostri

56 2273 186 2350 maiores:
218 2291 292 2352 quas
314 2291 385 2337 eum
407 2277 440 2337 in
464 2276 523 2338 alio
547 2276 680 2337 civitatis
709 2275 1344 2350 illuseruntei,itaetnosiaoiamns.i'luno

58 2347 305 2427 looo'invenisset‚
322 2355 456 2429 edoma,
480 2369 571 2432 quam
589 2371 680 2434 prope
707 2371 816 2418 omnes
839 2363 1005 2435 coeperunt
1028 2372 1162 2434 expuere
1184 2359 1215 2418 in
1236 2357 1342 2420 iaoiem

58 2444 233 2512 synagogam
250 2434 367 2508 habuit,
383 2437 415 2496 in
430 2434 553 2498 alteram
567 2436 679 2512 migra·
708 2443 828 2498 sanotae
846 2437 988 2513 imaginis
1003 2434 1127 2511 Christi,
1153 2436 1344 2517 colaphisque

57 2511 103 2572 rit.
123 2512 261 2593 Cumque
276 2530 323 2576 res
337 2531 406 2576 suas
428 2529 535 2577 omnes
556 2516 588 2576 in
610 2529 679 2576 eam
709 2515 781 2577 hino
796 2515 1343 2588 illinoiaolemcaedentesdicehani:

56 2594 257 2670 transtulisset,
289 2595 455 2672 imaginem
471 2602 573 2656 tamen
598 2593 680 2656 iilam
715 2591 948 2673 ionaecnmpue
963 2598 1164 2673 designarunt
1178 2604 1343 2673 patresno-

58 2667 168 2735 Domini
194 2673 258 2736 illio
272 2675 350 2737 forte
366 2671 501 2750 reliquit,
523 2673 679 2736 oblivione
708 2675 1189 2754 striinillam,eaetnosquoque
1204 2676 1346 2738 iaciamus

58 2751 170 2825 quidem
200 2753 288 2826 illud,
313 2753 363 2815 sed
383 2761 484 2814 tamen
508 2753 612 2815 divina
637 2754 680 2814 di·
710 2755 742 2816 in
758 2753 1344 2835 illiusimaginem.ollolndelnquiuni:

56 2834 251 2904 spensatione.
274 2833 406 2896 iudaeus
420 2839 534 2902 autem,
548 2847 680 2895 tommo·
715 2833 921 2896 «Audivimus
933 2833 1012 2912 quod
1028 2833 1191 2896 illuserunt
1205 2835 1233 2896 01
1247 2843 1347 2914 patres

57 2907 140 2972 ditate
167 2912 222 2974 loni
247 2920 376 2990 captae,
401 2912 569 2974 aediculam
598 2911 679 2974 illam
711 2915 820 2976 nostri:
837 2913 981 2976 iaciamus
997 2914 1074 2974 idem
1088 2913 1144 2977 hoo
1159 2924 1190 2978 et
1205 2930 1257 2976 nos
1272 2931 1346 2995 quo-

57 2991 201 3072 oonduait,
228 2991 366 3053 nondum
393 2991 638 3054 animadvertens
651 3009 682 3055 e·
709 3011 777 3072 goe.
791 3017 803 3048 o
819 2993 889 3055 lior
905 2992 974 3055 talia
990 2995 1123 3056 convitia
1139 3007 1347 3058 evomuerunt

57 3064 599 3148 iusoemodiimaginemillioassiram:
615 3088 682 3135 sua·
711 3077 742 3134 in
758 3073 829 3134 lesu
845 3071 956 3136 Christi
970 3075 1148 3151 imaginem,
1164 3091 1241 3153 auae
1255 3091 1346 3137 nemo

54 3162 111 3222 aue
129 3152 203 3212 istun
222 3151 419 3225 transferens,
435 3149 682 3230 aliquandinillio
709 3155 1347 3232 sanaementisexcogitareposset.Addunt

60 3224 206 3292 habitarit.
222 3230 360 3305 Quodam
375 3230 619 3293 autemdiooum
634 3231 682 3294 hio
710 3231 835 3294 deinde:
859 3253 872 3286 ι
893 3233 1077 3294 Audivimus
1097 3241 1194 3311 patres
1215 3244 1345 3308 nostros,

61 3307 214 3394 gentilium
229 3327 355 3373 snorum
381 3311 525 3390 quosdam
542 3311 574 3373 in
590 3326 680 3388 pran-
711 3313 800 3390 pedes
820 3327 990 3390 manusque
1011 3312 1092 3374 illius
1112 3314 1205 3376 elaris
1225 3313 1344 3376 fixisse:

61 3382 137 3445 dmm
152 3388 324 3464 invitasset,
346 3390 489 3467 contigit,
508 3395 543 3452 ut
557 3390 682 3468 quidam
711 3391 782 3472 qnid
798 3391 1073 3470 obest,quomlnus
1084 3400 1115 3454 01
1126 3394 1269 3456 nosidem
1282 3401 1347 3454 ten·

62 3465 262 3542 convivarum,
290 3469 416 3532 sublatis
445 3468 551 3543 oeulis,
579 3471 684 3547 imagi·
713 3469 1349 3552 temusioConlestimautemimaginislio-

63 3555 125 3604 nem
140 3543 250 3610 Christi
263 3549 384 3610 Domini
399 3550 492 3610 nostri
507 3549 680 3626 inspiceret:
712 3551 789 3613 mini
822 3551 912 3630 pedes
943 3567 1112 3629 manusque
1135 3551 1228 3615 clavis
1241 3552 1348 3614 lemeis

62 3632 181 3703 moxque
198 3643 365 3691 oonrersus
384 3630 420 3691 ad
434 3628 681 3692 comitatorem:
712 3631 901 3694 foraverunt.
930 3631 1046 3695 Deinde
1073 3632 1180 3694 insano
1203 3648 1257 3694 ore
1286 3632 1348 3694 ola-

70 3700 144 3776 tio,
165 3706 279 3786 inquit,
301 3707 433 3771 ludaeos
454 3723 526 3771 eum
547 3708 602 3781 sis,
624 3726 682 3787 qna
712 3710 1039 3773 montelatronis
1080 3711 1139 3774 uod
1160 3718 1191 3774 ot
1212 3725 1297 3774 aceto
1317 3718 1349 3774 ot

63 3776 150 3867 tronto
159 3786 379 3850 tandemaudes
391 3787 599 3867 hujuscemodi
609 3789 684 3852 ima·
712 3790 905 3852 lelleimhota
917 3793 1041 3870 spongia
1055 3727 1140 3853 flium
1152 3799 1346 3870 potaverunt:

65 3865 247 3950 gmemdomi
259 3867 465 3931 tuaehahere?
476 3867 563 3932 »Non
574 3867 683 3944 dicam,
713 3869 855 3932 laetamus
869 3876 900 3931 et
914 3885 968 3932 nos
983 3870 1137 3943 similiter3
1148 3879 1348 3950 naoceptaque

65 3935 329 4031 hroUpnotplanstra
345 3947 555 4010 convitiorum
578 3956 608 4010 et
622 3965 685 4011 ma·
712 3950 838 4027 spongia
858 3956 943 4012 noeto
966 3949 1067 4030 plene,
1096 3950 1133 4012 ad
1152 3967 1183 4011 os
1204 3949 1349 4026 imaginis

65 4011 161 4082 lodieta
182 4025 213 4086 in
236 4027 401 4090 Dominum
431 4025 618 4090 salvatorem
641 4029 686 4091 ei·
712 4028 936 4106 applicuerunt.
953 4028 1068 4092 Rursus
1082 4031 1211 4102 ajuntzi
1230 4029 1348 4092 Notum

67 4091 176 4162 fuderit.
206 4103 388 4169 Convirator
419 4113 521 4170 autem
549 4110 684 4187 seipsum
714 4107 799 4170 nobis
813 4115 868 4183 est,
883 4108 964 4187 quod
978 4116 1008 4170 et
1021 4107 1136 4172 calamo
1156 4116 1246 4186 eaput
1267 4108 1349 4170 illias

68 4187 185 4253 iurgare
209 4185 358 4262 studens,
387 4186 556 4250 affirmabat
590 4189 684 4252 etiam
713 4194 812 4265 patres
840 4189 936 4250 nostri
961 4193 1185 4264 percusserunt.
1211 4187 1348 4250 111011111-

67 4263 167 4334 strete,
177 4277 206 4324 se
218 4266 424 4342 hujuscemodi
437 4267 606 4344 imaginem
616 4267 686 4330 hao·
714 4283 800 4346 psum
815 4270 909 4331 etiam
923 4285 939 4330 a
956 4267 1044 4328 nohis
1059 4267 1184 4346 pariter.
1200 4265 1348 4345 »Sumpta

70 4333 149 4420 lanus
163 4355 220 4405 non
236 4345 364 4410 vidisse:
388 4353 479 4426 atque
502 4351 541 4409 ita
563 4347 617 4426 qni
639 4349 685 4409 in·
714 4347 951 4423 igituroalamo,
973 4351 1064 4425 eaput
1079 4346 1201 4409 Domini
1223 4345 1349 4408 saedere

71 4418 169 4478 artatus
182 4429 255 4501 erat,
270 4428 374 4489 mouit.
397 4425 559 4505 Postquam
580 4434 684 4491 antem
713 4435 887 4504 coeperunt.
910 4427 1048 4490 Tandem
1069 4425 1175 4504 aiunt:
1193 4448 1206 4482 ι
1226 4425 1347 4488 Clarum
