2946 4798
44 218 114 283 nat.
138 219 178 284 28
430 241 469 286 na
493 237 624 287 saneris
649 239 881 289 innocenrrnus
1060 259 1065 270 ·
1187 227 1250 290 505

43 320 214 402 desistebat,
233 335 265 392 ct
288 323 412 393 timore
436 315 638 414 diriguerat,
660 336 693 394 et
716 325 880 394 flentibus
898 323 1010 395 oculis
1024 323 1067 394 ad
1092 324 1200 415 gladii
1225 326 1294 396 sul-

43 431 139 497 gorem
163 409 383 501 adspiciebat,
401 423 434 482 et
449 412 651 502 adspectum
676 413 862 497 dividebat,
886 435 979 483 nunc
997 413 1039 484 ad
1066 414 1175 486 stricti
1200 417 1293 486 ensis

43 499 201 588 inpetum,
228 521 320 571 nunc
336 501 379 570 ad
402 501 513 571 filiurn
538 503 600 589 qui
616 511 688 572 erat
704 502 891 584 feriendus,
918 515 950 572 et
966 525 1002 572 se
1018 501 1220 575 festinanter
1234 527 1295 591 op-

42 589 169 675 ponebat
190 587 269 659 ferri
294 589 442 660 violento
466 590 587 671 motui;
613 603 645 660 et
670 613 791 662 rursus
815 591 936 674 aliam,
966 613 1056 680 quae
1087 614 1130 662 ne
1164 595 1295 663 moveri

41 676 159 761 quidem
177 690 315 767 poterat,
342 691 375 749 et
391 700 453 750 nec
471 701 594 772 parum
618 680 759 767 quidem
784 681 966 781 respirare,
985 703 1065 751 curn
1084 693 1205 772 stupor
1220 683 1292 751 rin-

40 765 128 835 xisset
148 766 221 857 ejus
246 768 361 858 pedes,
380 767 438 840 sed
470 780 549 838 ante
572 791 675 838 suum
700 769 813 839 filium
831 781 952 840 timore
973 770 1130 861 perierat,
1153 783 1186 840 et
1209 793 1291 841 cum

41 853 107 922 exili
124 853 250 942 ejulatu
273 859 491 946 exspectabat
510 878 770 947 percussurum,
797 869 829 928 et
849 857 922 947 jam
941 859 1094 929 remissis
1115 859 1290 929 trementi-

41 941 95 1012 bus
116 944 284 1028 manibus,
311 945 476 1017 infantem
498 947 715 1017 vehementer
731 947 887 1037 portabat
902 971 909 1015 ε
924 968 1013 1036 quae
1036 947 1178 1036 quidem
1194 949 1293 1038 ignc-

41 1031 124 1101 rabat
143 1054 180 1102 ex
203 1033 298 1104 ulnis
322 1034 460 1124 lapsum
485 1035 670 1117 infantem,
697 1057 781 1107 easu
805 1049 914 1107 morte
939 1037 971 1106 ei
995 1036 1122 1118 allata,
1160 1059 1294 1128 praere·

42 1120 276 1192 nissemortem
325 1123 420 1194 ladii.

43 1297 44 1300 Ἴ
80 1211 96 1294 ἕ
114 1213 153 1280 8.
170 1215 194 1281 0
209 1146 356 1283 florebis
374 1212 569 1284 insaniam!
596 1213 811 1296 Quibusnam
837 1235 875 1283 ex
893 1213 1030 1285 consilii
1046 1226 1195 1372 egestate
1212 1214 1295 1284 acti·

43 1295 97 1366 bus
122 1299 256 1391 replevit
285 1301 403 1372 orbem
429 1305 558 1373 terracl
580 1302 666 1386 Quis
692 1316 764 1374 erat
793 1301 850 1371 ille
876 1301 976 1393 longe
1005 1303 1074 1373 inse
1091 1304 1291 1384 icissimus,

40 1387 159 1470 quando
176 1402 244 1460 tam
266 1391 426 1462 acerbam
451 1391 530 1461 tulit
556 1393 760 1462 sententiam
792 1391 826 1460 in
856 1410 914 1460 eos
938 1392 999 1478 qui
1022 1413 1100 1461 eum
1128 1392 1225 1463 nulla
1245 1392 1292 1460 al·

39 1471 168 1548 decerent
181 1478 338 1568 injuria?
353 1481 503 1550 Omnino
519 1492 608 1550 certe
624 1481 774 1569 speciem
792 1478 952 1550 induerat
973 1483 1116 1570 regiam,
1135 1493 1167 1552 et
1184 1481 1294 1551 dastus

40 1583 71 1631 ac
94 1585 230 1657 pompae
254 1589 394 1640 scenam
412 1569 479 1639 sibi
496 1569 624 1651 fixerat,
643 1583 676 1639 et
706 1567 845 1640 sedebat
861 1569 897 1637 in
913 1590 1017 1639 aureo
1042 1569 1176 1650 throne,
1196 1591 1293 1662 gem-

41 1672 155 1723 marum
174 1656 367 1728 collucente
391 1656 646 1749 splendoribus,
672 1670 705 1729 et
730 1669 865 1748 pectora
893 1658 946 1727 ira
969 1657 1131 1740 dilatans,
1163 1657 1296 1728 invidia

40 1742 203 1830 cogebatur
225 1746 261 1816 iu
277 1757 424 1827 arctum,
442 1759 474 1816 et
498 1746 622 1837 capulo
638 1747 730 1818 ensis
755 1746 968 1817 innitebatur
982 1747 1132 1833 dextera;
1155 1759 1187 1818 et
1204 1748 1294 1817 viros

41 1830 186 1986 sagientia
202 1834 359 1926 insignes
378 1835 565 1926 adhibebat
590 1835 624 1905 iu
648 1836 846 1919 consilium,
869 1857 1018 1924 quorum
1048 1833 1190 1927 linguas
1220 1857 1291 1904 mc·

41 1938 71 1986 re
91 1933 120 1989 at
141 1921 313 2006 diaboluS,
340 1923 435 1994 illius
460 1947 589 2015 urgens
614 1925 810 1996 interitum:
846 1938 878 1994 et
909 1924 977 1994 alia
999 1925 1139 2013 quidem
1165 1924 1295 1996 duriose

41 2009 202 2098 accipiens;
220 2012 291 2083 alia
307 2024 421 2083 autern
440 2024 594 2084 statuens
614 2013 733 2084 audire
748 2026 780 2084 et
794 2013 964 2104 judicare,
983 2027 1015 2083 et
1031 2013 1199 2103 improbis
1215 2035 1295 2103 gra·

41 2093 107 2166 riter
126 2121 283 2173 annuens
299 2102 465 2185 consitiis,
487 2102 669 2174 meditatus
685 2114 735 2172 est
748 2123 894 2172 messem
910 2104 1177 2172 immaturarum
1197 2123 1295 2192 sege-

43 2193 111 2282 tum.
132 2193 316 2280 Postquam
341 2202 455 2260 autem
474 2213 573 2262 saevo
592 2191 728 2261 decreto
745 2190 831 2261 illud
860 2191 1092 2262 inhumanum
1110 2190 1294 2262 confirma·

46 2284 82 2340 ut
96 2277 282 2362 consilium,
302 2293 335 2350 et
351 2292 459 2350 totum
480 2281 553 2371 Jam
567 2280 613 2349 in
635 2281 742 2350 armis
754 2279 860 2368 jussit
884 2301 958 2350 esse
975 2281 1174 2362 exercitum,
1197 2301 1294 2348 eum-

44 2381 97 2448 que
117 2363 201 2437 lerro
221 2369 361 2449 muniit,
388 2369 488 2456 eique
502 2369 722 2439 centuriones
741 2381 773 2438 et
798 2369 954 2439 tribunos
970 2368 1099 2451 divisit,
1127 2380 1159 2438 et
1183 2367 1292 2438 duces

41 2447 132 2542 elegit,
155 2457 215 2544 qui
231 2457 408 2548 praeclare
425 2469 581 2547 poterant
599 2457 801 2549 intelligere,
827 2457 911 2544 quid
936 2470 1106 2548 oporteret
1124 2457 1237 2528 lacere
1258 2458 1294 2525 in

41 2549 180 2630 ternpore,
205 2559 239 2616 et
261 2568 282 2616 o
310 2547 391 2617 time
410 2547 565 2618 sciebant
589 2547 639 2617 uti
663 2546 782 2628 armis,
810 2546 1013 2635 hujusmodi
1037 2546 1151 2618 verbis
1168 2568 1225 2616 eos
1243 2557 1295 2614 est

40 2626 200 2715 allocutus
229 2567 330 2704 nullo
354 2635 485 2725 pudore
508 2636 653 2706 allectus
668 2657 800 2716 eorum,
827 2657 916 2724 quae
939 2635 1100 2705 dicebat:
1228 2723 1234 2735 .

73 2720 139 2804 bd.
156 2745 173 2788 a
189 2728 227 2792 ln
245 2723 374 2795 multos
391 2723 544 2811 quidem,
564 2745 583 2794 o
600 2725 738 2806 militae,
758 2725 1011 2815 belligerantes,
1030 2747 1090 2795 vos
1107 2723 1295 2794 fortissime

38 2808 195 2894 gessistis,
221 2826 256 2882 et
296 2813 433 2883 moenia
461 2813 703 2904 trophaeorum
735 2813 819 2883 meis
843 2812 1123 2885 circumdedistis
1147 2812 1290 2915 finibus.

37 2897 119 2964 tene
136 2912 262 2984 autem,
290 2903 318 2973 si
343 2923 511 2990 unquam,
539 2903 687 2973 maxime
711 2913 843 2992 oportet
867 2923 926 2972 vos
952 2923 1077 2992 magno
1095 2902 1209 2974 studio
1238 2922 1293 2971 rn-

38 2985 180 3058 cumbere
195 2990 238 3060 ad
259 2990 451 3062 victoriam.
471 2995 516 3062 Ne
533 2992 608 3060 sitis
627 2992 715 3082 pigri
742 3002 774 3061 et
799 2993 807 3059 i
837 2992 925 3060 navi.
947 2995 1109 3081 Magnum
1127 3004 1178 3061 est
1201 2991 1295 3062 enim

38 3085 189 3148 certarnen
213 3093 246 3150 et
265 3079 387 3172 ingens
412 3080 618 3170 periculum.
648 3079 743 3151 Domi
764 3015 848 3148 mili
875 3080 1028 3149 nascitur
1057 3079 1199 3149 malum.
1232 3085 1293 3149 La-

39 3169 129 3234 tenter
141 3180 292 3258 aguntur
308 3169 464 3240 cuniculi
480 3169 523 3240 ad
544 3168 780 3240 subruendum
800 3169 866 3238 mei
880 3169 976 3258 regni
996 3168 1194 3270 potentiam.
1214 3168 1295 3269 Nulj

39 3247 83 3320 lus
103 3277 153 3324 me
169 3270 310 3348 apertus
334 3259 465 3329 invadit
480 3259 657 3327 inimicus.
676 3263 764 3328 Puer
780 3258 840 3345 qui
858 3257 973 3326 adhuc
994 3268 1185 3348 ignoratur,
1208 3258 1295 3325 mihi

39 3355 154 3430 sceptra
165 3347 283 3440 eripit.
309 3348 410 3418 Scitis
424 3347 609 3417 Bethleem.
636 3350 674 3416 In
692 3369 732 3416 ea
748 3346 899 3416 intellexi
924 3357 1045 3415 natum
1062 3365 1137 3415 esse
1166 3345 1292 3425 lilium,

39 3430 118 3512 quia
136 3437 200 3504 Deo
232 3436 329 3527 regni
348 3437 481 3526 accepit
504 3436 721 3526 suffragium.
750 3435 908 3506 Nondum
934 3434 1184 3522 circumagitur
1211 3443 1296 3534 ternj

41 3533 93 3600 pus
114 3520 259 3594 duorum
284 3545 467 3608 annorum,
486 3545 526 3593 ex
550 3546 619 3612 quo
644 3535 746 3596 natus
762 3537 830 3594 est:
850 3535 883 3596 e‘t
904 3523 1025 3594 nullus
1051 3523 1207 3611 quidem,
1235 3541 1296 3610 qur

42 3621 194 3693 appareat,
220 3631 277 3682 mc
301 3625 402 3683 terret
430 3626 640 3704 apparatus:
673 3613 732 3684 sed
762 3615 865 3684 timeo
889 3613 1137 3702 Prophetarum
1167 3631 1293 3691 voces,

42 3697 166 3778 quaeda
187 3721 229 3771 eo
259 3701 453 3772 extiterunt.
486 3702 618 3771 Etenim
640 3702 730 3792 llagi
754 3701 978 3790 (meministis
1001 3712 1129 3782 autern,
1156 3699 1296 3788 quando

43 3797 134 3871 nuper
146 3787 188 3858 ad
212 3811 277 3860 nos
298 3789 480 3879 venerunt)
502 3812 541 3859 ex
569 3791 719 3878 quadam
746 3790 861 3872 stella,
888 3812 976 3877 quae
999 3790 1049 3860 eis
1073 3801 1294 3880 apparuerat,

43 3877 268 3949 nnuneiarunt
290 3899 327 3950 se
344 3877 550 3948 intellexisse
572 3890 685 3950 ortum
704 3879 816 3970 pueri,
838 3891 870 3950 et
889 3879 1088 3967 requisiisse
1108 3876 1294 3958 Bethleem,

45 3966 73 4024 ut
86 3963 227 4037 riderent
250 3989 410 4058 puerum,
428 3980 461 4038 et
485 3973 610 4058 Regem
632 3979 765 4051 natum,
791 3989 842 4046 eo,
868 3989 939 4056 quo
963 3989 1024 4058 par
1051 3979 1134 4050 erat,
1164 3967 1297 4036 honore

47 4043 203 4144 adicerent.
231 4060 301 4147 Ego
325 4079 402 4128 xero
433 4055 588 4127 volebam
618 4079 657 4127 ex
686 4057 737 4127 eis
766 4057 866 4138 scire,
893 4057 1053 4144 quisnam
1075 4058 1104 4126 is
1128 4067 1230 4137 esset,
1257 4067 1296 4124 ut

51 4135 115 4232 prbi
132 4159 216 4214 esset
237 4145 336 4216 lacile
364 4158 396 4217 et
414 4146 613 4237 expeditum
641 4145 827 4217 dissolvere
853 4147 1083 4236 tyrannidem.
1119 4143 1184 4216 Sed
1214 4163 1295 4216 cum

52 4215 106 4326 lb„
120 4234 229 4303 nescio
242 4255 393 4322 quanam
410 4236 452 4305 de
482 4257 600 4316 causa,
619 4233 812 4305 fefellerunt
832 4255 921 4322 quae
946 4235 1031 4305 mihi
1049 4233 1292 4325 promiserant,

52 4315 77 4373 et
100 4335 127 4384 ro
142 4341 235 4391 suam
249 4324 623 4415 redieruntrogionem,
643 4325 757 4406 timeo,
780 4325 978 4405 conturbor,
997 4323 1154 4396 existimo
1174 4321 1296 4395 adesse
