2932 4812
11 307 57 372 tt.
82 305 116 370 3t
297 325 334 371 nn
358 325 387 371 s.
413 325 588 372 sxuvcsrno
615 327 694 372 viva
717 327 755 374 nr
779 325 928 374 concuss-
1141 309 1198 373 59t

10 433 13 474 ι
34 407 260 478 divinissimis
288 421 423 478 nostrae
437 409 520 479 fidei
540 409 699 490 decretis,
718 410 968 500 compositique
980 423 1062 481 sunt
1085 409 1162 498 ejus
1176 431 1250 479 rno-

10 518 38 578 es,
61 509 91 568 et
110 496 286 568 formatus
309 499 449 570 animus
469 497 513 566 cd
538 497 733 569 institutum
761 498 907 570 virtutis.
930 503 1013 570 Cum
1033 499 1105 588 jam
1134 510 1248 568 autem

10 598 162 685 vperasset
189 585 475 669 adolescentiam,
501 599 574 657 erat
601 609 681 678 prae
713 588 856 658 caeteris
884 587 1021 659 deditus
1045 587 1162 658 virtuti
1187 587 1249 656 ho·
1296 651 1297 656 ,

10 674 185 748 utalitatis:
213 687 248 745 et
273 697 363 762 quos
378 675 571 747 offendebat
593 682 738 747 Romnm
765 697 805 746 ex
828 689 967 748 externa
1001 677 1173 746 venientes
1198 697 1248 745 re·

13 785 90 844 one,
116 785 175 835 eos
199 764 356 852 hospitio
387 762 543 835 lubenter
573 765 786 854 excipiebat:
821 765 871 835 eis
907 786 1064 836 mensam
1094 764 1249 835 hilariter

10 873 155 942 iponens,
173 865 209 922 et
224 875 321 940 aqua
344 852 484 923 illorum
510 853 613 944 pedes
636 853 793 935 abluens,
812 854 902 924 etad
923 853 1171 943 quiescendum
1190 874 1249 941 eos

10 966 13 1038 t
30 941 185 1032 stragulis
209 941 400 1012 collocans.
427 947 501 1026 Quo
517 941 645 1013 factum
665 955 731 1025 est,
758 954 798 1013 ut
812 943 1011 1014 Timotheus
1034 943 1177 1031 quidam
1197 942 1248 1012 vir

10 1030 117 1110 tvinus,
134 1032 196 1117 qui
216 1053 260 1100 ex
274 1031 453 1101 Antiochia
468 1036 597 1103 Romae
611 1032 906 1122 peregrinabatur,
925 1047 957 1103 et
974 1045 1130 1103 sanctum
1149 1052 1247 1121 prae-

10 1119 104 1188 icabat
133 1119 378 1210 Evangelium,
405 1119 490 1190 forte
512 1120 556 1190 ab
581 1120 644 1190 hoc
677 1121 794 1191 divino
820 1133 913 1210 patre
936 1121 1086 1211 hospitio
1110 1121 1247 1210 accipe-

10 1219 79 1279 ctur.
101 1221 227 1278 etcum
255 1209 383 1298 hospes
408 1208 591 1300 perfectius
606 1208 787 1290 imbueret,
812 1223 846 1278 et
870 1210 1061 1282 institueret
1085 1210 1119 1279 in
1144 1208 1248 1278 verbo

10 1306 84 1366 ectae
105 1296 194 1367 fidei.
214 1303 291 1368 Non
320 1297 412 1368 enim
437 1299 563 1380 timuit,
591 1309 630 1368 ut
654 1298 778 1386 reliqui
806 1298 937 1380 fideles,
967 1319 1169 1388 praeconem
1194 1320 1248 1368 sa·

10 1385 94 1456 vteris
120 1385 163 1456 tlo
189 1386 298 1456 matis
326 1386 492 1477 excipere,
517 1387 575 1458 sed
605 1385 715 1458 laetus
740 1387 889 1475 hospitio
911 1390 1044 1478 excepit
1066 1409 1159 1468 eum,
1185 1387 1246 1473 qui

10 1487 50 1542 rat
69 1409 218 1562 aequabis
238 1475 427 1564 Apostolis:
454 1489 497 1558 et,
525 1477 554 1545 si
578 1476 757 1565 cognitum
775 1474 896 1546 fuisset
918 1498 998 1548 eum
1028 1476 1093 1546 hoc
1122 1475 1244 1556 facere,

11 1583 42 1629 ro
58 1584 91 1631 ea
114 1585 149 1633 re
168 1563 254 1654 pati,
279 1563 417 1634 lucrum
442 1565 655 1636 existimans.

15 1651 41 1746 Ιἓ
60 1655 102 1722 8.
126 1657 210 1724 Cum
224 1665 343 1724 eutem
365 1653 562 1723 Timotheus
585 1675 677 1724 anno
693 1668 808 1726 unoet
832 1653 936 1744 paulo
952 1653 1103 1743 amplios
1120 1658 1247 1723 Romae

13 1739 121 1808 rvinam
146 1741 382 1831 praedicasset
406 1741 707 1832 praedicationem,
740 1755 772 1815 et
800 1742 927 1813 multos
958 1742 1002 1812 ab
1025 1763 1140 1812 errore
1164 1764 1246 1813 con-

10 1828 124 1898 ertisset
152 1829 196 1902 ad
222 1830 407 1932 pietatem,
434 1830 558 1901 deinde
588 1844 766 1921 pmpterea
800 1831 922 1903 fuisset
949 1831 1243 1920 comprehensus,

11 1925 21 1980 t
42 1916 123 1988 valde
145 1933 305 2008 punitus,
323 1931 357 1990 et
380 1918 483 2011 longo
510 1932 662 2011 tempore
691 1920 837 1992 traditus
864 1921 898 1990 in
924 1919 1129 1999 custodiam,
1153 1931 1186 1987 et
1211 1920 1246 1987 in

10 1999 44 2068 lla
64 2021 259 2090 maceratus,
279 2017 313 2078 ct
337 2009 474 2080 tandem
497 2019 675 2079 truncatus
699 2011 832 2101 capite:
860 2009 980 2080 beatus
1009 2008 1178 2098 sylvester
1204 2028 1247 2076 ue

10 2103 59 2160 tost
72 2093 242 2168 decessuro
268 2096 411 2184 quidem
431 2097 595 2168 destitita
618 2098 734 2168 suain
757 2111 942 2189 martyrem
966 2097 1144 2168 affectione
1160 2119 1167 2160 ε
1186 2095 1246 2168 sed

10 2179 120 2251 nultum
138 2187 253 2274 posuit
273 2185 392 2266 studii,
411 2199 449 2257 nt
472 2187 547 2276 ejus
565 2208 692 2276 corpus
717 2187 859 2258 tolleret.
876 2193 1110 2276 Tyrannorum
1133 2186 1247 2271 itaque

10 2268 206 2344 :rudelitatem
233 2296 303 2345 non
329 2275 565 2356 extimescens,
594 2297 655 2345 nec
678 2297 820 2358 eorum,
843 2277 903 2365 qui
927 2276 1177 2354 observabunt,
1206 2294 1247 2342 ne

10 2369 162 2445 martyrum
187 2384 335 2452 corpora
355 2363 601 2435 mandarentur
626 2365 835 2454 sepulturae,
862 2364 969 2435 ullam
987 2364 1118 2435 ducens
1146 2363 1247 2432 ratio-

11 2461 76 2544 tem
99 2449 265 2537 profunde
297 2467 395 2522 nocte
412 2453 550 2534 vadens,
578 2452 638 2523 uhi
669 2453 773 2524 situm
806 2468 879 2525 erat
902 2477 1028 2543 corpus
1057 2451 1244 2541 martyris,

11 2539 199 2612 ¹moventibus
223 2541 390 2612 omnibus
414 2541 446 2611 id
466 2541 592 2632 rapuit,
615 2555 648 2612 et
666 2542 809 2613 domum
833 2543 921 2612 tulit.
941 2547 979 2613 Et
1000 2555 1080 2612 tunc
1105 2539 1244 2629 quidem

11 2633 55 2687 ota
69 2639 154 2698 nocte
176 2651 259 2702 cum
285 2629 363 2701 aliis
387 2631 515 2702 sanctis
531 2631 655 2701 cecinit
680 2632 839 2720 hymnos,
858 2633 919 2718 qui
939 2642 1113 2702 canuntur
1137 2631 1171 2699 in
1194 2650 1248 2696 se·

11 2708 126 2808 tultum.
153 2722 227 2790 Post
253 2719 337 2789 haec
360 2731 489 2804 nutem,
516 2718 611 2788 fideli
627 2721 777 2808 quadam
800 2721 944 2790 muliere
963 2721 1140 2844 impensas
1163 2739 1247 2807 sup-

12 2797 158 2897 tedvtante,
185 2807 429 2879 sanctissimus
444 2813 572 2879 Romae
601 2809 792 2899 Episcopus
818 2809 991 2879 hlilciades
1032 2862 1042 2889 ,
1071 2807 1247 2878 Timotheo
1317 2853 1329 2878 .

12 2885 165 2964 edificavit
188 2896 395 2986 martyrium
412 2896 458 2976 **‚
482 2897 606 2984 inquo
629 2897 790 2988 deposuit
814 2896 899 2968 illud
923 2919 1050 2987 corpus
1068 2896 1243 2986 martyris.

12 3061 19 3078 ¹
36 2975 50 3059 i
70 2983 106 3050 d.
133 2983 227 3055 llrbis
252 2997 367 3056 autern
384 2985 577 3056 Praefectus
592 3007 671 3056 cum
687 2985 945 3057 sanctissimum
962 2984 1247 3076 apprehendisset

12 3063 197 3154 tt’lvesuum,
225 3075 324 3146 abeo
340 3075 496 3165 exigebat
515 3074 681 3145 Timothei
700 3073 890 3155 facultates,
908 3086 946 3145 ut
969 3077 1030 3162 qui
1054 3095 1132 3144 eum
1152 3096 1170 3144 a
1199 3073 1245 3144 ud

13 3150 175 3248 teliospitio
196 3163 391 3253 exciperet:
414 3177 446 3234 et
470 3163 538 3234 nisi
553 3185 623 3237 eas,
639 3163 671 3234 ci
686 3163 832 3244 dicebat,
850 3162 996 3246 dederis,
1023 3175 1056 3234 et
1079 3095 1246 3234 accevlbus

13 3233 57 3334 lus
77 3248 321 3334 sacrificaveris,
351 3265 448 3324 tuum
472 3273 600 3342 corpus
619 3273 821 3323 consumam
842 3253 938 3322 omni
961 3273 1085 3353 genere
1110 3251 1245 3342 suppli-

13 3345 172 3415 ἱ’1011111111
195 3355 366 3430 postremo
391 3354 422 3411 te
445 3342 628 3431 subjiciam
654 3341 755 3411 morti
786 3340 987 3411 miserabili.
1015 3345 1160 3412 Sanctus
1185 3363 1246 3408 cu-

13 3419 189 3513 temnentis
211 3431 321 3502 oculis
349 3428 511 3501 Praefecti
530 3442 672 3501 mortem
704 3429 917 3521 praevidens,
944 3429 1186 3520 Evangelicum
1213 3429 1244 3497 ei

14 3495 82 3576 dedu
103 3531 319 3605 responsum:
359 3524 433 3590 Hac
465 3530 579 3600 nocte,
622 3518 761 3602 dicens,
788 3522 939 3590 animam
966 3543 988 3589 a
1019 3529 1050 3589 te
1090 3527 1246 3610 repetunt

14 3585 80 3668 llic.
102 3606 165 3700 ivri:
190 3629 276 3696 quae
293 3620 407 3678 autem
427 3608 579 3678 minatus
594 3630 642 3686 es,
665 3629 732 3676 non
760 3607 873 3678 licebit
893 3608 934 3677 ad
960 3608 1116 3678 effectum
1135 3607 1245 3677 dedu·

16 3693 78 3780 ifle·
95 3689 147 3784 lits
168 3697 263 3768 urbis
276 3697 470 3768 Praefectus
487 3697 724 3778 conturbatus,
735 3698 834 3788 jubet
858 3709 1017 3767 sanctum
1038 3695 1157 3767 ferreis
1173 3697 1246 3766 vin-

17 3781 61 3860 cuv
80 3781 221 3876 vinculis,
240 3799 272 3855 et
296 3797 367 3858 tuto
392 3786 425 3855 in
453 3785 606 3856 interiori
623 3787 751 3856 servari
775 3785 943 3857 custodia.
960 3791 999 3856 Et
1023 3785 1080 3855 ille
1104 3785 1245 3872 quidem

20 3851 98 3950 luerat
119 3869 276 3956 mclusus;
296 3873 626 3946 Praefectusnutem
641 3874 740 3946 urbis
770 3874 955 3964 prandens,
982 3897 1062 3944 cum
1088 3875 1119 3943 ei
1142 3873 1246 3963 piscis

21 3941 312 4049 tussstnppositus,
338 3963 554 4034 comedebat:
583 3985 622 4036 os
645 3975 758 4034 autem
787 3963 918 4052 gutturi
947 3961 1042 4032 illius
1072 3962 1243 4040 infixum,

26 4043 79 4100 Plu
96 4059 146 4110 nec
167 4062 234 4120 arte
257 4051 447 4122 medicinae
465 4064 578 4143 posset
600 4050 717 4134 evelli,
750 4074 812 4120 nec
838 4051 1031 4152 praestigiis
1056 4051 1247 4120 incantato·

29 4129 90 4200 tun,
110 4149 177 4201 cum
198 4161 320 4232 magno
344 4139 459 4210 dolore
484 4140 631 4210 velocem
657 4141 688 4209 ei
713 4152 855 4210 mortem
874 4139 998 4210 attulit.
1019 4137 1128 4206 Media
1152 4137 1245 4205 enim

31 4216 106 4291 uttcte,
120 4239 187 4294 eum
208 4249 273 4298 non
302 4242 413 4318 posset
437 4229 589 4320 amplius
612 4229 700 4299 ferre
723 4230 889 4312 dolorem,
907 4225 1099 4318 exspiravit.
1118 4230 1189 4296 Hoc
1205 4224 1247 4293 iis

51 4363 168 4438 :Ultetcitdee
175 4392 217 4437 vet,
225 4395 313 4442 potius.
321 4393 463 4437 Metcbtades
475 4393 639 4444 continentum
650 4392 724 4445 gessit
733 4395 762 4437 ub
773 4403 835 4436 enno
845 4395 884 4434 311
895 4401 970 4442 usqne
981 4391 1010 4432 ad
1019 4399 1056 4430 nn.
1071 4389 1117 4429 1111.

95 4435 174 4482 fPilum
181 4444 277 4497 scilicet,
287 4449 349 4496 quod
357 4448 455 4499 Mertyrt
464 4449 564 4490 dtcutur.
