2960 4824
76 311 139 376 illd.
160 315 190 376 ll
467 335 506 380 nn
530 335 557 382 s.
586 335 720 402 pantenu
744 333 869 382 susurru
1199 318 1266 384 275

73 413 217 499 quiddam,
235 415 323 502 quod
341 417 458 486 attinet
476 417 519 486 ad
543 418 779 488 fortitudinem
798 432 830 486 et
856 418 1082 501 tolerantiam,
1109 418 1199 488 etad
1225 441 1306 490 eum

71 501 292 586 admirandum,
318 505 380 592 qui
403 505 496 576 dedit
520 505 569 575 illi
589 508 688 577 vires.
711 512 788 580 Erat
804 507 936 597 hyems,
963 527 1071 594 eaque
1088 507 1256 596 glacialis,
1274 521 1309 578 et

70 589 145 660 ralde
165 613 289 682 aspera;
309 593 525 664 vehementes
544 617 623 666 vero
637 617 759 668 rursus
776 609 955 666 ventorum
999 595 1155 676 rocellae,
1173 609 1205 666 et
1230 617 1308 688 gra·

68 680 152 750 riores
174 682 463 770 praecedentibus
490 683 595 754 simul
613 697 726 754 autem
744 705 824 754 cum
845 697 943 754 vento
963 619 1070 755 (fenea
1095 707 1231 773 quoque
1248 685 1308 756 nix

66 767 225 839 decidebat.
250 772 347 841 Venti
367 773 481 860 itaque
504 773 740 843 vehementius
761 774 972 865 ingruentes,
991 773 1021 842 ei
1050 774 1197 863 expelle
1227 795 1306 845 con-

67 855 161 927 lectam
177 860 348 930 cucullam
365 861 482 931 ilando
504 862 691 952 expellunt,
713 875 745 932 et
770 862 804 931 in
826 847 949 932 valfflm
976 861 1164 951 quemdam
1191 863 1308 953 subje-

64 949 357 1104 ctamp'aculantur.
376 955 459 1020 Cum
485 953 594 1022 ventis
618 965 731 1022 autem
750 951 857 1021 multa
882 973 1020 1042 quoque
1045 952 1161 1036 niret
1180 950 1308 1042 frigida

63 1036 119 1123 ejus
151 1038 253 1108 aciem
280 1041 475 1130 impetebat.
494 1040 557 1109 Ille
577 1055 689 1110 autem
714 1039 842 1130 (neque
865 1041 958 1110 enim
991 1040 1139 1111 habebat
1165 1053 1303 1122 tectum,

62 1123 94 1192 ad
112 1126 191 1214 quod
212 1127 425 1218 confugeret)
439 1141 506 1198 tcta
529 1141 625 1198 nocte
649 1130 684 1219 (o
708 1130 871 1199 invictam
889 1132 1071 1213 animaml)
1087 1130 1204 1199 omnia
1233 1127 1307 1198 suf-

63 1211 111 1280 lert
123 1215 259 1286 vinculis
276 1218 441 1307 corporis,
463 1217 625 1307 temporis
650 1217 882 1301 acerbitatem,
902 1218 1028 1300 nivem,
1057 1231 1185 1300 ventos,
1205 1239 1243 1286 as
1270 1239 1306 1286 e-

64 1322 119 1370 ram
136 1305 221 1375 circa
243 1327 403 1376 auroram
433 1308 686 1378 concretionem
711 1319 743 1376 et
767 1307 1087 1398 conglaciationem.
1114 1239 1308 1397 Apparebat

62 1389 126 1472 dies,
147 1405 177 1462 et
193 1394 325 1465 malum
343 1417 409 1465 non
435 1396 602 1478 cessabat,
629 1395 687 1466 sed
715 1399 824 1486 magis
851 1395 1091 1478 invalescebat,
1122 1407 1154 1464 et
1184 1395 1305 1485 hyems

59 1477 284 1553 intendebatur.
312 1484 478 1574 Discipuli
500 1497 613 1555 autent
641 1483 856 1554 nullomodo
882 1495 1036 1575 poterant
1060 1505 1079 1552 e
1104 1495 1200 1574 porta
1226 1505 1307 1571 pro-

58 1569 175 1666 spicere,
201 1585 399 1660 nequaerat
422 1573 528 1655 ullus,
546 1575 614 1663 'qui
630 1573 662 1642 ei
686 1595 784 1730 opem
811 1571 924 1643 ferret.
951 1577 1070 1642 Totum
1095 1593 1177 1664 ergo
1204 1572 1304 1641 illum

58 1655 127 1725 diem
143 1673 173 1728 et
195 1673 392 1748 sequentem
417 1675 561 1744 noctem,
587 1683 675 1750 quae
714 1662 764 1731 uit
784 1661 894 1732 multo
909 1663 1075 1742 acerbior,
1096 1661 1152 1730 hic
1173 1661 1225 1730 vir
1247 1682 1305 1751 ge-

57 1767 176 1820 nerosus
199 1749 333 1820 fortiter
356 1763 389 1819 et
412 1763 608 1820 constanter
632 1750 782 1841 pertulit.
805 1757 881 1822 lam
916 1751 1035 1820 tertius
1062 1751 1201 1838 quidem
1235 1763 1308 1820 erat

57 1833 345 1928 diestempestatie;
370 1838 517 1908 desierat
539 1861 615 1909 vero
639 1839 741 1909 effera
774 1839 913 1930 glacies;
940 1852 972 1910 et
999 1861 1078 1909 cum
1111 1839 1221 1909 scalae
1245 1837 1306 1908 ad·

56 1923 227 2010 novissent,
249 1929 312 2015 qui
328 1939 425 1997 erant
449 1927 669 1998 ferventiores
684 1951 723 1998 ex
747 1927 942 2018 discipulis,
962 1941 994 1998 ct
1019 1949 1162 2018 propere
1185 1949 1307 1998 ascen·

55 2011 172 2097 dissent,
191 2017 320 2096 vident,
338 2038 357 2086 0
376 2017 516 2085 Domine
541 2020 650 2087 Deosl
666 2016 876 2088 horrendum
895 2016 1145 2107 spectaculum,
1165 2027 1197 2084 et
1211 2015 1304 2101 quod

54 2113 210 2190 antequam
239 2105 406 2174 vidissent
430 2105 581 2192 quidem,
602 2107 645 2176 ab
660 2107 710 2175 eis
726 2107 997 2196 exspectabatur,
1017 2105 1092 2194 ipso
1109 2117 1221 2174 tamen
1245 2103 1307 2171 ad-

56 2206 151 2276 spectu
174 2193 288 2262 visum
308 2207 358 2262 est
383 2194 588 2264 terribilius:
610 2200 772 2265 Sanctum
797 2195 928 2265 amictu
942 2194 1080 2284 quidem
1096 2195 1167 2282 jam
1195 2191 1308 2260 nuda·

56 2289 130 2378 turp,
151 2279 262 2372 glacie
296 2303 374 2352 vero
398 2283 492 2353 omini
525 2304 564 2352 er
594 2296 688 2374 perte
720 2284 1033 2374 comprehensum,
1060 2295 1092 2352 et
1115 2281 1247 2438 capite,
1274 2295 1308 2350 et

15 2385 16 2398 ¹
58 2364 130 2462 lactc,
152 2386 182 2440 et
199 2372 347 2459 reliquis
372 2371 708 2462 partibusccrporis3
732 2393 842 2460 neque
868 2373 931 2442 hoc
956 2372 1082 2454 solum,
1110 2393 1145 2440 se
1199 2383 1303 2439 etiarn

61 2473 115 2541 ipso
131 2481 271 2550 corpore
292 2460 432 2530 omnino
450 2475 660 2542 concretum,
678 2475 710 2530 et
734 2463 769 2531 in
799 2461 957 2553 glaciem,
984 2461 1013 2530 si
1038 2460 1149 2550 frigus
1174 2471 1307 2558 spectes

59 2551 342 2632 concretionem,
362 2571 579 2619 conversum:
595 2571 673 2620 eum
695 2551 774 2636 quis
798 2549 976 2642 glacialem
994 2549 1166 2618 bominem
1193 2567 1301 2616 nomi·

56 2639 160 2706 raverit
180 2639 284 2729 (quid
301 2638 392 2708 enim
418 2638 551 2728 alludi)
570 2651 628 2708 aut
657 2651 845 2720 mortuum,
865 2639 955 2726 quod
985 2637 1239 2707 existimaretur
1262 2655 1307 2704 ne

54 2742 132 2810 posse
146 2727 288 2814 quidem
312 2728 454 2816 spirare.
474 2731 557 2798 Cum
574 2727 696 2798 calidis
720 2749 802 2819 ergo
820 2728 919 2815 aquis
944 2726 1125 2798 solvissent
1145 2722 1306 2814 glaciem,

52 2813 218 2896 quinetiam
237 2837 368 2905 corpus
398 2815 661 2906 adspersissent,
689 2831 721 2885 et
746 2817 900 2906 spongiis
930 2815 1183 2893 abstersissent,
1214 2825 1306 2902 post-

50 2921 133 2986 quam
156 2904 212 2975 ille
238 2905 281 2974 ed
310 2927 346 2974 se
375 2905 543 2986 rediisset,
570 2921 601 2975 et
627 2919 800 2992 tamquam
832 2927 851 2976 a
878 2917 984 2972 morte
1007 2903 1206 2984 suscitatus,
1234 2899 1307 3058 spi·

50 2991 134 3060 ritum
157 2995 354 3086 recepisset,
381 3015 494 3063 vocem
512 2995 800 3083 quoqueaccepit,
815 3007 847 3063 et
866 2993 970 3062 dixit:
986 3014 1003 3058 e
1017 2997 1083 3061 Cur
1101 2991 1185 3060 mibi
1203 3013 1246 3060 vu
1264 2992 1310 3060 tis

48 3077 187 3152 exhibere
220 3082 412 3183 negotium,
447 3095 479 3152 et
510 3083 660 3152 suaviter
683 3082 908 3152 dormientem
936 3083 1086 3150 vexatis?
1110 3084 1193 3149 Nem
1223 3099 1307 3148 cum

50 3167 287 3240 modoltominr
313 3171 506 3240 invocarem
532 3172 712 3251 auxilium,
744 3171 869 3240 accidit
898 3171 995 3252 mibi,
1016 3183 1053 3239 ut
1080 3188 1202 3260 parum
1227 3166 1306 3260 dor·

48 3255 200 3328 mitatem.
229 3265 405 3329 Caeterum
428 3259 514 3328 bene
535 3259 579 3329 sit
602 3260 709 3340 vobis,
733 3281 752 3330 o
779 3258 852 3339 sulii,
881 3259 939 3345 qui
967 3259 1071 3347 patris
1093 3269 1220 3325 tentam
1245 3276 1306 3323 cu·

48 3363 106 3411 ram
165 3348 254 3416 ritis.
273 3350 353 3415 [tate
369 3359 482 3417 autem
502 3347 597 3429 mibi,
613 3348 737 3434 inquit,
754 3369 822 3434 quo
842 3367 895 3416 me
911 3345 1067 3415 induam:
1083 3344 1305 3442 erubescens,

48 3445 75 3500 ut
92 3455 127 3502 ar
152 3437 249 3517 itror,
279 3446 415 3524 propter
430 3434 632 3518 nuditatem,
657 3457 723 3505 non
741 3449 853 3506 autem
877 3435 989 3504 calore
1015 3435 1225 3524 indigens.»
1251 3429 1318 3530 lllt

46 3539 110 3590 vero
133 3524 242 3593 alium
270 3523 432 3592 amictum
452 3523 493 3592 ad
511 3546 590 3592 eum
604 3524 803 3606 attulerunt,
822 3537 855 3593 et
868 3545 947 3592 eom
966 3523 1166 3604 induerunt,
1186 3531 1307 3590 tunice

48 3605 166 3680 divinae
191 3612 341 3682 laetitiae
365 3611 539 3693 indutum,
565 3626 604 3681 ut
628 3613 740 3682 dicam
757 3635 835 3682 cum
854 3612 1031 3703 propbeta.
1252 3697 1258 3712 ·
1298 3697 1303 3710 .

79 3701 94 3784 d
116 3705 196 3772 88.
221 3706 340 3770 Postea
366 3713 479 3770 autern
499 3701 646 3771 multum
665 3724 744 3771 eum
762 3716 902 3790 rogante
918 3715 950 3772 et
965 3701 1166 3770 obsecrante
1182 3698 1306 3768 Christi

48 3803 167 3859 amante
203 3793 416 3878 Imperatore
438 3789 538 3879 (baec
561 3792 653 3860 enirn
681 3791 828 3861 adeum
858 3811 968 3877 usque
994 3787 1247 3880 pervenerunt),
1274 3798 1309 3856 et

45 3872 183 3968 dicente:
203 3901 222 3946 c
244 3879 279 3948 Si
304 3900 370 3947 non
398 3891 456 3947 tua
475 3901 592 3960 causa,
612 3893 646 3950 at
664 3894 779 3949 nostra
803 3892 835 3949 et
860 3893 995 3949 nostrae
1018 3877 1187 3956 utilitatis,
1205 3897 1309 3978 parce

47 3965 107 4032 istis
130 3969 239 4036 nimis
271 3967 518 4058 praecipitibus
554 3981 585 4036 et
622 3967 781 4058 projectis
815 3967 1000 4058 periculis,
1030 3981 1062 4036 et
1087 3987 1127 4033 ne
1152 3965 1310 4065 tibiipsi

47 4066 173 4125 mortem
203 4055 452 4146 propemodum
475 4056 706 4138 consciscens,
724 4070 756 4127 et
772 4077 834 4126 nos
858 4058 959 4126 orbos
980 4056 1166 4140 relinquas,
1185 4065 1217 4122 et
1233 4073 1308 4142 ipse

50 4151 70 4204 te
89 4157 164 4212 ante
185 4145 498 4234 ternpusvidearis
525 4166 544 4214 e
571 4146 638 4214 vita
666 4144 823 4216 educere.
848 4167 865 4212 v
891 4150 980 4215 llaec
1004 4158 1036 4214 et
1059 4144 1114 4214 bis
1139 4142 1239 4244 plura
1255 4141 1308 4211 di-

49 4243 127 4300 cente
151 4237 364 4322 imperatore
381 4247 413 4302 et
437 4245 591 4323 rogante,
610 4246 643 4304 et
710 4235 770 4304 des
794 4234 899 4304 simul
920 4234 1158 4324 prehensante‚
1179 4254 1232 4300 vix
1250 4252 1308 4299 su-

52 4319 165 4404 stinuit,
185 4334 226 4391 ut
250 4322 315 4392 sibi
337 4343 481 4414 parvum
511 4321 631 4392 saltam
669 4337 753 4393 reret
785 4336 923 4405 tectum,
942 4321 1108 4392 reveritus
1137 4321 1313 4420 lacrymas

53 4401 264 4496 inperatoris.
299 4415 368 4483 Hoc
401 4411 542 4503 quidem
576 4412 647 4502 jam
673 4435 693 4483 u
717 4433 773 4482 me
809 4412 940 4482 dictum
971 4425 1043 4493 est,
1077 4409 1316 4480 nihilominus
