2954 4816
233 286 297 350 lib
594 303 631 348 ιι
656 303 683 348 ι.
710 303 885 349 ιιιιιιιιι
908 302 1052 348 marrae
1134 322 1136 326 .
1298 283 1366 348 titt.
1386 283 1417 346 ιι·

190 385 275 458 adeo
301 386 419 457 illaesa
451 399 483 456 et
512 387 640 456 intaeta
667 400 782 475 aperte
806 399 889 456 sunt
913 386 1061 478 cognita,
1081 399 1120 456 ut
1143 407 1253 474 neque
1278 384 1340 456 ulla
1354 407 1420 541 (pars

191 477 304 558 vestis,
337 496 447 564 neque
478 473 573 544 ullus
596 475 746 563 denique
775 475 879 565 pilus,
902 474 974 546 ullo
999 474 1100 544 medo
1124 474 1225 545 lerret
1248 473 1352 562 aliqua
1388 475 1422 542 si·

190 585 298 723 fnum
314 563 515 634 exustionis.
540 567 674 634 Rursus
690 585 770 633 vero
795 563 918 634 harum
944 584 1190 654 generosarum
1210 564 1371 656 virginum
1387 583 1424 630 re

205 655 316 742 iquias
343 675 422 723 eum
448 653 637 742 unguentis
653 665 685 722 et
708 652 921 723 aromatibus
946 665 1138 742 martyrum
1163 674 1285 722 amans
1306 650 1425 722 condiis-

190 756 241 813 set
267 742 454 842 Anastasia,
473 742 508 809 in
537 740 686 828 quadam
712 763 814 831 eapsa
839 741 998 830 deposuit
1026 763 1104 813 eum
1132 741 1255 832 pietate
1278 762 1387 832 magna
1404 751 1426 808 et

190 844 388 908 reverentia,
406 844 444 900 ut
467 851 584 899 earum
602 843 691 900 esset
708 831 742 898 in
769 831 934 920 martyrio
951 831 1056 910 socia,
1077 851 1213 919 semper
1233 851 1377 920 precans.

234 922 350 1007 51⁰.
373 919 427 988 Sic
456 917 593 988 duabus
618 918 812 1009 virginibus
836 919 871 987 in
892 917 1024 990 tlhristo
1051 920 1312 1000 consummatis,
1337 922 1428 988 Comes

192 1007 392 1100 productam
421 1007 589 1098 virginem
611 1008 716 1094 jussit
739 1007 934 1078 sacrificare
958 1007 1177 1088 simulacris,
1205 1029 1249 1077 ne
1280 1029 1374 1086 mers,
1392 1004 1429 1070 di·

191 1119 285 1178 eens,
303 1117 393 1184 quae
416 1109 492 1165 tuas
517 1097 780 1186 praeoccupavit
804 1117 948 1178 sorores,
967 1108 998 1166 te
1014 1095 1295 1185 comprehendat.
1320 1095 1431 1190 lllaau-

193 1197 258 1256 tem
277 1186 307 1254 ei
325 1185 429 1254 dieit:
448 1208 465 1251 ιι
484 1189 590 1254 Deum
610 1207 737 1265 meum,
755 1186 880 1272 inquit,
900 1207 983 1276 rogo
1008 1196 1045 1254 ut
1068 1207 1126 1256 eas
1151 1207 1279 1273 sequar
1296 1186 1328 1254 in
1343 1202 1431 1254 omm-

191 1275 269 1345 bus.
298 1279 512 1362 »Tyrannus
537 1294 615 1344 vero
645 1295 725 1343 eum
751 1287 840 1344 esset
865 1274 962 1343 valde
984 1273 1145 1356 callidus,
1172 1287 1205 1344 et
1230 1274 1329 1344 sciret
1353 1290 1431 1366 quan

192 1376 280 1434 esset
303 1384 405 1453 grave
433 1374 465 1432 et
488 1361 743 1442 detestandum,
769 1375 802 1432 et
825 1362 876 1432 vel
903 1364 977 1453 ipsa
1009 1376 1118 1432 marte
1149 1363 1309 1434 acerbius
1336 1360 1432 1432 thrisn

193 1453 311 1544 servis,
332 1451 654 1542 intemperantiam:
681 1473 698 1518 ι
724 1457 778 1533 Τι,
801 1451 925 1540 inquit,
945 1452 980 1521 in
1005 1451 1146 1542 publiea
1165 1465 1314 1522 statuam
1339 1446 1432 1540 prasti-

192 1539 287 1621 bulo,
313 1541 423 1610 cuivis
448 1539 572 1610 volenti
598 1540 831 1629 prostituens:
854 1553 892 1609 ut
906 1541 1024 1611 anima
1040 1554 1073 1610 et
1095 1562 1241 1630 eorpore
1259 1540 1388 1632 polluta,
1410 1547 1433 1602 ut

192 1629 327 1716 eloquia
347 1628 471 1698 docent
488 1641 564 1699 tuae
589 1629 795 1718 scripturae,
817 1629 905 1699 male
922 1651 1052 1719 pereas.
1073 1653 1090 1696 ιι
1108 1635 1192 1700 llart
1220 1652 1237 1699 r
1255 1645 1362 1700 autem
1376 1643 1432 1696 cun

194 1720 307 1788 statim
327 1717 361 1786 in
379 1717 514 1788 coelum
533 1716 730 1788 sustulisset
754 1717 885 1799 oeulos,
903 1733 936 1788 et
959 1740 977 1787 e
1002 1717 1173 1808 profundo
1192 1652 1434 1788 lamentabiliter

194 1808 413 1898 suspirasset:
433 1828 451 1873 ιι
468 1805 620 1887 Confido,
638 1807 763 1894 inquit,
790 1809 826 1876 in
853 1811 917 1877 lieo
943 1811 1116 1878 servatore
1132 1829 1220 1890 meo,
1244 1807 1334 1895 qued
1358 1801 1433 1904 pedes

194 1917 288 1966 meos
315 1895 433 1965 evellet
460 1917 478 1964 e
499 1894 632 1983 laqueo,
651 1905 684 1964 et
709 1897 862 1966 animam
891 1917 1001 1966 meam
1034 1895 1193 1966 liberabit
1217 1897 1264 1967 ab
1283 1917 1372 1967 omni
1391 1892 1434 1960 im·

195 1984 377 2055 munditia.
409 1981 535 2054 Fidelis
558 1997 609 2054 est
636 1983 728 2054 enim
759 1985 818 2071 qui
851 1985 1028 2072 promisit,
1054 1984 1146 2072 quod
1179 2007 1248 2055 non
1285 1985 1368 2058 sinet
1394 1997 1434 2048 ιιι

194 2074 315 2144 tentari
345 2094 450 2164 supra
478 2093 581 2160 quam
612 2094 810 2162 possumus.
837 2077 905 2163 Ego
930 2095 1007 2144 vero
1034 2073 1116 2143 deus
1136 2087 1212 2144 tuos
1240 2095 1309 2144 non
1328 2070 1432 2143 eolan:

195 2183 306 2251 neque
329 2164 378 2232 eis
395 2161 534 2231 offeram
561 2182 715 2249 unquam
737 2161 960 2232 sacrificium.
983 2161 1079 2245 Quod
1104 2175 1219 2233 autem
1252 2164 1291 2232 fit
1315 2158 1433 2251 pertin

194 2263 227 2322 et
250 2262 464 2342 repugnante
489 2250 684 2331 voluntate,
711 2250 849 2338 quando
881 2264 981 2341 turpe
1004 2251 1129 2332 luerit,
1157 2251 1199 2320 iis
1234 2251 1370 2340 quidem
1395 2263 1434 2331 qu

195 2354 277 2412 sunt
300 2340 420 2420 eoacti,
451 2337 586 2408 videtur
616 2340 731 2429 potius
761 2361 835 2410 esse
869 2339 1107 2430 supplicium,
1129 2361 1235 2426 quam
1263 2351 1433 2442 peecatum:

194 2451 270 2500 reos
293 2440 407 2499 autem
428 2427 606 2497 constituit
624 2449 682 2498 eos
705 2427 765 2518 qui
791 2428 857 2498 vim
883 2428 1084 2499 attulerunt.
1118 2434 1234 2500 Meum
1260 2444 1370 2517 itaque
1389 2439 1434 2491 ιιι

194 2518 298 2588 luerit
321 2517 385 2588 hue
418 2527 617 2606 peceatum,
644 2516 818 2604 quomodo
844 2539 906 2588 nee
939 2517 981 2588 iis
1008 2517 1067 2605 qui
1097 2539 1151 2587 me
1178 2522 1434 2608 praecesserant.

195 2606 418 2697 martyribus,
447 2604 598 2695 pollutae
612 2626 733 2676 carnes
752 2617 785 2674 et
809 2606 928 2676 vinum
950 2605 1169 2687 libaminum,
1190 2627 1254 2696 per
1278 2608 1344 2676 vim
1368 2605 1395 2672 ιι
1412 2615 1437 2664 tt

195 2717 313 2766 eorum
341 2694 518 2783 injectum,
549 2693 691 2763 omnino
719 2693 840 2764 obfuit.
874 2696 908 2764 Si
931 2695 1022 2764 enim
1051 2717 1116 2764 nou
1145 2695 1376 2784 persuadens,
1397 2682 1437 2785 sed

197 2785 264 2853 vim
286 2784 443 2864 afferens,
463 2784 513 2853 vis
531 2781 665 2852 trahere
684 2781 725 2852 ad
744 2784 877 2854 cultum
898 2797 1034 2853 tuorum
1052 2783 1209 2865 dearum,
1228 2807 1296 2856 eur
1317 2804 1378 2853 non
1392 2787 1438 2846 nte

197 2883 496 3030 utensbpossestate,
526 2871 574 2942 vel
601 2871 725 2942 invitos
750 2872 960 2944 Christianos
990 2873 1086 2963 cogis
1109 2894 1201 2964 genu
1226 2875 1359 2944 flectere
1381 2866 1438 2936 dae·

197 2982 290 3031 mour
319 2983 359 3031 us
404 2983 422 3028 »

240 3052 259 3138 ς
284 3053 349 3120 ss.
366 3053 455 3119 llaec
474 3062 653 3138 postquam
680 3047 791 3118 audiit
807 3049 1013 3130 Praefectus,
1031 3049 1169 3120 tradens
1186 3071 1264 3120 eam
1287 3047 1437 3120 militibus,

193 3138 299 3229 jussit
322 3137 493 3207 abducere
520 3139 556 3207 in
581 3137 826 3227 prostibulum.
853 3142 942 3208 Deus
961 3151 1075 3209 autem
1103 3159 1170 3208 non
1201 3139 1297 3220 sinit,
1324 3149 1438 3226 suerunt

197 3227 339 3298 omnino
363 3249 483 3296 euram
501 3249 635 3316 gerens:
658 3225 716 3298 sed
736 3227 893 3316 protinus
912 3227 953 3296 ad
973 3228 1098 3297 milites
1114 3226 1317 3309 aecedentes
1336 3217 1439 3313 lngelt

196 3317 256 3404 qui
277 3316 344 3408 ipsi
359 3329 456 3384 erant
471 3316 584 3385 induti
605 3315 727 3387 babitu
740 3327 773 3384 et
792 3328 882 3386 veste
905 3315 1056 3398 militari,
1076 3326 1109 3386 et
1127 3329 1306 3402 tamquam
1324 3305 1439 3384 seeundt

197 3427 215 3474 a
241 3404 411 3477 Praefecto
437 3404 545 3486 missi,
572 3418 604 3473 et
622 3425 698 3473 eam
723 3403 790 3473 alio
815 3403 999 3476 transferre
1017 3405 1121 3496 jussi,
1141 3403 1305 3476 auserunt
1327 3397 1438 3494 quiden

197 3494 240 3564 ab
265 3495 308 3564 iis
330 3495 390 3582 qui
414 3514 488 3562 eam
514 3492 723 3563 detinebant.
753 3497 837 3564 Cum
862 3515 941 3563 vero
965 3515 1039 3563 eam
1058 3493 1285 3564 abduxissent
1311 3494 1343 3562 in
1364 3505 1440 3559 eacu-

198 3605 276 3652 men
298 3583 436 3664 montis,
455 3581 582 3652 mirum
609 3582 644 3651 in
670 3581 812 3652 modum
832 3580 905 3664 alti,
924 3581 996 3653 illie
1019 3593 1188 3664 statuunt,
1215 3596 1310 3652 metu
1328 3575 1439 3668 quidm

197 3685 229 3742 et
253 3671 509 3760 perturbatione
535 3668 686 3761 plenam,
713 3671 807 3772 quod
833 3670 876 3741 ad
908 3673 1021 3762 priora
1047 3673 1189 3742 attinet:
1215 3670 1339 3742 deinde
1361 3665 1439 3736 etiam

198 3760 497 3849 Deeeloquentem
523 3759 625 3830 verba
649 3771 838 3848 gratiarum
855 3761 1012 3832 aetionis.
1034 3766 1215 3848 Postquam
1234 3742 1440 3846 autem‚1t¹1⁰}‘J

197 3849 326 3920 laetum
351 3849 473 3929 iuerat,
493 3848 624 3940 aceepit
639 3851 769 3930 Comes,
789 3849 904 3919 statim
929 3849 1120 3920 ascendens
1143 3871 1284 3936 equum,
1305 3845 1439 3934 equitant

198 3939 240 4010 ad
268 3951 430 4010 montem.
450 3940 512 4008 Ille
532 3959 610 4008 vero
635 3937 712 4007 vide
732 3937 819 4006 milri
843 3959 897 4007 res
923 3939 980 4008 Dei
1008 3938 1243 4021 admirabiles,
1261 3957 1346 4025 quae
1369 3947 1440 4024 ptest·

198 4043 263 4098 tem
283 4027 422 4116 quidem
445 4038 566 4097 vocant
581 4026 624 4096 ad
642 4025 918 4106 admirationem,
934 4027 1090 4118 linguam
1115 4041 1230 4098 autem
1250 4025 1291 4096 ad
1313 4019 1437 4094 lauden.

199 4119 260 4185 Ubi
286 4118 377 4186 enim
399 4116 542 4187 accessit
557 4115 598 4186 ad
620 4115 747 4197 laeum,
767 4129 880 4186 mente
896 4117 1113 4197 immutatus,
1133 4117 1311 4187 videbatur
1324 4106 1437 4200 quiden

114 4239 119 4252 ·
197 4205 313 4273 videre
331 4204 456 4362 (procul
483 4204 664 4295 virginem,
681 4216 714 4274 et
729 4227 804 4274 eam
830 4207 1122 4296 appropinquare:
1151 4207 1256 4276 visam
1275 4214 1378 4274 autem
1393 4211 1438 4289 ap·

198 4291 327 4390 preben
355 4315 422 4375 ere,
442 4294 504 4364 etsi
523 4293 670 4363 maxime
689 4293 797 4376 vellet,
820 4316 886 4364 non
914 4305 1060 4384 poterat;
1087 4293 1171 4365 adeo
1196 4291 1329 4365 utillud
1352 4291 1439 4356 lsattt

199 4399 234 4447 ιιι
264 4399 302 4446 ιι
330 4402 466 4469 quoque
490 4381 704 4473 impleretur,
734 4382 900 4454 dicentis:
933 4385 1124 4476 Palpabunt
1153 4395 1319 4476 tanlquam
1344 4385 1439 4444 ιιιιιιι
