<?xml version="1.0" encoding="UTF-8"?>
<!DOCTYPE html PUBLIC "-//W3C//DTD XHTML 1.0 Transitional//EN"
    "http://www.w3.org/TR/xhtml1/DTD/xhtml1-transitional.dtd">
<html xmlns="http://www.w3.org/1999/xhtml" xml:lang="en" lang="en">
 <head>
  <title>
</title>
<meta http-equiv="Content-Type" content="text/html;charset=utf-8" />
  <meta name='ocr-system' content='tesseract 3.04.00' />
  <meta name='ocr-capabilities' content='ocr_page ocr_carea ocr_par ocr_line ocrx_word'/>
</head>
<body>
  <div class='ocr_page' id='page_1' title='image "./historiaeseuvit00lippgoog_0436.png"; bbox 0 0 2954 4816; ppageno 0'>
   <div class='ocr_carea' id='block_1_1' title="bbox 32 237 1225 308">
    <p class='ocr_par' dir='ltr' id='par_1_1' title="bbox 32 237 1225 308">
     <span class='ocr_line' id='line_1_1' title="bbox 32 237 1225 308; baseline 0.006 -7"><span class='ocrx_word' id='word_1_1' title='bbox 32 237 98 302; x_wconf 82' lang='lat' dir='ltr'><strong>llllC.</strong></span> <span class='ocrx_word' id='word_1_2' title='bbox 120 237 160 304; x_wconf 77' lang='lat'><strong>25</strong></span> <span class='ocrx_word' id='word_1_3' title='bbox 333 257 370 302; x_wconf 84' lang='lat' dir='ltr'><strong>nr</strong></span> <span class='ocrx_word' id='word_1_4' title='bbox 392 256 579 303; x_wconf 78' lang='lat' dir='ltr'><strong>narrnrnrs</strong></span> <span class='ocrx_word' id='word_1_5' title='bbox 604 255 796 304; x_wconf 77' lang='lat' dir='ltr'><strong>sacvrroms</strong></span> <span class='ocrx_word' id='word_1_6' title='bbox 819 256 932 304; x_wconf 81' lang='lat' dir='ltr'><strong>nosrm</strong></span> <span class='ocrx_word' id='word_1_7' title='bbox 1160 244 1225 308; x_wconf 76' lang='grc'><strong>399</strong></span> 
     </span>
    </p>
   </div>
   <div class='ocr_carea' id='block_1_2' title="bbox 19 338 1266 2382">
    <p class='ocr_par' dir='ltr' id='par_1_2' title="bbox 28 338 1266 608">
     <span class='ocr_line' id='line_1_2' title="bbox 30 338 1266 435; baseline 0.005 -27"><span class='ocrx_word' id='word_1_8' title='bbox 30 351 119 408; x_wconf 82' lang='lat' dir='ltr'><strong>autem</strong></span> <span class='ocrx_word' id='word_1_9' title='bbox 143 338 215 420; x_wconf 89' lang='lat' dir='ltr'><strong>ista,</strong></span> <span class='ocrx_word' id='word_1_10' title='bbox 233 362 312 410; x_wconf 88' lang='lat' dir='ltr'><strong>curu</strong></span> <span class='ocrx_word' id='word_1_11' title='bbox 332 340 374 410; x_wconf 90' lang='lat' dir='ltr'><strong>de</strong></span> <span class='ocrx_word' id='word_1_12' title='bbox 394 340 549 430; x_wconf 92' lang='lat' dir='ltr'><strong>virginali</strong></span> <span class='ocrx_word' id='word_1_13' title='bbox 568 340 720 410; x_wconf 77' lang='lat' dir='ltr'>thalamo</span> <span class='ocrx_word' id='word_1_14' title='bbox 736 341 913 431; x_wconf 90' lang='lat' dir='ltr'><strong>virgineus</strong></span> <span class='ocrx_word' id='word_1_15' title='bbox 929 341 994 411; x_wconf 91' lang='lat' dir='ltr'><strong>llos</strong></span> <span class='ocrx_word' id='word_1_16' title='bbox 1014 343 1138 413; x_wconf 79' lang='lat' dir='ltr'><strong>itariae</strong></span> <span class='ocrx_word' id='word_1_17' title='bbox 1154 366 1266 435; x_wconf 87' lang='lat' dir='ltr'><strong>egres·</strong></span> 
     </span>
     <span class='ocr_line' id='line_1_3' title="bbox 29 428 1266 512; baseline 0.005 -16"><span class='ocrx_word' id='word_1_18' title='bbox 29 449 73 496; x_wconf 88' lang='lat' dir='ltr'><strong>sus</strong></span> <span class='ocrx_word' id='word_1_19' title='bbox 92 441 148 509; x_wconf 90' lang='lat' dir='ltr'><strong>est,</strong></span> <span class='ocrx_word' id='word_1_20' title='bbox 169 429 213 498; x_wconf 91' lang='lat' dir='ltr'><strong>ita</strong></span> <span class='ocrx_word' id='word_1_21' title='bbox 236 428 358 498; x_wconf 88' lang='lat' dir='ltr'><strong>cecidit</strong></span> <span class='ocrx_word' id='word_1_22' title='bbox 380 440 413 498; x_wconf 92' lang='lat' dir='ltr'><strong>et</strong></span> <span class='ocrx_word' id='word_1_23' title='bbox 435 441 649 500; x_wconf 88' lang='lat' dir='ltr'><strong>contractum</strong></span> <span class='ocrx_word' id='word_1_24' title='bbox 675 441 726 498; x_wconf 92' lang='lat' dir='ltr'><strong>cst</strong></span> <span class='ocrx_word' id='word_1_25' title='bbox 753 428 840 499; x_wconf 92' lang='lat' dir='ltr'><strong>illud</strong></span> <span class='ocrx_word' id='word_1_26' title='bbox 867 430 1011 512; x_wconf 89' lang='lat' dir='ltr'><strong>murale,</strong></span> <span class='ocrx_word' id='word_1_27' title='bbox 1030 444 1063 502; x_wconf 91' lang='lat' dir='ltr'><strong>et</strong></span> <span class='ocrx_word' id='word_1_28' title='bbox 1085 431 1266 503; x_wconf 90' lang='lat' dir='ltr'><strong>columna-</strong></span> 
     </span>
     <span class='ocr_line' id='line_1_4' title="bbox 28 516 932 608; baseline 0 -25"><span class='ocrx_word' id='word_1_29' title='bbox 28 538 85 584; x_wconf 89' lang='lat' dir='ltr'><strong>rum</strong></span> <span class='ocrx_word' id='word_1_30' title='bbox 107 538 200 606; x_wconf 89' lang='lat' dir='ltr'><strong>opus,</strong></span> <span class='ocrx_word' id='word_1_31' title='bbox 221 530 257 587; x_wconf 94' lang='lat' dir='ltr'><strong>ut</strong></span> <span class='ocrx_word' id='word_1_32' title='bbox 281 519 335 586; x_wconf 85' lang='lat' dir='ltr'><strong>vix</strong></span> <span class='ocrx_word' id='word_1_33' title='bbox 358 531 547 608; x_wconf 80' lang='lat' dir='ltr'><strong>appareant</strong></span> <span class='ocrx_word' id='word_1_34' title='bbox 572 516 713 608; x_wconf 86' lang='lat' dir='ltr'><strong>vestigia</strong></span> <span class='ocrx_word' id='word_1_35' title='bbox 738 518 932 588; x_wconf 93' lang='lat' dir='ltr'><strong>ruinarum.</strong></span> 
     </span>
    </p>

    <p class='ocr_par' dir='ltr' id='par_1_3' title="bbox 19 605 1266 2382">
     <span class='ocr_line' id='line_1_5' title="bbox 57 605 1266 690; baseline 0.002 -14"><span class='ocrx_word' id='word_1_36' title='bbox 57 607 131 690; x_wconf 62' lang='lat'><strong>§2</strong></span> <span class='ocrx_word' id='word_1_37' title='bbox 157 605 524 688; x_wconf 59' lang='lat' dir='ltr'><strong>castrumnovum</strong></span> <span class='ocrx_word' id='word_1_38' title='bbox 549 607 607 676; x_wconf 84' lang='lat' dir='ltr'><strong>Dei</strong></span> <span class='ocrx_word' id='word_1_39' title='bbox 632 606 773 688; x_wconf 92' lang='lat' dir='ltr'><strong>summi,</strong></span> <span class='ocrx_word' id='word_1_40' title='bbox 791 619 824 676; x_wconf 89' lang='lat' dir='ltr'><strong>et</strong></span> <span class='ocrx_word' id='word_1_41' title='bbox 848 608 882 676; x_wconf 92' lang='lat' dir='ltr'><strong>in</strong></span> <span class='ocrx_word' id='word_1_42' title='bbox 908 619 951 688; x_wconf 89' lang='lat' dir='ltr'><strong>te,</strong></span> <span class='ocrx_word' id='word_1_43' title='bbox 971 617 1003 676; x_wconf 92' lang='lat' dir='ltr'><strong>et</strong></span> <span class='ocrx_word' id='word_1_44' title='bbox 1028 608 1063 676; x_wconf 88' lang='lat' dir='ltr'><strong>in</strong></span> <span class='ocrx_word' id='word_1_45' title='bbox 1087 608 1266 679; x_wconf 82' lang='lat' dir='ltr'>suburbiis</span> 
     </span>
     <span class='ocr_line' id='line_1_6' title="bbox 26 693 1266 788; baseline 0.006 -28"><span class='ocrx_word' id='word_1_46' title='bbox 26 693 78 764; x_wconf 91' lang='lat' dir='ltr'><strong>tuis</strong></span> <span class='ocrx_word' id='word_1_47' title='bbox 96 694 161 764; x_wconf 91' lang='lat' dir='ltr'><strong>visa</strong></span> <span class='ocrx_word' id='word_1_48' title='bbox 183 705 262 764; x_wconf 91' lang='lat' dir='ltr'><strong>sunt</strong></span> <span class='ocrx_word' id='word_1_49' title='bbox 286 695 460 766; x_wconf 88' lang='lat' dir='ltr'><strong>mirabilia</strong></span> <span class='ocrx_word' id='word_1_50' title='bbox 483 696 596 764; x_wconf 90' lang='lat' dir='ltr'><strong>bodie.</strong></span> <span class='ocrx_word' id='word_1_51' title='bbox 617 700 703 766; x_wconf 81' lang='lat' dir='ltr'><strong>Deus</strong></span> <span class='ocrx_word' id='word_1_52' title='bbox 723 694 849 785; x_wconf 89' lang='lat' dir='ltr'><strong>pendet</strong></span> <span class='ocrx_word' id='word_1_53' title='bbox 868 695 911 765; x_wconf 90' lang='lat' dir='ltr'><strong>ab</strong></span> <span class='ocrx_word' id='word_1_54' title='bbox 931 695 1108 778; x_wconf 91' lang='lat' dir='ltr'><strong>uberibus,</strong></span> <span class='ocrx_word' id='word_1_55' title='bbox 1126 699 1266 788; x_wconf 90' lang='lat' dir='ltr'><strong>ponitur</strong></span> 
     </span>
     <span class='ocr_line' id='line_1_7' title="bbox 24 783 1265 874; baseline 0.008 -26"><span class='ocrx_word' id='word_1_56' title='bbox 24 783 50 848; x_wconf 93' lang='lat' dir='ltr'><strong>in</strong></span> <span class='ocrx_word' id='word_1_57' title='bbox 71 803 231 873; x_wconf 78' lang='lat' dir='ltr'><strong>praesepe,</strong></span> <span class='ocrx_word' id='word_1_58' title='bbox 251 784 378 874; x_wconf 88' lang='lat' dir='ltr'><strong>ligatur</strong></span> <span class='ocrx_word' id='word_1_59' title='bbox 397 785 431 853; x_wconf 92' lang='lat' dir='ltr'><strong>in</strong></span> <span class='ocrx_word' id='word_1_60' title='bbox 449 785 562 865; x_wconf 91' lang='lat' dir='ltr'><strong>cunis,</strong></span> <span class='ocrx_word' id='word_1_61' title='bbox 582 784 708 874; x_wconf 88' lang='lat' dir='ltr'><strong>pannis</strong></span> <span class='ocrx_word' id='word_1_62' title='bbox 727 783 925 865; x_wconf 90' lang='lat' dir='ltr'><strong>involvitur,</strong></span> <span class='ocrx_word' id='word_1_63' title='bbox 944 791 979 853; x_wconf 87' lang='lat' dir='ltr'><strong>et</strong></span> <span class='ocrx_word' id='word_1_64' title='bbox 1000 784 1122 857; x_wconf 81' lang='lat' dir='ltr'><strong>laxatis</strong></span> <span class='ocrx_word' id='word_1_65' title='bbox 1145 785 1265 858; x_wconf 89' lang='lat' dir='ltr'><strong>lasciu-</strong></span> 
     </span>
     <span class='ocr_line' id='line_1_8' title="bbox 22 869 1263 965; baseline 0.005 -27"><span class='ocrx_word' id='word_1_66' title='bbox 22 869 65 951; x_wconf 91' lang='lat' dir='ltr'><strong>lis,</strong></span> <span class='ocrx_word' id='word_1_67' title='bbox 84 870 189 942; x_wconf 89' lang='lat' dir='ltr'><strong>leliccs</strong></span> <span class='ocrx_word' id='word_1_68' title='bbox 213 894 337 944; x_wconf 88' lang='lat' dir='ltr'><strong>manus</strong></span> <span class='ocrx_word' id='word_1_69' title='bbox 364 885 397 943; x_wconf 93' lang='lat' dir='ltr'><strong>ct</strong></span> <span class='ocrx_word' id='word_1_70' title='bbox 420 887 539 944; x_wconf 88' lang='lat' dir='ltr'><strong>saneta</strong></span> <span class='ocrx_word' id='word_1_71' title='bbox 564 871 740 943; x_wconf 86' lang='lat' dir='ltr'><strong>brachiola</strong></span> <span class='ocrx_word' id='word_1_72' title='bbox 777 895 837 964; x_wconf 90' lang='lat' dir='ltr'><strong>par</strong></span> <span class='ocrx_word' id='word_1_73' title='bbox 860 894 1032 942; x_wconf 91' lang='lat' dir='ltr'><strong>cunarum</strong></span> <span class='ocrx_word' id='word_1_74' title='bbox 1062 876 1263 965; x_wconf 78' lang='lat' dir='ltr'><strong>parvitatem</strong></span> 
     </span>
     <span class='ocr_line' id='line_1_9' title="bbox 21 960 1265 1052; baseline 0.006 -26"><span class='ocrx_word' id='word_1_75' title='bbox 21 961 169 1047; x_wconf 83' lang='lat' dir='ltr'><strong>expandit.</strong></span> <span class='ocrx_word' id='word_1_76' title='bbox 187 960 314 1031; x_wconf 85' lang='lat' dir='ltr'><strong>lllludit</strong></span> <span class='ocrx_word' id='word_1_77' title='bbox 337 961 481 1052; x_wconf 83' lang='lat' dir='ltr'><strong>Virgini,</strong></span> <span class='ocrx_word' id='word_1_78' title='bbox 501 963 603 1031; x_wconf 87' lang='lat' dir='ltr'><strong>matri</strong></span> <span class='ocrx_word' id='word_1_79' title='bbox 627 961 766 1042; x_wconf 79' lang='lat' dir='ltr'><strong>arridet,</strong></span> <span class='ocrx_word' id='word_1_80' title='bbox 792 975 824 1032; x_wconf 92' lang='lat' dir='ltr'><strong>et</strong></span> <span class='ocrx_word' id='word_1_81' title='bbox 843 961 1062 1033; x_wconf 81' lang='lat' dir='ltr'><strong>blandientes</strong></span> <span class='ocrx_word' id='word_1_82' title='bbox 1086 962 1206 1034; x_wconf 90' lang='lat' dir='ltr'><strong>oculos</strong></span> <span class='ocrx_word' id='word_1_83' title='bbox 1221 964 1265 1034; x_wconf 95' lang='lat' dir='ltr'><strong>ad</strong></span> 
     </span>
     <span class='ocr_line' id='line_1_10' title="bbox 21 1049 1265 1142; baseline 0.008 -28"><span class='ocrx_word' id='word_1_84' title='bbox 21 1049 137 1116; x_wconf 82' lang='lat' dir='ltr'><strong>iterium</strong></span> <span class='ocrx_word' id='word_1_85' title='bbox 164 1050 347 1137; x_wconf 84' lang='lat' dir='ltr'><strong>intorquet.</strong></span> <span class='ocrx_word' id='word_1_86' title='bbox 370 1056 441 1121; x_wconf 87' lang='lat' dir='ltr'><strong>Stat</strong></span> <span class='ocrx_word' id='word_1_87' title='bbox 468 1051 647 1142; x_wconf 86' lang='lat' dir='ltr'><strong>perterrita</strong></span> <span class='ocrx_word' id='word_1_88' title='bbox 672 1051 774 1120; x_wconf 88' lang='lat' dir='ltr'><strong>tantis</strong></span> <span class='ocrx_word' id='word_1_89' title='bbox 794 1051 973 1122; x_wconf 82' lang='lat' dir='ltr'><strong>miraculis</strong></span> <span class='ocrx_word' id='word_1_90' title='bbox 999 1051 1130 1142; x_wconf 86' lang='lat' dir='ltr'><strong>Regina</strong></span> <span class='ocrx_word' id='word_1_91' title='bbox 1154 1053 1265 1124; x_wconf 90' lang='lat' dir='ltr'><strong>coelo-</strong></span> 
     </span>
     <span class='ocr_line' id='line_1_11' title="bbox 21 1137 1264 1230; baseline 0.006 -28"><span class='ocrx_word' id='word_1_92' title='bbox 21 1158 94 1218; x_wconf 89' lang='lat' dir='ltr'><strong>rum,</strong></span> <span class='ocrx_word' id='word_1_93' title='bbox 110 1137 233 1209; x_wconf 82' lang='lat' dir='ltr'><strong>confert</strong></span> <span class='ocrx_word' id='word_1_94' title='bbox 251 1139 286 1209; x_wconf 91' lang='lat' dir='ltr'><strong>in</strong></span> <span class='ocrx_word' id='word_1_95' title='bbox 308 1139 411 1209; x_wconf 90' lang='lat' dir='ltr'><strong>corde</strong></span> <span class='ocrx_word' id='word_1_96' title='bbox 427 1161 490 1209; x_wconf 90' lang='lat' dir='ltr'><strong>suo</strong></span> <span class='ocrx_word' id='word_1_97' title='bbox 510 1139 750 1210; x_wconf 90' lang='lat' dir='ltr'><strong>salutationem</strong></span> <span class='ocrx_word' id='word_1_98' title='bbox 771 1139 986 1229; x_wconf 73' lang='lat' dir='ltr'><strong>Archangeli,</strong></span> <span class='ocrx_word' id='word_1_99' title='bbox 1004 1141 1264 1230; x_wconf 86' lang='lat' dir='ltr'><strong>conceptionem</strong></span> 
     </span>
     <span class='ocr_line' id='line_1_12' title="bbox 22 1225 1265 1319; baseline 0.007 -28"><span class='ocrx_word' id='word_1_100' title='bbox 22 1225 79 1306; x_wconf 86' lang='lat' dir='ltr'><strong>bei,</strong></span> <span class='ocrx_word' id='word_1_101' title='bbox 96 1227 293 1297; x_wconf 83' lang='lat' dir='ltr'><strong>nativitatem</strong></span> <span class='ocrx_word' id='word_1_102' title='bbox 319 1228 429 1318; x_wconf 91' lang='lat' dir='ltr'><strong>pueri,</strong></span> <span class='ocrx_word' id='word_1_103' title='bbox 451 1240 485 1296; x_wconf 91' lang='lat' dir='ltr'><strong>et</strong></span> <span class='ocrx_word' id='word_1_104' title='bbox 501 1229 647 1299; x_wconf 87' lang='lat' dir='ltr'><strong>miratur</strong></span> <span class='ocrx_word' id='word_1_105' title='bbox 669 1227 760 1316; x_wconf 92' lang='lat' dir='ltr'><strong>quod</strong></span> <span class='ocrx_word' id='word_1_106' title='bbox 779 1228 849 1311; x_wconf 91' lang='lat' dir='ltr'><strong>ille,</strong></span> <span class='ocrx_word' id='word_1_107' title='bbox 867 1233 928 1316; x_wconf 91' lang='lat' dir='ltr'><strong>qui</strong></span> <span class='ocrx_word' id='word_1_108' title='bbox 949 1229 998 1298; x_wconf 89' lang='lat' dir='ltr'><strong>sic</strong></span> <span class='ocrx_word' id='word_1_109' title='bbox 1015 1231 1125 1319; x_wconf 91' lang='lat' dir='ltr'><strong>potuit</strong></span> <span class='ocrx_word' id='word_1_110' title='bbox 1141 1230 1185 1300; x_wconf 93' lang='lat' dir='ltr'><strong>ad</strong></span> <span class='ocrx_word' id='word_1_111' title='bbox 1202 1251 1265 1302; x_wconf 91' lang='lat' dir='ltr'><strong>nos</strong></span> 
     </span>
     <span class='ocr_line' id='line_1_13' title="bbox 21 1313 1264 1408; baseline 0.009 -30"><span class='ocrx_word' id='word_1_112' title='bbox 21 1313 124 1395; x_wconf 90' lang='lat' dir='ltr'><strong>venire,</strong></span> <span class='ocrx_word' id='word_1_113' title='bbox 144 1317 192 1386; x_wconf 88' lang='lat' dir='ltr'><strong>sic</strong></span> <span class='ocrx_word' id='word_1_114' title='bbox 213 1315 320 1387; x_wconf 93' lang='lat' dir='ltr'><strong>voluit</strong></span> <span class='ocrx_word' id='word_1_115' title='bbox 339 1317 532 1386; x_wconf 89' lang='lat' dir='ltr'><strong>subvenire.</strong></span> <span class='ocrx_word' id='word_1_116' title='bbox 549 1316 650 1387; x_wconf 75' lang='lat' dir='ltr'><strong>Adest</strong></span> <span class='ocrx_word' id='word_1_117' title='bbox 672 1329 705 1386; x_wconf 94' lang='lat' dir='ltr'><strong>et</strong></span> <span class='ocrx_word' id='word_1_118' title='bbox 726 1317 864 1408; x_wconf 86' lang='lat' dir='ltr'><strong>loseph,</strong></span> <span class='ocrx_word' id='word_1_119' title='bbox 888 1317 947 1387; x_wconf 86' lang='lat' dir='ltr'><strong>sed</strong></span> <span class='ocrx_word' id='word_1_120' title='bbox 967 1319 1012 1388; x_wconf 90' lang='lat' dir='ltr'><strong>ab</strong></span> <span class='ocrx_word' id='word_1_121' title='bbox 1036 1331 1183 1406; x_wconf 88' lang='lat' dir='ltr'><strong>utroque</strong></span> <span class='ocrx_word' id='word_1_122' title='bbox 1212 1342 1264 1389; x_wconf 93' lang='lat' dir='ltr'><strong>re-</strong></span> 
     </span>
     <span class='ocr_line' id='line_1_14' title="bbox 21 1405 1262 1499; baseline 0.01 -32"><span class='ocrx_word' id='word_1_123' title='bbox 21 1415 123 1485; x_wconf 89' lang='lat' dir='ltr'><strong>motus,</strong></span> <span class='ocrx_word' id='word_1_124' title='bbox 140 1417 170 1476; x_wconf 90' lang='lat' dir='ltr'><strong>et</strong></span> <span class='ocrx_word' id='word_1_125' title='bbox 186 1406 221 1473; x_wconf 91' lang='lat' dir='ltr'><strong>in</strong></span> <span class='ocrx_word' id='word_1_126' title='bbox 243 1427 385 1476; x_wconf 83' lang='lat' dir='ltr'><strong>excessu</strong></span> <span class='ocrx_word' id='word_1_127' title='bbox 410 1405 535 1475; x_wconf 91' lang='lat' dir='ltr'><strong>mentis</strong></span> <span class='ocrx_word' id='word_1_128' title='bbox 560 1407 716 1486; x_wconf 92' lang='lat' dir='ltr'><strong>miratur,</strong></span> <span class='ocrx_word' id='word_1_129' title='bbox 733 1418 767 1475; x_wconf 85' lang='lat' dir='ltr'><strong>et</strong></span> <span class='ocrx_word' id='word_1_130' title='bbox 792 1406 911 1476; x_wconf 90' lang='lat' dir='ltr'><strong>mirari</strong></span> <span class='ocrx_word' id='word_1_131' title='bbox 942 1407 1025 1476; x_wconf 90' lang='lat' dir='ltr'><strong>satis</strong></span> <span class='ocrx_word' id='word_1_132' title='bbox 1047 1429 1114 1476; x_wconf 93' lang='lat' dir='ltr'><strong>non</strong></span> <span class='ocrx_word' id='word_1_133' title='bbox 1140 1421 1262 1499; x_wconf 90' lang='lat' dir='ltr'><strong>potest,</strong></span> 
     </span>
     <span class='ocr_line' id='line_1_15' title="bbox 20 1491 1265 1585; baseline 0.008 -28"><span class='ocrx_word' id='word_1_134' title='bbox 20 1491 141 1574; x_wconf 86' lang='lat' dir='ltr'><strong>qualiter</strong></span> <span class='ocrx_word' id='word_1_135' title='bbox 163 1493 206 1565; x_wconf 89' lang='lat' dir='ltr'><strong>sit</strong></span> <span class='ocrx_word' id='word_1_136' title='bbox 221 1494 264 1563; x_wconf 91' lang='lat' dir='ltr'><strong>ad</strong></span> <span class='ocrx_word' id='word_1_137' title='bbox 290 1506 404 1564; x_wconf 88' lang='lat' dir='ltr'><strong>tantae</strong></span> <span class='ocrx_word' id='word_1_138' title='bbox 427 1493 637 1585; x_wconf 81' lang='lat' dir='ltr'><strong>dignationis</strong></span> <span class='ocrx_word' id='word_1_139' title='bbox 661 1494 835 1564; x_wconf 89' lang='lat' dir='ltr'><strong>admissus</strong></span> <span class='ocrx_word' id='word_1_140' title='bbox 859 1507 1039 1566; x_wconf 83' lang='lat' dir='ltr'><strong>areanum.</strong></span> <span class='ocrx_word' id='word_1_141' title='bbox 1059 1497 1159 1567; x_wconf 83' lang='lat' dir='ltr'><strong>ldest</strong></span> <span class='ocrx_word' id='word_1_142' title='bbox 1177 1498 1265 1567; x_wconf 93' lang='lat' dir='ltr'><strong>mul-</strong></span> 
     </span>
     <span class='ocr_line' id='line_1_16' title="bbox 20 1579 1265 1674; baseline 0.01 -30"><span class='ocrx_word' id='word_1_143' title='bbox 20 1579 108 1650; x_wconf 92' lang='lat' dir='ltr'><strong>titudo</strong></span> <span class='ocrx_word' id='word_1_144' title='bbox 128 1583 282 1653; x_wconf 88' lang='lat' dir='ltr'><strong>coelestis</strong></span> <span class='ocrx_word' id='word_1_145' title='bbox 305 1583 485 1666; x_wconf 86' lang='lat' dir='ltr'><strong>exercitus,</strong></span> <span class='ocrx_word' id='word_1_146' title='bbox 507 1596 540 1653; x_wconf 90' lang='lat' dir='ltr'><strong>et</strong></span> <span class='ocrx_word' id='word_1_147' title='bbox 564 1583 706 1654; x_wconf 89' lang='lat' dir='ltr'><strong>vocibus</strong></span> <span class='ocrx_word' id='word_1_148' title='bbox 729 1583 901 1674; x_wconf 71' lang='lat' dir='ltr'><strong>gloriosis</strong></span> <span class='ocrx_word' id='word_1_149' title='bbox 925 1585 1041 1654; x_wconf 83' lang='lat' dir='ltr'><strong>Gloria</strong></span> <span class='ocrx_word' id='word_1_150' title='bbox 1061 1587 1097 1654; x_wconf 85' lang='lat' dir='ltr'><strong>in</strong></span> <span class='ocrx_word' id='word_1_151' title='bbox 1120 1589 1265 1656; x_wconf 74' lang='lat' dir='ltr'><strong>excelsis</strong></span> 
     </span>
     <span class='ocr_line' id='line_1_17' title="bbox 20 1670 1260 1773; baseline 0.007 -38"><span class='ocrx_word' id='word_1_152' title='bbox 20 1671 79 1748; x_wconf 82' lang='lat' dir='ltr'><strong>teu,</strong></span> <span class='ocrx_word' id='word_1_153' title='bbox 94 1670 240 1741; x_wconf 89' lang='lat' dir='ltr'><strong>auditur.</strong></span> <span class='ocrx_word' id='word_1_154' title='bbox 267 1677 422 1743; x_wconf 91' lang='lat' dir='ltr'><strong>Pastores</strong></span> <span class='ocrx_word' id='word_1_155' title='bbox 447 1673 599 1753; x_wconf 91' lang='lat' dir='ltr'><strong>veniunt,</strong></span> <span class='ocrx_word' id='word_1_156' title='bbox 622 1685 654 1742; x_wconf 91' lang='lat' dir='ltr'><strong>et</strong></span> <span class='ocrx_word' id='word_1_157' title='bbox 675 1673 1020 1773; x_wconf 86' lang='lat' dir='ltr'><strong>inveniuntpuerum</strong></span> <span class='ocrx_word' id='word_1_158' title='bbox 1045 1686 1077 1742; x_wconf 87' lang='lat' dir='ltr'><strong>et</strong></span> <span class='ocrx_word' id='word_1_159' title='bbox 1095 1674 1260 1762; x_wconf 90' lang='lat' dir='ltr'><strong>puellam.</strong></span> 
     </span>
     <span class='ocr_line' id='line_1_18' title="bbox 20 1759 1265 1851; baseline 0.009 -29"><span class='ocrx_word' id='word_1_160' title='bbox 20 1759 148 1829; x_wconf 85' lang='lat' dir='ltr'><strong>Procedit</strong></span> <span class='ocrx_word' id='word_1_161' title='bbox 169 1761 293 1841; x_wconf 87' lang='lat' dir='ltr'><strong>stella;</strong></span> <span class='ocrx_word' id='word_1_162' title='bbox 319 1765 428 1851; x_wconf 80' lang='lat' dir='ltr'><strong>Reges</strong></span> <span class='ocrx_word' id='word_1_163' title='bbox 451 1761 630 1842; x_wconf 90' lang='lat' dir='ltr'><strong>accedunt,</strong></span> <span class='ocrx_word' id='word_1_164' title='bbox 657 1762 802 1831; x_wconf 91' lang='lat' dir='ltr'><strong>adurant</strong></span> <span class='ocrx_word' id='word_1_165' title='bbox 829 1759 955 1843; x_wconf 83' lang='lat' dir='ltr'><strong>filium,</strong></span> <span class='ocrx_word' id='word_1_166' title='bbox 988 1774 1130 1830; x_wconf 88' lang='lat' dir='ltr'><strong>matrem</strong></span> <span class='ocrx_word' id='word_1_167' title='bbox 1165 1785 1265 1833; x_wconf 91' lang='lat' dir='ltr'><strong>vene·</strong></span> 
     </span>
     <span class='ocr_line' id='line_1_19' title="bbox 21 1848 1261 1938; baseline 0.007 -27"><span class='ocrx_word' id='word_1_168' title='bbox 21 1861 125 1929; x_wconf 90' lang='lat' dir='ltr'><strong>rantur,</strong></span> <span class='ocrx_word' id='word_1_169' title='bbox 145 1849 293 1919; x_wconf 89' lang='lat' dir='ltr'><strong>ollerunt</strong></span> <span class='ocrx_word' id='word_1_170' title='bbox 318 1871 474 1931; x_wconf 89' lang='lat' dir='ltr'><strong>munera,</strong></span> <span class='ocrx_word' id='word_1_171' title='bbox 500 1848 659 1920; x_wconf 82' lang='lat' dir='ltr'><strong>deferunt</strong></span> <span class='ocrx_word' id='word_1_172' title='bbox 684 1849 864 1938; x_wconf 89' lang='lat' dir='ltr'><strong>majestati.</strong></span> <span class='ocrx_word' id='word_1_173' title='bbox 885 1850 1064 1920; x_wconf 89' lang='lat' dir='ltr'><strong>Cruciatur</strong></span> <span class='ocrx_word' id='word_1_174' title='bbox 1087 1850 1261 1934; x_wconf 88' lang='lat' dir='ltr'><strong>Herodes;</strong></span> 
     </span>
     <span class='ocr_line' id='line_1_20' title="bbox 19 1931 1264 2030; baseline 0.008 -34"><span class='ocrx_word' id='word_1_175' title='bbox 19 1931 201 2026; x_wconf 75' lang='lat' dir='ltr'><strong>ierosolyma</strong></span> <span class='ocrx_word' id='word_1_176' title='bbox 227 1939 400 2018; x_wconf 91' lang='lat' dir='ltr'><strong>turbatur;</strong></span> <span class='ocrx_word' id='word_1_177' title='bbox 424 1938 648 2026; x_wconf 87' lang='lat' dir='ltr'><strong>requiruntur</strong></span> <span class='ocrx_word' id='word_1_178' title='bbox 672 1939 822 2023; x_wconf 80' lang='lat' dir='ltr'><strong>scribae3</strong></span> <span class='ocrx_word' id='word_1_179' title='bbox 843 1939 938 2010; x_wconf 89' lang='lat' dir='ltr'><strong>locus</strong></span> <span class='ocrx_word' id='word_1_180' title='bbox 964 1938 1186 2030; x_wconf 87' lang='lat' dir='ltr'><strong>praedicitur;</strong></span> <span class='ocrx_word' id='word_1_181' title='bbox 1214 1939 1264 2007; x_wconf 92' lang='lat' dir='ltr'><strong>in-</strong></span> 
     </span>
     <span class='ocr_line' id='line_1_21' title="bbox 20 2019 1265 2119; baseline 0.006 -30"><span class='ocrx_word' id='word_1_182' title='bbox 20 2019 133 2094; x_wconf 91' lang='lat' dir='ltr'><strong>ducitur</strong></span> <span class='ocrx_word' id='word_1_183' title='bbox 154 2026 352 2110; x_wconf 87' lang='lat' dir='ltr'><strong>simulatio;</strong></span> <span class='ocrx_word' id='word_1_184' title='bbox 374 2028 555 2097; x_wconf 88' lang='lat' dir='ltr'><strong>simulator</strong></span> <span class='ocrx_word' id='word_1_185' title='bbox 582 2027 624 2096; x_wconf 89' lang='lat' dir='ltr'><strong>ad</strong></span> <span class='ocrx_word' id='word_1_186' title='bbox 651 2027 799 2097; x_wconf 90' lang='lat' dir='ltr'><strong>nihilum</strong></span> <span class='ocrx_word' id='word_1_187' title='bbox 829 2026 1032 2108; x_wconf 90' lang='lat' dir='ltr'><strong>deducitur;</strong></span> <span class='ocrx_word' id='word_1_188' title='bbox 1059 2027 1265 2119; x_wconf 87' lang='lat' dir='ltr'><strong>deteguntur</strong></span> 
     </span>
     <span class='ocr_line' id='line_1_22' title="bbox 19 2115 1264 2206; baseline 0.007 -31"><span class='ocrx_word' id='word_1_189' title='bbox 19 2127 183 2185; x_wconf 89' lang='lat' dir='ltr'><strong>commenta</strong></span> <span class='ocrx_word' id='word_1_190' title='bbox 199 2115 377 2186; x_wconf 89' lang='lat' dir='ltr'><strong>lraudum.</strong></span> <span class='ocrx_word' id='word_1_191' title='bbox 397 2117 485 2206; x_wconf 87' lang='lat' dir='ltr'><strong>llagi</strong></span> <span class='ocrx_word' id='word_1_192' title='bbox 511 2137 571 2204; x_wconf 90' lang='lat' dir='ltr'><strong>per</strong></span> <span class='ocrx_word' id='word_1_193' title='bbox 590 2116 693 2185; x_wconf 93' lang='lat' dir='ltr'><strong>aliam</strong></span> <span class='ocrx_word' id='word_1_194' title='bbox 713 2115 801 2185; x_wconf 89' lang='lat' dir='ltr'><strong>viam</strong></span> <span class='ocrx_word' id='word_1_195' title='bbox 820 2128 1054 2197; x_wconf 88' lang='lat' dir='ltr'><strong>revertuntur;</strong></span> <span class='ocrx_word' id='word_1_196' title='bbox 1082 2138 1146 2206; x_wconf 86' lang='lat' dir='ltr'><strong>par</strong></span> <span class='ocrx_word' id='word_1_197' title='bbox 1164 2115 1264 2185; x_wconf 93' lang='lat' dir='ltr'><strong>inau-</strong></span> 
     </span>
     <span class='ocr_line' id='line_1_23' title="bbox 19 2197 1261 2295; baseline 0.007 -32"><span class='ocrx_word' id='word_1_198' title='bbox 19 2197 105 2271; x_wconf 88' lang='lat' dir='ltr'><strong>ditaa</strong></span> <span class='ocrx_word' id='word_1_199' title='bbox 127 2204 254 2286; x_wconf 88' lang='lat' dir='ltr'><strong>seculo,</strong></span> <span class='ocrx_word' id='word_1_200' title='bbox 282 2216 424 2295; x_wconf 90' lang='lat' dir='ltr'><strong>regnat;</strong></span> <span class='ocrx_word' id='word_1_201' title='bbox 454 2205 639 2275; x_wconf 89' lang='lat' dir='ltr'><strong>universus</strong></span> <span class='ocrx_word' id='word_1_202' title='bbox 668 2204 762 2276; x_wconf 89' lang='lat' dir='ltr'><strong>urbis</strong></span> <span class='ocrx_word' id='word_1_203' title='bbox 792 2205 1004 2275; x_wconf 82' lang='lat' dir='ltr'><strong>adsensum</strong></span> <span class='ocrx_word' id='word_1_204' title='bbox 1030 2203 1261 2284; x_wconf 87' lang='lat' dir='ltr'><strong>describitur;</strong></span> 
     </span>
     <span class='ocr_line' id='line_1_24' title="bbox 20 2287 1264 2382; baseline 0.009 -31"><span class='ocrx_word' id='word_1_205' title='bbox 20 2287 94 2358; x_wconf 88' lang='lat' dir='ltr'><strong>rivus</strong></span> <span class='ocrx_word' id='word_1_206' title='bbox 113 2291 173 2362; x_wconf 88' lang='lat' dir='ltr'><strong>olei</strong></span> <span class='ocrx_word' id='word_1_207' title='bbox 197 2292 240 2363; x_wconf 89' lang='lat' dir='ltr'><strong>de</strong></span> <span class='ocrx_word' id='word_1_208' title='bbox 257 2305 345 2362; x_wconf 89' lang='lat' dir='ltr'><strong>terra</strong></span> <span class='ocrx_word' id='word_1_209' title='bbox 368 2292 541 2382; x_wconf 86' lang='lat' dir='ltr'><strong>persudat,</strong></span> <span class='ocrx_word' id='word_1_210' title='bbox 559 2305 592 2363; x_wconf 92' lang='lat' dir='ltr'><strong>et</strong></span> <span class='ocrx_word' id='word_1_211' title='bbox 617 2295 649 2362; x_wconf 92' lang='lat' dir='ltr'><strong>in</strong></span> <span class='ocrx_word' id='word_1_212' title='bbox 667 2293 805 2363; x_wconf 89' lang='lat' dir='ltr'><strong>divitem</strong></span> <span class='ocrx_word' id='word_1_213' title='bbox 825 2315 944 2362; x_wconf 90' lang='lat' dir='ltr'><strong>venam</strong></span> <span class='ocrx_word' id='word_1_214' title='bbox 971 2293 1085 2380; x_wconf 89' lang='lat' dir='ltr'><strong>liquor</strong></span> <span class='ocrx_word' id='word_1_215' title='bbox 1109 2291 1264 2362; x_wconf 85' lang='lat' dir='ltr'><strong>sanetifi-</strong></span> 
     </span>
    </p>
   </div>
   <div class='ocr_carea' id='block_1_3' title="bbox 19 2381 1261 2540">
    <p class='ocr_par' dir='ltr' id='par_1_4' title="bbox 19 2381 1261 2540">
     <span class='ocr_line' id='line_1_25' title="bbox 19 2381 1261 2540; baseline 0.009 -100"><span class='ocrx_word' id='word_1_216' title='bbox 19 2389 97 2448; x_wconf 89' lang='lat' dir='ltr'><strong>catus</strong></span> <span class='ocrx_word' id='word_1_217' title='bbox 114 2381 244 2452; x_wconf 86' lang='lat' dir='ltr'><strong>ebullit.</strong></span> <span class='ocrx_word' id='word_1_218' title='bbox 265 2381 352 2464; x_wconf 83' lang='lat' dir='ltr'><strong>Quid</strong></span> <span class='ocrx_word' id='word_1_219' title='bbox 378 2395 428 2451; x_wconf 90' lang='lat' dir='ltr'><strong>est</strong></span> <span class='ocrx_word' id='word_1_220' title='bbox 444 2382 520 2464; x_wconf 88' lang='lat' dir='ltr'><strong>lroc,</strong></span> <span class='ocrx_word' id='word_1_221' title='bbox 543 2383 610 2453; x_wconf 91' lang='lat' dir='ltr'><strong>nisi</strong></span> <span class='ocrx_word' id='word_1_222' title='bbox 635 2384 716 2468; x_wconf 89' lang='lat' dir='ltr'><strong>quia</strong></span> <span class='ocrx_word' id='word_1_223' title='bbox 741 2403 818 2451; x_wconf 88' lang='lat' dir='ltr'><strong>vara</strong></span> <span class='ocrx_word' id='word_1_224' title='bbox 839 2404 903 2540; x_wconf 58' lang='lat' dir='ltr'><strong>Ean</strong></span> <span class='ocrx_word' id='word_1_225' title='bbox 919 2383 954 2452; x_wconf 90' lang='lat' dir='ltr'><strong>in</strong></span> <span class='ocrx_word' id='word_1_226' title='bbox 972 2383 1070 2482; x_wconf 80' lang='lat' dir='ltr'><strong>terris</strong></span> <span class='ocrx_word' id='word_1_227' title='bbox 1088 2381 1261 2482; x_wconf 89' lang='lat' dir='ltr'><strong>apparuit,</strong></span> 
     </span>
    </p>
   </div>
   <div class='ocr_carea' id='block_1_4' title="bbox 14 2465 1264 4247">
    <p class='ocr_par' dir='ltr' id='par_1_5' title="bbox 14 2465 1264 4247">
     <span class='ocr_line' id='line_1_26' title="bbox 19 2465 1264 2560; baseline 0.007 -30"><span class='ocrx_word' id='word_1_228' title='bbox 19 2465 70 2534; x_wconf 89' lang='lat' dir='ltr'><strong>nisi</strong></span> <span class='ocrx_word' id='word_1_229' title='bbox 84 2471 152 2553; x_wconf 91' lang='lat' dir='ltr'><strong>quia</strong></span> <span class='ocrx_word' id='word_1_230' title='bbox 177 2471 219 2540; x_wconf 90' lang='lat' dir='ltr'><strong>ad</strong></span> <span class='ocrx_word' id='word_1_231' title='bbox 243 2491 434 2560; x_wconf 89' lang='lat' dir='ltr'><strong>supernum</strong></span> <span class='ocrx_word' id='word_1_232' title='bbox 453 2492 599 2560; x_wconf 89' lang='lat' dir='ltr'><strong>regnum</strong></span> <span class='ocrx_word' id='word_1_233' title='bbox 615 2473 707 2542; x_wconf 89' lang='lat' dir='ltr'><strong>cives</strong></span> <span class='ocrx_word' id='word_1_234' title='bbox 723 2470 835 2540; x_wconf 89' lang='lat' dir='ltr'><strong>adseri</strong></span> <span class='ocrx_word' id='word_1_235' title='bbox 865 2484 983 2551; x_wconf 88' lang='lat' dir='ltr'><strong>untur,</strong></span> <span class='ocrx_word' id='word_1_236' title='bbox 1003 2471 1069 2540; x_wconf 89' lang='lat' dir='ltr'><strong>nist</strong></span> <span class='ocrx_word' id='word_1_237' title='bbox 1085 2493 1168 2560; x_wconf 90' lang='lat' dir='ltr'><strong>qma</strong></span> <span class='ocrx_word' id='word_1_238' title='bbox 1185 2467 1264 2539; x_wconf 86' lang='lat' dir='ltr'><strong>lons</strong></span> 
     </span>
     <span class='ocr_line' id='line_1_27' title="bbox 18 2553 1264 2649; baseline 0.006 -31"><span class='ocrx_word' id='word_1_239' title='bbox 18 2553 246 2629; x_wconf 88' lang='lat' dir='ltr'><strong>misericordiae</strong></span> <span class='ocrx_word' id='word_1_240' title='bbox 272 2559 314 2629; x_wconf 90' lang='lat' dir='ltr'><strong>de</strong></span> <span class='ocrx_word' id='word_1_241' title='bbox 337 2559 475 2649; x_wconf 81' lang='lat' dir='ltr'><strong>Virgine</strong></span> <span class='ocrx_word' id='word_1_242' title='bbox 500 2572 649 2642; x_wconf 90' lang='lat' dir='ltr'><strong>emanat,</strong></span> <span class='ocrx_word' id='word_1_243' title='bbox 668 2559 782 2629; x_wconf 91' lang='lat' dir='ltr'><strong>oleum</strong></span> <span class='ocrx_word' id='word_1_244' title='bbox 812 2559 959 2629; x_wconf 85' lang='lat' dir='ltr'><strong>effusum</strong></span> <span class='ocrx_word' id='word_1_245' title='bbox 991 2580 1114 2628; x_wconf 93' lang='lat' dir='ltr'><strong>nomen</strong></span> <span class='ocrx_word' id='word_1_246' title='bbox 1137 2567 1264 2628; x_wconf 88' lang='lat' dir='ltr'><strong>tuum‘t</strong></span> 
     </span>
     <span class='ocr_line' id='line_1_28' title="bbox 17 2643 1264 2735; baseline 0.007 -28"><span class='ocrx_word' id='word_1_247' title='bbox 17 2643 137 2728; x_wconf 86' lang='lat' dir='ltr'><strong>Spiritus</strong></span> <span class='ocrx_word' id='word_1_248' title='bbox 154 2652 314 2729; x_wconf 89' lang='lat' dir='ltr'><strong>Sanctus,</strong></span> <span class='ocrx_word' id='word_1_249' title='bbox 337 2649 529 2735; x_wconf 87' lang='lat' dir='ltr'><strong>scripturae</strong></span> <span class='ocrx_word' id='word_1_250' title='bbox 545 2649 645 2717; x_wconf 88' lang='lat' dir='ltr'><strong>istius</strong></span> <span class='ocrx_word' id='word_1_251' title='bbox 662 2669 755 2718; x_wconf 89' lang='lat' dir='ltr'><strong>unus</strong></span> <span class='ocrx_word' id='word_1_252' title='bbox 772 2659 804 2717; x_wconf 89' lang='lat' dir='ltr'><strong>et</strong></span> <span class='ocrx_word' id='word_1_253' title='bbox 818 2649 944 2718; x_wconf 90' lang='lat' dir='ltr'><strong>unicus</strong></span> <span class='ocrx_word' id='word_1_254' title='bbox 961 2645 1156 2726; x_wconf 85' lang='lat' dir='ltr'><strong>fabricator,</strong></span> <span class='ocrx_word' id='word_1_255' title='bbox 1177 2668 1264 2718; x_wconf 89' lang='lat' dir='ltr'><strong>non-</strong></span> 
     </span>
     <span class='ocr_line' id='line_1_29' title="bbox 17 2731 1259 2836; baseline 0.007 -42"><span class='ocrx_word' id='word_1_256' title='bbox 17 2731 123 2802; x_wconf 87' lang='lat' dir='ltr'><strong>nullam</strong></span> <span class='ocrx_word' id='word_1_257' title='bbox 147 2759 228 2807; x_wconf 89' lang='lat' dir='ltr'><strong>suae</strong></span> <span class='ocrx_word' id='word_1_258' title='bbox 255 2737 478 2827; x_wconf 81' lang='lat' dir='ltr'><strong>pinguedinis</strong></span> <span class='ocrx_word' id='word_1_259' title='bbox 493 2736 713 2807; x_wconf 89' lang='lat' dir='ltr'><strong>dulcedinem</strong></span> <span class='ocrx_word' id='word_1_260' title='bbox 732 2737 798 2807; x_wconf 91' lang='lat' dir='ltr'><strong>sub</strong></span> <span class='ocrx_word' id='word_1_261' title='bbox 818 2736 883 2806; x_wconf 88' lang='lat' dir='ltr'><strong>lroc</strong></span> <span class='ocrx_word' id='word_1_262' title='bbox 899 2735 1051 2826; x_wconf 91' lang='lat' dir='ltr'><strong>capitulo</strong></span> <span class='ocrx_word' id='word_1_263' title='bbox 1066 2735 1259 2836; x_wconf 80' lang='lat' dir='ltr'><strong>dereliquit.</strong></span> 
     </span>
     <span class='ocr_line' id='line_1_30' title="bbox 17 2819 1264 2916; baseline 0.007 -31"><span class='ocrx_word' id='word_1_264' title='bbox 17 2819 63 2888; x_wconf 91' lang='lat' dir='ltr'><strong>Sed</strong></span> <span class='ocrx_word' id='word_1_265' title='bbox 85 2845 139 2892; x_wconf 90' lang='lat' dir='ltr'><strong>vos</strong></span> <span class='ocrx_word' id='word_1_266' title='bbox 161 2827 343 2898; x_wconf 89' lang='lat' dir='ltr'><strong>nocturnis</strong></span> <span class='ocrx_word' id='word_1_267' title='bbox 378 2825 504 2916; x_wconf 87' lang='lat' dir='ltr'><strong>vigiliis</strong></span> <span class='ocrx_word' id='word_1_268' title='bbox 538 2825 586 2895; x_wconf 92' lang='lat' dir='ltr'><strong>ita</strong></span> <span class='ocrx_word' id='word_1_269' title='bbox 619 2823 794 2916; x_wconf 82' lang='lat' dir='ltr'><strong>defatigati</strong></span> <span class='ocrx_word' id='word_1_270' title='bbox 824 2825 929 2904; x_wconf 92' lang='lat' dir='ltr'><strong>estis,</strong></span> <span class='ocrx_word' id='word_1_271' title='bbox 963 2837 1003 2894; x_wconf 97' lang='lat' dir='ltr'><strong>ut</strong></span> <span class='ocrx_word' id='word_1_272' title='bbox 1036 2825 1090 2894; x_wconf 84' lang='lat' dir='ltr'><strong>vix</strong></span> <span class='ocrx_word' id='word_1_273' title='bbox 1125 2825 1264 2914; x_wconf 83' lang='lat' dir='ltr'><strong>possitis</strong></span> 
     </span>
     <span class='ocr_line' id='line_1_31' title="bbox 15 2912 1263 3071; baseline 0.007 -100"><span class='ocrx_word' id='word_1_274' title='bbox 15 2925 149 2982; x_wconf 88' lang='lat' dir='ltr'><strong>somnum</strong></span> <span class='ocrx_word' id='word_1_275' title='bbox 167 2915 210 2985; x_wconf 94' lang='lat' dir='ltr'><strong>ab</strong></span> <span class='ocrx_word' id='word_1_276' title='bbox 233 2913 346 2984; x_wconf 90' lang='lat' dir='ltr'><strong>oculis</strong></span> <span class='ocrx_word' id='word_1_277' title='bbox 371 2936 554 2984; x_wconf 88' lang='lat' dir='ltr'><strong>removere.</strong></span> <span class='ocrx_word' id='word_1_278' title='bbox 574 2913 739 3005; x_wconf 81' lang='lat' dir='ltr'><strong>Evigilate</strong></span> <span class='ocrx_word' id='word_1_279' title='bbox 755 2928 866 2984; x_wconf 91' lang='lat' dir='ltr'><strong>tamen</strong></span> <span class='ocrx_word' id='word_1_280' title='bbox 893 2912 1081 3071; x_wconf 59' lang='lat' dir='ltr'><strong>paulisper,</strong></span> <span class='ocrx_word' id='word_1_281' title='bbox 1099 2928 1132 2984; x_wconf 91' lang='lat' dir='ltr'><strong>et</strong></span> <span class='ocrx_word' id='word_1_282' title='bbox 1148 2913 1263 2983; x_wconf 88' lang='lat' dir='ltr'><strong>somni</strong></span> 
     </span>
     <span class='ocr_line' id='line_1_32' title="bbox 16 3002 1264 3091; baseline 0.002 -23"><span class='ocrx_word' id='word_1_283' title='bbox 16 3005 159 3090; x_wconf 69' lang='lat' dir='ltr'><strong>torporem</strong></span> <span class='ocrx_word' id='word_1_284' title='bbox 183 3003 343 3073; x_wconf 83' lang='lat' dir='ltr'><strong>excutite.</strong></span> <span class='ocrx_word' id='word_1_285' title='bbox 373 3003 485 3072; x_wconf 86' lang='lat' dir='ltr'><strong>llderit</strong></span> <span class='ocrx_word' id='word_1_286' title='bbox 510 3003 590 3086; x_wconf 89' lang='lat' dir='ltr'><strong>ille,</strong></span> <span class='ocrx_word' id='word_1_287' title='bbox 617 3003 659 3072; x_wconf 94' lang='lat' dir='ltr'><strong>de</strong></span> <span class='ocrx_word' id='word_1_288' title='bbox 683 3003 784 3091; x_wconf 87' lang='lat' dir='ltr'><strong>cujus</strong></span> <span class='ocrx_word' id='word_1_289' title='bbox 810 3002 984 3072; x_wconf 88' lang='lat' dir='ltr'><strong>nativitate</strong></span> <span class='ocrx_word' id='word_1_290' title='bbox 1025 3003 1199 3089; x_wconf 90' lang='lat' dir='ltr'><strong>oquimur,</strong></span> <span class='ocrx_word' id='word_1_291' title='bbox 1225 3013 1264 3071; x_wconf 92' lang='lat' dir='ltr'><strong>ut</strong></span> 
     </span>
     <span class='ocr_line' id='line_1_33' title="bbox 14 3081 1264 3174; baseline 0.01 -27"><span class='ocrx_word' id='word_1_292' title='bbox 14 3081 162 3160; x_wconf 82' lang='lat' dir='ltr'><strong>illuminet</strong></span> <span class='ocrx_word' id='word_1_293' title='bbox 177 3091 299 3162; x_wconf 89' lang='lat' dir='ltr'><strong>oculos</strong></span> <span class='ocrx_word' id='word_1_294' title='bbox 316 3104 518 3174; x_wconf 67' lang='lat' dir='ltr'><strong>nostroque</strong></span> <span class='ocrx_word' id='word_1_295' title='bbox 534 3091 808 3162; x_wconf 88' lang='lat' dir='ltr'><strong>obdormiamus.</strong></span> <span class='ocrx_word' id='word_1_296' title='bbox 824 3097 928 3161; x_wconf 74' lang='lat' dir='ltr'><strong>lotus</strong></span> <span class='ocrx_word' id='word_1_297' title='bbox 944 3102 1057 3160; x_wconf 86' lang='lat' dir='ltr'><strong>autern</strong></span> <span class='ocrx_word' id='word_1_298' title='bbox 1076 3092 1264 3160; x_wconf 89' lang='lat' dir='ltr'><strong>sententiae</strong></span> 
     </span>
     <span class='ocr_line' id='line_1_34' title="bbox 15 3179 1262 3279; baseline 0.01 -43"><span class='ocrx_word' id='word_1_299' title='bbox 15 3191 175 3249; x_wconf 85' lang='lat' dir='ltr'><strong>sansusex</strong></span> <span class='ocrx_word' id='word_1_300' title='bbox 198 3181 296 3250; x_wconf 92' lang='lat' dir='ltr'><strong>illius</strong></span> <span class='ocrx_word' id='word_1_301' title='bbox 334 3202 415 3250; x_wconf 91' lang='lat' dir='ltr'><strong>arca</strong></span> <span class='ocrx_word' id='word_1_302' title='bbox 446 3181 683 3262; x_wconf 88' lang='lat' dir='ltr'><strong>mutuabitur,</strong></span> <span class='ocrx_word' id='word_1_303' title='bbox 711 3180 812 3272; x_wconf 85' lang='lat' dir='ltr'><strong>cujus</strong></span> <span class='ocrx_word' id='word_1_304' title='bbox 850 3179 1035 3250; x_wconf 89' lang='lat' dir='ltr'><strong>consilium</strong></span> <span class='ocrx_word' id='word_1_305' title='bbox 1072 3191 1123 3248; x_wconf 91' lang='lat' dir='ltr'><strong>est</strong></span> <span class='ocrx_word' id='word_1_306' title='bbox 1161 3180 1262 3279; x_wconf 84' lang='lat' dir='ltr'><strong>quasi</strong></span> 
     </span>
     <span class='ocr_line' id='line_1_35' title="bbox 14 3266 1259 3359; baseline 0.006 -28"><span class='ocrx_word' id='word_1_307' title='bbox 14 3266 170 3338; x_wconf 74' lang='lat' dir='ltr'><strong>consilium</strong></span> <span class='ocrx_word' id='word_1_308' title='bbox 199 3269 269 3340; x_wconf 82' lang='lat' dir='ltr'><strong>Dei.</strong></span> <span class='ocrx_word' id='word_1_309' title='bbox 289 3275 367 3359; x_wconf 88' lang='lat' dir='ltr'><strong>lpse</strong></span> <span class='ocrx_word' id='word_1_310' title='bbox 391 3268 449 3338; x_wconf 88' lang='lat' dir='ltr'><strong>ille</strong></span> <span class='ocrx_word' id='word_1_311' title='bbox 472 3281 534 3350; x_wconf 93' lang='lat' dir='ltr'><strong>est,</strong></span> <span class='ocrx_word' id='word_1_312' title='bbox 563 3270 727 3338; x_wconf 79' lang='lat' dir='ltr'><strong>[lominus</strong></span> <span class='ocrx_word' id='word_1_313' title='bbox 753 3267 909 3338; x_wconf 90' lang='lat' dir='ltr'><strong>videlicet</strong></span> <span class='ocrx_word' id='word_1_314' title='bbox 934 3267 1215 3338; x_wconf 77' lang='lat' dir='ltr'><strong>claraevallensis</strong></span> <span class='ocrx_word' id='word_1_315' title='bbox 1230 3267 1259 3348; x_wconf 71' lang='lat'><strong>⁴⁵,</strong></span> 
     </span>
     <span class='ocr_line' id='line_1_36' title="bbox 14 3351 1260 3455; baseline 0.006 -39"><span class='ocrx_word' id='word_1_316' title='bbox 14 3351 94 3438; x_wconf 82' lang='lat' dir='ltr'><strong>cujus</strong></span> <span class='ocrx_word' id='word_1_317' title='bbox 118 3357 239 3449; x_wconf 87' lang='lat' dir='ltr'><strong>religio</strong></span> <span class='ocrx_word' id='word_1_318' title='bbox 262 3371 296 3428; x_wconf 90' lang='lat' dir='ltr'><strong>et</strong></span> <span class='ocrx_word' id='word_1_319' title='bbox 325 3357 498 3440; x_wconf 87' lang='lat' dir='ltr'><strong>diseretio,</strong></span> <span class='ocrx_word' id='word_1_320' title='bbox 530 3357 699 3448; x_wconf 86' lang='lat' dir='ltr'><strong>sapientia</strong></span> <span class='ocrx_word' id='word_1_321' title='bbox 723 3371 755 3427; x_wconf 90' lang='lat' dir='ltr'><strong>et</strong></span> <span class='ocrx_word' id='word_1_322' title='bbox 777 3356 985 3444; x_wconf 88' lang='lat' dir='ltr'><strong>eloquentia,</strong></span> <span class='ocrx_word' id='word_1_323' title='bbox 1008 3357 1075 3425; x_wconf 88' lang='lat' dir='ltr'><strong>vite</strong></span> <span class='ocrx_word' id='word_1_324' title='bbox 1099 3354 1260 3455; x_wconf 80' lang='lat' dir='ltr'><strong>etfama,</strong></span> 
     </span>
     <span class='ocr_line' id='line_1_37' title="bbox 14 3445 1262 3534; baseline 0 -23"><span class='ocrx_word' id='word_1_325' title='bbox 14 3455 179 3534; x_wconf 78' lang='lat' dir='ltr'><strong>pertatem</strong></span> <span class='ocrx_word' id='word_1_326' title='bbox 205 3447 422 3518; x_wconf 88' lang='lat' dir='ltr'><strong>Latinitatem</strong></span> <span class='ocrx_word' id='word_1_327' title='bbox 452 3469 519 3516; x_wconf 95' lang='lat' dir='ltr'><strong>non</strong></span> <span class='ocrx_word' id='word_1_328' title='bbox 548 3445 720 3516; x_wconf 91' lang='lat' dir='ltr'><strong>immerito</strong></span> <span class='ocrx_word' id='word_1_329' title='bbox 750 3445 970 3516; x_wconf 86' lang='lat' dir='ltr'><strong>decucurrit:</strong></span> <span class='ocrx_word' id='word_1_330' title='bbox 999 3445 1145 3516; x_wconf 88' lang='lat' dir='ltr'><strong>libenter</strong></span> <span class='ocrx_word' id='word_1_331' title='bbox 1168 3464 1262 3512; x_wconf 89' lang='lat' dir='ltr'><strong>emm</strong></span> 
     </span>
     <span class='ocr_line' id='line_1_38' title="bbox 14 3523 1200 3633; baseline 0.012 -45"><span class='ocrx_word' id='word_1_332' title='bbox 14 3523 88 3600; x_wconf 90' lang='lat' dir='ltr'><strong>rllius</strong></span> <span class='ocrx_word' id='word_1_333' title='bbox 109 3535 263 3606; x_wconf 90' lang='lat' dir='ltr'><strong>sarcinas</strong></span> <span class='ocrx_word' id='word_1_334' title='bbox 279 3535 396 3607; x_wconf 88' lang='lat' dir='ltr'><strong>adoro.</strong></span> <span class='ocrx_word' id='word_1_335' title='bbox 417 3535 479 3606; x_wconf 88' lang='lat' dir='ltr'><strong>Sed</strong></span> <span class='ocrx_word' id='word_1_336' title='bbox 505 3535 548 3604; x_wconf 94' lang='lat' dir='ltr'><strong>ad</strong></span> <span class='ocrx_word' id='word_1_337' title='bbox 574 3535 787 3626; x_wconf 91' lang='lat' dir='ltr'><strong>propositum</strong></span> <span class='ocrx_word' id='word_1_338' title='bbox 815 3548 1037 3605; x_wconf 91' lang='lat' dir='ltr'><strong>revertamur.</strong></span> <span class='ocrx_word' id='word_1_339' title='bbox 1194 3620 1200 3633; x_wconf 30' lang='grc' dir='ltr'>ι</span> 
     </span>
     <span class='ocr_line' id='line_1_39' title="bbox 46 3618 1263 3716; baseline -0.001 -25"><span class='ocrx_word' id='word_1_340' title='bbox 46 3618 121 3702; x_wconf 65' lang='lat'><strong>58.</strong></span> <span class='ocrx_word' id='word_1_341' title='bbox 146 3625 323 3716; x_wconf 89' lang='lat' dir='ltr'><strong>Benignus</strong></span> <span class='ocrx_word' id='word_1_342' title='bbox 347 3625 405 3694; x_wconf 91' lang='lat' dir='ltr'><strong>ille</strong></span> <span class='ocrx_word' id='word_1_343' title='bbox 429 3625 589 3712; x_wconf 88' lang='lat' dir='ltr'><strong>Spiritus,</strong></span> <span class='ocrx_word' id='word_1_344' title='bbox 608 3624 651 3694; x_wconf 92' lang='lat' dir='ltr'><strong>de</strong></span> <span class='ocrx_word' id='word_1_345' title='bbox 673 3623 775 3713; x_wconf 87' lang='lat' dir='ltr'><strong>cujus</strong></span> <span class='ocrx_word' id='word_1_346' title='bbox 799 3624 972 3695; x_wconf 90' lang='lat' dir='ltr'><strong>secretiori</strong></span> <span class='ocrx_word' id='word_1_347' title='bbox 992 3621 1084 3693; x_wconf 86' lang='lat' dir='ltr'><strong>sonte</strong></span> <span class='ocrx_word' id='word_1_348' title='bbox 1107 3626 1263 3692; x_wconf 81' lang='lat' dir='ltr'><strong>Cantico-</strong></span> 
     </span>
     <span class='ocr_line' id='line_1_40' title="bbox 15 3709 1263 3798; baseline 0 -20"><span class='ocrx_word' id='word_1_349' title='bbox 15 3719 73 3797; x_wconf 67' lang='lat' dir='ltr'><strong>tttn</strong></span> <span class='ocrx_word' id='word_1_350' title='bbox 89 3709 214 3782; x_wconf 87' lang='lat' dir='ltr'><strong>tlumen</strong></span> <span class='ocrx_word' id='word_1_351' title='bbox 231 3713 355 3793; x_wconf 91' lang='lat' dir='ltr'><strong>evadit,</strong></span> <span class='ocrx_word' id='word_1_352' title='bbox 382 3714 417 3782; x_wconf 90' lang='lat' dir='ltr'><strong>in</strong></span> <span class='ocrx_word' id='word_1_353' title='bbox 442 3713 496 3784; x_wconf 91' lang='lat' dir='ltr'><strong>bis</strong></span> <span class='ocrx_word' id='word_1_354' title='bbox 517 3713 628 3782; x_wconf 91' lang='lat' dir='ltr'><strong>tribus</strong></span> <span class='ocrx_word' id='word_1_355' title='bbox 652 3713 765 3782; x_wconf 88' lang='lat' dir='ltr'><strong>verbis</strong></span> <span class='ocrx_word' id='word_1_356' title='bbox 780 3713 844 3782; x_wconf 92' lang='lat' dir='ltr'><strong>tria</strong></span> <span class='ocrx_word' id='word_1_357' title='bbox 869 3711 969 3782; x_wconf 90' lang='lat' dir='ltr'><strong>nobis</strong></span> <span class='ocrx_word' id='word_1_358' title='bbox 988 3710 1196 3798; x_wconf 89' lang='lat' dir='ltr'><strong>requirenda</strong></span> <span class='ocrx_word' id='word_1_359' title='bbox 1212 3730 1263 3778; x_wconf 90' lang='lat' dir='ltr'><strong>re-</strong></span> 
     </span>
     <span class='ocr_line' id='line_1_41' title="bbox 15 3784 1263 3892; baseline 0.005 -30"><span class='ocrx_word' id='word_1_360' title='bbox 15 3784 103 3877; x_wconf 87' lang='lat' dir='ltr'><strong>ltquit,</strong></span> <span class='ocrx_word' id='word_1_361' title='bbox 119 3801 275 3872; x_wconf 87' lang='lat' dir='ltr'><strong>videlicet</strong></span> <span class='ocrx_word' id='word_1_362' title='bbox 294 3823 418 3872; x_wconf 91' lang='lat' dir='ltr'><strong>nomen</strong></span> <span class='ocrx_word' id='word_1_363' title='bbox 433 3801 564 3892; x_wconf 91' lang='lat' dir='ltr'><strong>sponsi,</strong></span> <span class='ocrx_word' id='word_1_364' title='bbox 580 3823 688 3888; x_wconf 88' lang='lat' dir='ltr'><strong>quare</strong></span> <span class='ocrx_word' id='word_1_365' title='bbox 702 3800 776 3870; x_wconf 92' lang='lat' dir='ltr'><strong>olco</strong></span> <span class='ocrx_word' id='word_1_366' title='bbox 796 3812 1025 3891; x_wconf 89' lang='lat' dir='ltr'><strong>comparetur,</strong></span> <span class='ocrx_word' id='word_1_367' title='bbox 1042 3811 1074 3869; x_wconf 91' lang='lat' dir='ltr'><strong>et</strong></span> <span class='ocrx_word' id='word_1_368' title='bbox 1090 3797 1263 3888; x_wconf 90' lang='lat' dir='ltr'><strong>quomodo</strong></span> 
     </span>
     <span class='ocr_line' id='line_1_42' title="bbox 15 3877 1260 3982; baseline 0.006 -34"><span class='ocrx_word' id='word_1_369' title='bbox 15 3877 207 3982; x_wconf 73' lang='lat' dir='ltr'><strong>ellundatur:</strong></span> <span class='ocrx_word' id='word_1_370' title='bbox 234 3891 316 3978; x_wconf 88' lang='lat' dir='ltr'><strong>quia</strong></span> <span class='ocrx_word' id='word_1_371' title='bbox 338 3904 371 3959; x_wconf 92' lang='lat' dir='ltr'><strong>et</strong></span> <span class='ocrx_word' id='word_1_372' title='bbox 395 3913 518 3960; x_wconf 91' lang='lat' dir='ltr'><strong>nomen</strong></span> <span class='ocrx_word' id='word_1_373' title='bbox 545 3903 642 3971; x_wconf 90' lang='lat' dir='ltr'><strong>tacet,</strong></span> <span class='ocrx_word' id='word_1_374' title='bbox 665 3889 708 3959; x_wconf 91' lang='lat' dir='ltr'><strong>de</strong></span> <span class='ocrx_word' id='word_1_375' title='bbox 734 3891 989 3980; x_wconf 87' lang='lat' dir='ltr'><strong>comparatione</strong></span> <span class='ocrx_word' id='word_1_376' title='bbox 1010 3887 1058 3958; x_wconf 93' lang='lat' dir='ltr'><strong>nil</strong></span> <span class='ocrx_word' id='word_1_377' title='bbox 1085 3888 1260 3975; x_wconf 89' lang='lat' dir='ltr'><strong>loquitur,</strong></span> 
     </span>
     <span class='ocr_line' id='line_1_43' title="bbox 18 3967 1263 4056; baseline 0.012 -28"><span class='ocrx_word' id='word_1_378' title='bbox 18 3967 81 4040; x_wconf 84' lang='lat' dir='ltr'><strong>rubrl</strong></span> <span class='ocrx_word' id='word_1_379' title='bbox 100 3975 180 4048; x_wconf 90' lang='lat' dir='ltr'><strong>dicit</strong></span> <span class='ocrx_word' id='word_1_380' title='bbox 198 3978 242 4048; x_wconf 92' lang='lat' dir='ltr'><strong>de</strong></span> <span class='ocrx_word' id='word_1_381' title='bbox 256 3979 434 4048; x_wconf 84' lang='lat' dir='ltr'><strong>allusione.</strong></span> <span class='ocrx_word' id='word_1_382' title='bbox 462 3980 614 4049; x_wconf 90' lang='lat' dir='ltr'><strong>Primum</strong></span> <span class='ocrx_word' id='word_1_383' title='bbox 637 3978 679 4048; x_wconf 92' lang='lat' dir='ltr'><strong>de</strong></span> <span class='ocrx_word' id='word_1_384' title='bbox 697 3980 836 4049; x_wconf 91' lang='lat' dir='ltr'><strong>nomine</strong></span> <span class='ocrx_word' id='word_1_385' title='bbox 852 3979 1042 4049; x_wconf 89' lang='lat' dir='ltr'><strong>videamus.</strong></span> <span class='ocrx_word' id='word_1_386' title='bbox 1069 3977 1198 4056; x_wconf 81' lang='lat' dir='ltr'><strong>llulta,</strong></span> <span class='ocrx_word' id='word_1_387' title='bbox 1224 3986 1263 4044; x_wconf 92' lang='lat' dir='ltr'><strong>ut</strong></span> 
     </span>
     <span class='ocr_line' id='line_1_44' title="bbox 18 4055 1263 4158; baseline 0.006 -34"><span class='ocrx_word' id='word_1_388' title='bbox 18 4055 147 4146; x_wconf 77' lang='lat' dir='ltr'><strong>artium,</strong></span> <span class='ocrx_word' id='word_1_389' title='bbox 174 4067 340 4138; x_wconf 87' lang='lat' dir='ltr'><strong>vocabula</strong></span> <span class='ocrx_word' id='word_1_390' title='bbox 358 4069 476 4156; x_wconf 90' lang='lat' dir='ltr'><strong>sponsi</strong></span> <span class='ocrx_word' id='word_1_391' title='bbox 497 4091 557 4158; x_wconf 91' lang='lat' dir='ltr'><strong>per</strong></span> <span class='ocrx_word' id='word_1_392' title='bbox 572 4068 724 4139; x_wconf 90' lang='lat' dir='ltr'><strong>divinam</strong></span> <span class='ocrx_word' id='word_1_393' title='bbox 753 4069 964 4157; x_wconf 89' lang='lat' dir='ltr'><strong>Scripturam</strong></span> <span class='ocrx_word' id='word_1_394' title='bbox 994 4088 1113 4157; x_wconf 90' lang='lat' dir='ltr'><strong>sparsa</strong></span> <span class='ocrx_word' id='word_1_395' title='bbox 1142 4065 1263 4154; x_wconf 92' lang='lat' dir='ltr'><strong>legun·</strong></span> 
     </span>
     <span class='ocr_line' id='line_1_45' title="bbox 19 4151 1262 4247; baseline -0.001 -23"><span class='ocrx_word' id='word_1_396' title='bbox 19 4151 67 4224; x_wconf 72' lang='lat' dir='ltr'><strong>llt.</strong></span> <span class='ocrx_word' id='word_1_397' title='bbox 87 4153 140 4222; x_wconf 91' lang='lat' dir='ltr'><strong>sed</strong></span> <span class='ocrx_word' id='word_1_398' title='bbox 166 4156 201 4224; x_wconf 90' lang='lat' dir='ltr'><strong>in</strong></span> <span class='ocrx_word' id='word_1_399' title='bbox 231 4161 300 4227; x_wconf 92' lang='lat' dir='ltr'><strong>duo</strong></span> <span class='ocrx_word' id='word_1_400' title='bbox 324 4157 419 4227; x_wconf 90' lang='lat' dir='ltr'><strong>vobis</strong></span> <span class='ocrx_word' id='word_1_401' title='bbox 443 4159 606 4227; x_wconf 90' lang='lat' dir='ltr'><strong>universa</strong></span> <span class='ocrx_word' id='word_1_402' title='bbox 625 4155 845 4247; x_wconf 90' lang='lat' dir='ltr'><strong>complector.</strong></span> <span class='ocrx_word' id='word_1_403' title='bbox 872 4155 1011 4227; x_wconf 84' lang='lat' dir='ltr'><strong>Nullum</strong></span> <span class='ocrx_word' id='word_1_404' title='bbox 1035 4152 1185 4245; x_wconf 88' lang='lat' dir='ltr'><strong>prolecto</strong></span> <span class='ocrx_word' id='word_1_405' title='bbox 1210 4174 1262 4223; x_wconf 90' lang='lat' dir='ltr'><strong>re-</strong></span> 
     </span>
    </p>
   </div>
   <div class='ocr_carea' id='block_1_5' title="bbox 20 4235 1262 4418">
    <p class='ocr_par' dir='ltr' id='par_1_6' title="bbox 20 4235 1262 4418">
     <span class='ocr_line' id='line_1_46' title="bbox 20 4235 1262 4337; baseline -0.002 -22"><span class='ocrx_word' id='word_1_406' title='bbox 20 4235 150 4324; x_wconf 84' lang='lat' dir='ltr'><strong>lerictis,</strong></span> <span class='ocrx_word' id='word_1_407' title='bbox 174 4246 268 4331; x_wconf 94' lang='lat' dir='ltr'><strong>quod</strong></span> <span class='ocrx_word' id='word_1_408' title='bbox 298 4267 364 4316; x_wconf 94' lang='lat' dir='ltr'><strong>non</strong></span> <span class='ocrx_word' id='word_1_409' title='bbox 391 4260 488 4317; x_wconf 90' lang='lat' dir='ltr'><strong>sonet</strong></span> <span class='ocrx_word' id='word_1_410' title='bbox 511 4260 571 4318; x_wconf 93' lang='lat' dir='ltr'><strong>aut</strong></span> <span class='ocrx_word' id='word_1_411' title='bbox 600 4245 789 4336; x_wconf 86' lang='lat' dir='ltr'><strong>majestatis</strong></span> <span class='ocrx_word' id='word_1_412' title='bbox 814 4245 1013 4337; x_wconf 89' lang='lat' dir='ltr'><strong>potentiam,</strong></span> <span class='ocrx_word' id='word_1_413' title='bbox 1035 4257 1094 4313; x_wconf 91' lang='lat' dir='ltr'><strong>aut</strong></span> <span class='ocrx_word' id='word_1_414' title='bbox 1115 4241 1262 4333; x_wconf 86' lang='lat' dir='ltr'><strong>gratiam</strong></span> 
     </span>
     <span class='ocr_line' id='line_1_47' title="bbox 40 4355 480 4418; baseline -0.007 0"><span class='ocrx_word' id='word_1_415' title='bbox 40 4355 48 4377; x_wconf 79' lang='lat'>⁸</span> <span class='ocrx_word' id='word_1_416' title='bbox 61 4359 106 4405; x_wconf 54' lang='lat' dir='ltr'><strong>Vll*</strong></span> <span class='ocrx_word' id='word_1_417' title='bbox 114 4369 305 4418; x_wconf 65' lang='lat' dir='ltr'><strong>‘turmam</strong></span> <span class='ocrx_word' id='word_1_418' title='bbox 316 4373 341 4414; x_wconf 78' lang='lat' dir='ltr'><strong>lt</strong></span> <span class='ocrx_word' id='word_1_419' title='bbox 349 4373 375 4414; x_wconf 86' lang='lat' dir='ltr'><strong>tu</strong></span> <span class='ocrx_word' id='word_1_420' title='bbox 383 4373 480 4418; x_wconf 63' lang='lat' dir='ltr'><strong>cmvi.</strong></span> 
     </span>
    </p>
   </div>
   <div class='ocr_carea' id='block_1_6' title="bbox 0 0 1482 4816">
    <p class='ocr_par' dir='ltr' id='par_1_7' title="bbox 0 0 1482 4816">
     <span class='ocr_line' id='line_1_48' title="bbox 0 0 1482 4816; baseline 0 4"><span class='ocrx_word' id='word_1_421' title='bbox 0 0 1482 4816; x_wconf 95' lang='lat' dir='ltr'><strong> </strong></span> 
     </span>
    </p>
   </div>
  </div>
 </body>
</html>
