2946 4798
37 237 106 300 ltEC.
131 237 170 300 28
386 255 424 300 ou
450 255 493 302 ss
521 255 606 312 runa,
634 255 741 301 noma
766 253 834 302 arc.
862 254 918 300 uu.
962 247 973 262 ²
1182 235 1238 299 'oet

35 352 58 408 et
77 339 181 439 scietis
199 337 355 439 omnino,
375 350 543 438 quantum
563 338 606 408 sit
624 337 767 419 malum,
788 361 807 408 a
835 338 965 408 ratione
990 337 1100 406 aliena
1128 336 1287 418 audacia,

34 441 57 498 et
76 439 190 496 mentis
213 447 418 517 pervicacia.
438 451 455 492 »

67 517 82 602 ξ
103 520 167 589 15.
194 519 276 585 Cum
298 514 399 585 dirus
425 515 655 584 Maximianus
675 517 724 586 sic
750 515 957 585 immanitati
974 515 1209 607 conjunxisset
1225 515 1291 584 hu·

35 606 225 686 manitatem,
243 617 276 673 et
308 603 479 674 malorum
508 604 632 684 minis,
660 616 693 673 et
724 605 893 674 bonorum
919 605 1100 694 promissis
1125 605 1290 674 variasset

33 694 224 773 orationem,
256 693 318 779 qui
346 693 455 762 instar
479 692 591 762 mellis
624 691 762 763 dulcem
793 691 941 763 habebat
965 692 1119 784 linguam
1152 693 1290 784 sapiens

34 781 189 868 Glycerius
203 781 231 862 ⁴,
249 783 312 868 qui
329 792 403 851 erat
420 801 536 851 revera
559 781 699 851 divinus
723 781 902 851 sacrificus
925 793 958 850 et
982 780 1154 863 sacerdos,
1174 795 1206 852 et
1226 803 1291 850 suu

35 870 119 939 rerba
143 869 301 940 studebat
321 870 517 940 sacrificare
541 869 685 952 Christo,
702 870 758 939 cui
776 869 1004 953 sacrificabat,
1023 871 1160 939 brevem
1185 883 1217 940 et
1232 892 1292 960 op·

35 972 197 1046 portunam
224 959 316 1029 dans
340 959 612 1050 responsionem,
635 971 667 1028 et
691 958 846 1048 linguam
874 959 980 1029 vinxit
1007 959 1225 1040 Maximiano,
1259 971 1292 1028 et

34 1069 83 1116 cor
100 1049 167 1138 ejus
189 1048 412 1119 conturbavit
435 1059 467 1117 et
487 1047 656 1130 labefecit,
683 1061 715 1118 et
739 1046 843 1117 simul
861 1069 940 1116 cum
967 1048 1018 1116 ira
1038 1048 1112 1149 ejus
1132 1048 1290 1118 animum

38 1136 158 1224 replevit
179 1137 422 1207 admiratione.
450 1137 536 1207 Dixit
551 1137 665 1207 enim:
693 1141 843 1225 «Neque
868 1148 926 1206 tua
956 1157 1126 1226 promissa
1152 1150 1184 1206 et
1200 1137 1292 1207 dona

38 1223 265 1307 desideramus,
286 1249 306 1296 o
331 1230 541 1316 Imperator,
568 1247 678 1316 neque
703 1237 779 1296 tuas
807 1226 920 1294 minas
943 1225 1085 1294 omnino
1112 1247 1288 1296 curamus.

38 1312 183 1384 lllaenim
204 1314 383 1404 quomodo
407 1327 659 1405 appeteremus
686 1327 745 1385 aut
768 1312 940 1401 quomodo
964 1336 1003 1384 ea
1024 1327 1177 1384 nostrum
1205 1314 1292 1384 deli-

37 1401 132 1473 nirent
152 1404 335 1484 animum,
362 1405 443 1493 qui,
479 1423 720 1491 quaecumque
749 1415 830 1473 sunt
861 1402 1008 1484 mundi,
1036 1402 1205 1474 habemus
1231 1424 1292 1494 pro

35 1492 179 1562 somniis?
202 1492 334 1562 llalum
365 1506 479 1562 autem
508 1492 592 1582 quid
626 1492 669 1561 iis
702 1491 884 1564 miniteris.
912 1491 973 1579 qui
997 1513 1142 1580 poenam
1178 1493 1292 1582 potius

35 1580 221 1664 existimant,
241 1603 313 1652 non
333 1579 383 1650 vel
426 1581 604 1651 rarissima
629 1580 799 1651 sustinere
841 1591 954 1670 ropter
979 1579 1177 1650 Christum?
1198 1585 1292 1664 Quae

37 1689 101 1738 vero
121 1670 216 1753 dicis,
232 1684 265 1740 et
281 1670 326 1740 de
346 1604 475 1758 quilrus
490 1669 662 1760 gloriaris,
685 1669 727 1738 de
745 1603 929 1770 troplraeis,
952 1668 1109 1756 inquam,
1128 1669 1293 1740 adversus

36 1770 135 1846 gentes
156 1761 291 1842 erectis,
315 1781 354 1828 ea
372 1760 482 1860 magis
513 1760 653 1840 stabunt
677 1780 696 1827 a
722 1758 835 1840 nobis,
858 1770 890 1827 et
914 1757 1000 1829 meis
1028 1756 1140 1826 verbis
1169 1758 1293 1828 suffra-

37 1845 200 1933 gabuntur.
221 1848 370 1932 Quando
386 1869 478 1918 emm
505 1860 553 1929 tu,
571 1848 630 1934 qui
656 1847 766 1916 vicisti
781 1846 960 1937 plurimos,
990 1867 1068 1915 mox
1087 1859 1293 1936 conspectus

38 1955 67 2002 es
80 1935 176 2007 rictus
197 1959 216 2007 a
241 1936 405 2006 soeminis
422 1949 455 2007 et
479 1937 607 2026 pueriS,
634 1935 678 2006 ab
706 1937 760 2017 iis,
791 1935 947 2023 inquam,
981 1935 1041 2024 qui
1072 1934 1188 2004 colunt
1213 1935 1293 2003 reli-

37 2021 152 2110 gionem
177 2025 422 2106 Christianam,
450 2023 742 2114 quemadmodum
770 2045 837 2093 non
858 2025 922 2094 erit
947 2025 1013 2093 mei
1038 2023 1161 2093 Christi
1187 2025 1293 2092 virtus

38 2112 127 2183 multo
149 2114 391 2184 manifestior?
406 2119 445 2183 Et
464 2127 638 2204 praeterea
654 2113 733 2201 quis
749 2127 800 2183 est
815 2112 899 2183 adeo
923 2114 1087 2183 attonitus
1104 2125 1136 2181 et
1152 2110 1290 2193 stultus,

39 2209 70 2268 ut
88 2203 123 2272 sit
140 2203 268 2274 oblitus
296 2204 487 2273 tonitruum
512 2214 544 2273 et
568 2203 769 2283 fulminum,
795 2223 883 2291 quae
910 2201 1013 2291 paulo
1037 2213 1115 2270 ante
1140 2199 1291 2282 luerunt,

41 2299 68 2387 et
87 2288 166 2364 illius
199 2291 396 2363 horrendae
423 2293 479 2361 Dei
514 2291 799 2382 significationis,
828 2291 1015 2394 mortisque
1045 2289 1229 2369 violentae,
1262 2302 1295 2359 et

41 2395 111 2461 ejus,
127 2401 210 2468 quae
223 2401 335 2472 prope
353 2380 429 2462 luit,
449 2380 700 2451 submersionis
717 2391 750 2448 et
766 2377 941 2449 fructuum
960 2379 1136 2449 interitus:
1155 2391 1187 2448 et
1201 2377 1293 2465 quod

39 2463 107 2534 hoec
122 2469 185 2540 tuis
205 2471 289 2551 diis,
317 2490 385 2539 uon
413 2481 526 2539 autem
550 2490 627 2538 vero
652 2468 766 2558 potius
787 2471 853 2536 Deo
877 2465 1117 2558 adscripseris,
1144 2469 1204 2555 qui
1235 2488 1294 2556 op·

38 2570 211 2640 portune‚o
235 2564 441 2647 Imperator,
470 2557 572 2627 insert
593 2558 678 2626 iram
705 2557 871 2625 adversus
889 2563 963 2638 'e0s,
994 2556 1055 2643 qui
1080 2555 1157 2625 illos
1187 2555 1295 2624 hono-

37 2659 101 2713 rant
117 2661 146 2716 et
168 2647 315 2718 colunt?
341 2651 386 2718 lle
410 2647 460 2716 sic
483 2667 565 2738 ergo
588 2645 719 2716 bellum
745 2657 864 2715 contra
889 2666 951 2714 nos
975 2646 1182 2734 susceperis.
1209 2649 1295 2714 Sunt

38 2732 121 2804 nobis
144 2758 237 2806 arma
262 2756 401 2824 quoque
417 2735 577 2826 desuper,
599 2733 727 2822 quibus
754 2735 843 2803 sicut
863 2733 964 2802 hodie
984 2733 1034 2803 tui
1063 2755 1081 2802 a
1115 2745 1145 2802 te
1170 2732 1296 2802 satelli-

37 2831 86 2902 tes,
107 2822 149 2893 ita
167 2846 265 2895 noso
285 2829 376 2915 Rege
399 2824 580 2894 munimur
595 2822 850 2904 universorum,
872 2844 932 2912 per
954 2843 1043 2909 quae
1067 2835 1099 2892 et
1122 2836 1239 2890 contra
1265 2833 1296 2891 te

37 2907 63 2976 in
80 2912 180 2981 aciem
199 2913 431 3003 prodibimus,
462 2924 494 2983 et
518 2912 752 3002 adipiscemur
780 2911 956 2982 victoriam
983 2911 1081 2980 valde
1105 2909 1294 2980 admirabi-

37 2995 103 3098 lem.
118 3003 273 3073 Percussi
287 3002 393 3083 cnim,
409 3001 661 3081 interimemus;
679 3012 711 3069 et
724 2999 896 3082 cadentes
912 3012 1030 3070 eontra
1042 3011 1073 3069 te
1090 2999 1295 3090 trophaeum

36 3105 75 3154 err
97 3110 239 3161 emus.»

72 3111 95 3262 ξ
107 3183 180 3252 lo.
205 3183 298 3249 Haec
318 3177 429 3250 audiit
459 3182 660 3267 Imperator,
691 3190 723 3246 et
748 3176 945 3247 secantibus
976 3176 1090 3247 verbis
1118 3177 1152 3245 in
1180 3175 1294 3246 medio

37 3265 123 3334 corde
138 3266 394 3354 quodammodo
420 3268 607 3350 sauciatus,
627 3265 734 3335 animi
754 3277 885 3336 motum
911 3267 944 3334 in
992 3265 1161 3335 raesentia
1184 3265 1296 3335 celare

37 3349 151 3424 habens
175 3357 358 3438 inanimo,
385 3368 417 3426 et
442 3356 529 3424 nihil
550 3355 702 3445 amplius
726 3353 845 3424 dicens
871 3366 931 3425 aut
955 3287 1103 3435 iicienS,
1126 3375 1144 3424 e
1168 3350 1296 3441 templo

37 3443 205 3528 egreditur.
225 3445 306 3516 Pius
331 3457 445 3515 autem
463 3443 520 3514 ille
538 3443 698 3534 populus,
719 3447 785 3513 Deo
799 3443 939 3531 quidem
960 3443 1119 3532 gloriam,
1147 3440 1295 3532 sapienti

38 3547 102 3600 tero
121 3533 286 3623 Glycerio,
303 3555 366 3636 pro
381 3555 417 3604 se
436 3533 583 3621 quisque
601 3532 683 3603 tales
697 3553 795 3602 voces
814 3531 940 3603 edidit:
960 3537 1067 3617 Quam
1084 3531 1198 3600 dulcia
1219 3540 1296 3621 qut-

40 3623 99 3687 turr'
110 3644 178 3692 meo
195 3627 330 3715 cloquzc
347 3633 419 3704 tuo,
441 3643 546 3713 supro
561 3625 630 3691 mel
652 3623 706 3690 ori
725 3623 812 3691 mco!
834 3621 903 3711 (Pr.
929 3621 1017 3712 tta).
1041 3625 1113 3692 Non
1138 3619 1294 3690 futurum

39 3719 135 3777 autem
159 3723 242 3794 erat,
261 3724 301 3782 ut
324 3711 552 3782 llaximianus
576 3712 662 3780 iram
682 3709 744 3781 diu
767 3710 960 3781 cohiberet:
979 3709 1036 3780 sed
1063 3707 1155 3800 apud
1181 3731 1217 3779 se
1241 3706 1297 3776 su-

41 3813 101 3864 rore
116 3799 276 3886 percitus,
294 3800 394 3889 jubet
406 3798 600 3889 Glycerium
619 3811 756 3869 euntem
779 3799 819 3868 ad
835 3798 1029 3880 ecclesiam,
1047 3795 1297 3888 'comprehendi

41 3899 131 3954 manu
155 3887 306 3969 militari,
332 3899 364 3958 et
383 3901 599 3978 correptum,
633 3886 675 3957 ad
702 3909 737 3958 se
761 3888 900 3958 adduci.
937 3888 1103 3971 Quicum
1130 3885 1173 3955 ad
1198 3882 1296 3954 illius

41 3969 173 4044 tribunal
190 3989 277 4047 esset
293 3976 477 4059 adductus,
496 3977 582 4046 nihil
601 3978 847 4066 interrogatum
869 3977 973 4066 jussit
993 3975 1166 4045 verberari
1190 3973 1297 4042 boum

43 4062 136 4133 nervis
161 4077 228 4135 tam
257 4067 485 4148 vehementer,
505 4065 613 4135 donec
637 4065 856 4134 verberantes
879 4066 1033 4154 quidem,
1055 4065 1166 4134 vires:
1195 4061 1297 4131 illum

45 4159 150 4233 autem,
176 4155 235 4241 qui
260 4156 478 4236 caedebatur,
497 4176 559 4224 vor
583 4153 754 4224 deficeret.
782 4155 945 4224 Praeconi
969 4175 1107 4242 quoque
1133 4151 1183 4233 ei,
1211 4150 1297 4222 dum

48 4236 276 4324 verberabatur,
299 4245 405 4334 jussit
432 4244 568 4314 dicere:
592 4265 610 4309 «
637 4244 769 4331 Lingua
794 4243 933 4334 parcius
957 4258 1072 4324 utere,
1104 4239 1296 4333 oGlyceri.

68 4355 76 4376 ⁶
88 4357 106 4400 Β.
116 4363 213 4415 etrum
223 4371 335 4413 merrom
344 4371 382 4414 dte
392 4373 417 4413 tl
427 4371 499 4420 husus
509 4367 632 4412 recolitur.
