2972 4826
73 275 166 340 llll
310 295 348 342 ns
371 296 397 342 s.
424 292 580 343 auunosro
603 297 653 342 ur.
680 295 807 343 aaaron.
835 295 872 342 ur
896 293 985 343 noer.
1174 277 1237 343 l99

70 377 157 458 dicere,
175 378 266 464 quam
294 377 422 467 aliquid
452 377 529 450 falsi
560 379 722 469 proferre,
746 400 824 449 cum
851 379 1004 450 sciamus
1036 400 1098 450 nos
1123 379 1282 450 omnium

68 487 218 535 sermonum
241 481 426 538 nostrorum
445 467 641 538 reddituros
660 490 734 540 esse
759 469 939 538 rationem.
959 473 1025 539 Nec
1044 467 1199 537 dubitem
1217 469 1282 541 etsi

66 576 111 622 non
129 555 164 624 ab
183 555 335 626 omnibus
358 557 496 637 omnia,
531 569 642 626 tamen
670 580 687 626 a
713 557 859 628 diversis
883 557 1018 626 diversa
1050 557 1157 638 sciri,
1184 568 1217 626 et
1242 579 1283 628 ea

64 645 162 712 connita
182 644 348 715 nonnullis
371 667 465 725 esse,
492 667 580 731 quae
604 647 705 716 etiam
735 647 851 714 minus
880 648 953 736 ipse
977 657 1037 715 ant
1056 646 1195 728 audire,
1223 659 1283 716 aut

65 697 143 802 ridere
154 733 248 822 potui.
265 735 357 803 Unde
373 733 415 802 ab
430 735 485 802 die
502 735 687 804 nativitatis
703 733 777 823 ejus
796 734 960 804 narrandi
976 735 1113 804 initium
1130 757 1280 818 sumam,

64 833 88 886 nt
103 822 189 910 gratia
212 822 270 890 viri
294 824 337 893 ab
360 822 595 906 incunabulis,
615 845 703 911 quae
728 823 841 905 fuerit,
865 836 1084 916 agnoscatur.

90 911 154 996 Μ.
177 911 279 1002 Igitur
302 913 410 1002 posito
434 913 468 980 in
495 912 794 982 administratione
827 912 1059 1003 praefecturae
1091 911 1281 984 Galliarum

60 1000 201 1088 patreejus
214 1001 231 1034 ⁴
248 1001 433 1082 Ambrosio,
458 1013 626 1072 natusest
648 1001 683 1036 ⁴*
707 1002 924 1072 Ambrosius:
944 1004 1004 1089 qui
1022 1002 1137 1072 infans
1153 1002 1186 1070 in
1203 1023 1282 1072 area

59 1088 179 1174 praetorii
202 1089 234 1158 in
258 1089 442 1160 cunabulis
469 1089 614 1179 positus:
635 1111 713 1160 cum
740 1089 906 1160 dormiret
930 1104 1047 1181 aperto
1071 1113 1140 1171 ore,
1169 1091 1282 1161 subito

58 1197 162 1246 eramen
183 1201 199 1247 a
226 1201 280 1248 um
299 1179 497 1259 adveniens
516 1177 637 1248 faciem
659 1180 734 1266 ejus
754 1191 856 1270 atquo
880 1201 939 1250 ora
964 1179 1146 1268 complevit
1166 1181 1225 1262 ita,
1244 1190 1283 1250 ut

59 1199 229 1354 ingrediendi
253 1267 287 1338 in
311 1290 361 1350 os,
377 1267 645 1359 egrediendique
668 1201 924 1355 irequentarent
945 1269 1046 1339 vices.
1063 1273 1156 1352 Quae
1174 1280 1281 1358 pater,

58 1357 100 1438 qni
119 1377 204 1446 prope
226 1379 303 1427 oum
329 1372 436 1427 matre
461 1355 511 1425 vel
541 1356 613 1427 frlia
641 1356 897 1438 deambulabat,
924 1379 965 1426 ne
989 1357 1209 1448 abigerentur
1240 1357 1283 1427 ab

56 1442 168 1526 ancilla,
191 1466 273 1532 quaa
297 1467 416 1516 curam
452 1445 627 1515 nutriendi
664 1445 806 1515 infantis
844 1459 1064 1536 susceperat,
1096 1446 1284 1536 prohibens

54 1530 178 1614 (sollicita
199 1536 285 1604 enim
312 1549 396 1617 erat,
420 1556 462 1603 ne
479 1534 600 1604 infanti
622 1534 808 1624 nocerent),
827 1536 1045 1625 exspectabat
1068 1536 1178 1626 patrio
1202 1536 1284 1604 affe-

56 1632 105 1695 ctu.
119 1643 174 1708 quo
192 1623 253 1692 line
267 1624 356 1694 illud
380 1622 585 1693 miraculum
604 1623 835 1693 clauderetur.
854 1627 892 1692 lt
909 1623 967 1692 ille
984 1637 1059 1713 post
1078 1624 1284 1712 aliquandiu

55 1707 207 1792 evolantes,
232 1713 264 1781 in
290 1725 421 1782 tantam
447 1713 536 1781 aeris
561 1711 778 1783 altitudinem
804 1711 1000 1783 sublevatae
1025 1727 1129 1796 sunt,
1157 1726 1193 1783 ut
1217 1713 1284 1782 bu-

58 1800 139 1866 nonis
164 1800 263 1872 oculis
292 1802 440 1871 minime
464 1801 672 1871 viderentur.
700 1807 774 1886 Quo
803 1801 891 1871 facto
916 1801 1055 1871 territus
1080 1817 1185 1891 pater,
1212 1802 1282 1872 nit:

58 1887 105 1980 ssi
118 1888 217 1958 uixerit
236 1890 431 1960 infantulus
446 1890 520 1972 iste,
541 1890 671 1978 aliquid
691 1892 807 1980 magni
825 1893 899 1960 erit.
918 1914 935 1958 u
954 1891 1167 1982 Operabatur
1190 1891 1283 1960 enim

59 1993 106 2069 ren
124 1989 191 2047 tuno
213 1980 380 2050 Dominus
404 1979 438 2047 in
465 1978 590 2049 servuli
617 1982 671 2051 sui
696 1978 857 2060 infantia,
885 1990 923 2048 ut
959 1978 1161 2070 impleretur
1192 1979 1283 2066 quod

63 2058 150 2133 drotum
164 2079 223 2137 est:
249 2074 384 2138 Focum
403 2071 526 2149 mellis,
546 2091 711 2138 sermones
735 2068 887 2138 bone'***.
908 2066 996 2138 Illud
1024 2069 1115 2137 enirn
1142 2089 1284 2137 examen

66 2169 151 2235 opum,
173 2158 377 2248 scriptorum
408 2157 519 2245 ipsius
543 2158 643 2227 uobis
667 2157 853 2248 generabat
885 2156 1000 2238 faune,
1036 2158 1097 2245 qui
1127 2155 1286 2226 coelestia

67 2234 124 2337 donn
140 2246 391 2327 annunciarent,
415 2257 447 2315 et
472 2258 603 2316 mentes
628 2247 809 2316 bominum
840 2246 882 2314 de
908 2247 1052 2316 terrenis
1080 2245 1122 2315 od
1149 2243 1284 2316 coelum

67 2345 192 2415 erigerent.
226 2341 345 2406 Postea
376 2356 453 2403 vero
486 2357 564 2404 cum
595 2334 813 2412 adolevisset,
840 2348 872 2404 et
895 2347 984 2405 esset
1009 2336 1042 2404 in
1068 2335 1154 2405 urbe
1179 2341 1286 2404 Roma

66 2419 217 2495 constitutus
233 2447 316 2494 curn
336 2436 443 2493 matre
459 2424 559 2493 vidua
581 2435 613 2494 et
634 2423 838 2505 sorore****,
854 2445 942 2512 quae
959 2424 1188 2516 virginitatem
1211 2425 1284 2512 jam

64 2499 137 2604 foetur
153 2513 312 2600 professa,
332 2513 455 2583 comite
479 2512 546 2582 alia
564 2512 707 2603 virgine,
727 2513 828 2600 cujus
846 2513 989 2604 virginis
1007 2536 1103 2584 soror
1119 2511 1283 2595 Candida,

60 2603 80 2657 et
97 2615 151 2684 ipsa
170 2601 323 2692 ejusdem
352 2600 597 2690 professionis,
627 2624 715 2690 quae
753 2623 845 2671 nunc
870 2603 1073 2694 Carthagine
1097 2602 1191 2693 degit
1212 2601 1284 2689 jam

55 2701 126 2764 enus,
137 2711 206 2758 cum
221 2691 352 2760 rideret
366 2690 552 2760 sacerdotis
566 2713 584 2758 a
599 2691 785 2761 domestica
803 2712 917 2761 sorore
945 2692 995 2762 vel
1027 2704 1133 2761 matre
1163 2711 1287 2760 manus

54 2773 177 2870 osoplon,
201 2779 275 2869 ipse
301 2779 427 2848 ludens
451 2779 612 2849 offerebat
636 2779 821 2861 dexteram,
839 2779 971 2862 dicens,
991 2791 1023 2849 et
1040 2781 1105 2852 sibi
1123 2780 1155 2849 id
1178 2779 1221 2849 ab
1237 2777 1288 2850 eis

52 2857 105 2927 lien
123 2886 139 2932 o
160 2879 275 2951 ortere,
300 2867 472 2954 siquidem
499 2869 706 2957 Episcopum
733 2890 768 2938 se
792 2867 946 2937 futurum
969 2891 1043 2940 esse
1062 2871 1285 2940 memorabat.

52 2889 339 3042 loquebaturenim
366 2957 400 3025 in
426 2956 485 3026 illo
506 2958 654 3047 Spiritus
680 2963 836 3038 Sanctus,
858 2957 917 3045 qui
943 2957 1041 3027 illum
1069 2959 1109 3027 ad
1131 2959 1287 3028 sacerdo-

50 3047 112 3106 tum
129 3046 303 3116 nutriebat.
326 3044 388 3115 Illa
413 3067 502 3127 vero,
523 3058 561 3116 ut
577 3045 826 3116 adolescentem
845 3059 877 3116 et
902 3049 1109 3118 nescientem
1128 3047 1210 3134 quid
1237 3047 1288 3115 di-

49 3139 124 3210 ceret,
141 3137 332 3222 respuebat.
969 3161 977 3176 ·

78 3217 150 3301 id.
174 3225 234 3293 Sed
266 3235 460 3314 postquam
476 3223 618 3294 edoctus
648 3235 699 3294 est
727 3223 929 3294 liberalibus
953 3223 1171 3314 disciplinis,
1200 3223 1288 3292 Urbe

48 3320 254 3389 egressusest:
276 3311 523 3403 professusque
547 3314 580 3381 in
607 3313 777 3383 auditorio
804 3313 1035 3403 praefecturae
1054 3311 1226 3402 praetorii,
1243 3309 1288 3379 ita

48 3391 195 3478 splendide
217 3423 344 3472 causas
369 3401 562 3490 perorabat,
590 3415 627 3471 ut
650 3401 834 3490 eligeretur
861 3425 880 3473 a
912 3402 983 3470 viro
1012 3400 1136 3470 illustri
1166 3398 1286 3481 Probo,

48 3489 106 3550 tnnc
127 3489 288 3573 praefecto
318 3491 503 3580 praetorii,
536 3490 577 3559 ad
611 3491 795 3560 consilium
834 3490 1071 3561 tribuendum.
1099 3493 1177 3559 Post
1206 3488 1288 3557 baec

48 3574 268 3662 consularitatis
293 3580 448 3668 suscepit
468 3579 618 3668 insignia
642 3579 741 3660 *****,
770 3591 807 3649 ut
831 3601 865 3648 re
891 3593 961 3648 eret
985 3578 1157 3670 Liguriam
1179 3577 1288 3646 Aemi·

50 3653 168 3748 lamque
188 3667 393 3755 provincias
412 3667 571 3756 uenitque
585 3667 862 3738 Mediolanum*
900 3668 944 3734 **.
961 3672 1022 3737 Per
1043 3665 1132 3737 idem
1153 3677 1289 3756 tempus

58 3819 73 3876 ,⁸
86 3820 92 3839 ¹
104 3821 165 3868 Pater
177 3827 208 3880 (a
223 3829 350 3882 amorosii)
364 3832 467 3872 illustria
481 3832 579 3872 Romani
594 3832 715 3880 sanguinis
736 3832 847 3882 prosapta
861 3829 976 3872 oriundus
993 3827 1095 3874 exstitit.
1112 3829 1153 3877 qul
1170 3839 1214 3868 non
1233 3826 1291 3870 inre·

51 3877 91 3912 '1⁰¹2
98 3881 187 3935 primum
205 3887 321 3926 subsellio
330 3886 354 3924 lu
365 3887 450 3924 senatu
460 3895 555 3924 romano
566 3883 663 3934 potitus.
672 3887 738 3924 tutor
748 3881 890 3933 reipublloae
900 3895 926 3923 ao
937 3884 1047 3924 defensor
1057 3881 1175 3923 utlllimua
1184 3884 1289 3924 caesaria

51 3927 154 3999 *epponem
163 3940 308 3982 praeerectus
319 3967 329 3987 ,
340 3938 520 4000 (aaronem.
531 3939 551 3976 a.
563 3939 712 3998 momentanea,
722 3938 746 3977 rn
756 3939 817 3978 aori.
829 3935 933 3998 return).

70 3985 300 4086 mappugoa'aaxpo'pit
310 3993 437 4036 Berconum
447 3991 489 4032 aad
499 3991 645 4040 probabilius
657 4001 717 4031 anuo
727 3992 766 4032 ³40
776 3993 797 4032 Β.
807 3991 943 4031 Ambrosius
954 3991 1024 4054 notua
1034 3989 1078 4029 est.

62 4083 108 4152 ,Μ
121 4091 140 4130 S·
152 4094 290 4146 lancellam,
304 4098 447 4148 quaejam
456 4097 483 4136 D.
494 4097 615 4146 bloyulum
631 4094 726 4146 Biraglrl
735 4093 769 4148 (iu
780 4097 799 4136 ³.
811 4097 951 4136 Marcellinus
962 4097 1029 4144 νίκα),
1042 4105 1102 4134 anuo
1118 4095 1164 4140 aar,
1178 4093 1201 4136 iu
1217 4095 1290 4136 mian

58 4146 197 4242 rffitpffio
210 4205 247 4244 3⁹13

73 4243 134 4273 mn·
147 4255 169 4294 El
178 4235 293 4298 nquinat
305 4259 415 4300 mirorum
426 4258 488 4308 copto
498 4268 581 4302 rerum,
593 4275 616 4283 -
628 4257 758 4295 Innumerae
767 4257 878 4306 cultaeque
885 4256 971 4304 domu,
980 4256 1090 4304 foecundo
1100 4255 1206 4294 atrorum.
1218 4273 1243 4282 -
1254 4253 1291 4294 Iu-

62 4298 192 4360 ''flgwiqut'
204 4323 289 4362 norm
301 4317 345 4352 tum
359 4314 444 4362 duplice
457 4321 521 4350 mauro
531 4329 556 4338 -
568 4310 716 4358 Amplr'fhabut
731 4311 771 4348 lool
787 4307 877 4360 epacta«,
890 4310 1004 4360 populique
1021 4310 1120 4358 voluptas
1131 4326 1156 4334 -
1172 4307 1257 4358 ttereuo,
1272 4313 1290 4348 ct

62 4348 176 4442 2:3⁸⁰&
187 4369 273 4404 amata
286 4367 371 4411 thauri,
387 4385 407 4395 ·-
417 4364 515 4414 Templa,
528 4361 684 4414 palatinaeque
698 4363 781 4406 olomuc.
790 4363 920 4413 opulensque
929 4367 1020 4402 moneto.
1033 4362 1071 4401 lla
1083 4357 1241 4401 Mediolanum
1256 4371 1291 4400 ce·

106 4411 137 4448 nt
148 4415 197 4456 tuuc
205 4419 316 4468 tempori·
325 4419 452 4460 ausonius.
