2934 4810
10 312 71 376 tEE.
92 311 130 376 ti
147 328 186 375 ar
207 310 248 374 i8
382 326 647 375 aanrraouoctuu
671 325 887 374 rmusraarua
1138 301 1240 370 l089*

650 409 732 469 tione
747 407 851 484 agitur
867 407 900 466 in
925 403 986 466 line
1001 403 1144 466 lictorum
1160 402 1193 440 *²*
1208 419 1286 466 mar·

141 516 173 580 S·
197 515 327 580 BEGGA
349 516 464 580 pm
653 488 720 562 tyrii
734 487 839 578 ipsius,
852 483 1290 625 eamugngrephiceCdlescriffl

10 654 86 715 ilium
106 659 275 714 carcanum
296 651 408 714 clausit
429 665 511 714 annu
531 647 601 712 698.
650 573 946 708 {guffiffiruanlcoilueit
960 579 1158 720 60εὲῧὲθὲωὲ
1172 579 1290 734 Γίξιεροε-

652 727 780 789 [noterio
794 725 829 787 ad
843 731 961 802 portam
976 723 1204 800 liaphnrucam:
1219 723 1290 784 inde

30 811 202 874 ilanrrnoa.
234 845 274 858 -
301 809 459 872 Andaniao
492 807 510 846 ⁸
543 809 621 888 apud
652 806 910 880 autem‚nltimis
925 801 1114 882 temporibus
1130 803 1291 866 Theodosii

12 901 100 969 eptem
126 891 276 952 Ecclesias
302 889 407 952 heatae
426 889 547 952 Boooas
574 889 624 952 lli·
652 886 796 958 lunioris‚
812 883 944 975 delatum
960 891 1004 944 est
1017 898 1222 946 summorum
1239 881 1291 944 ho·

10 979 75 1036 tuate.
94 973 207 1032 sororis
222 977 345 1033 sanctae
360 968 529 1031 Gertrudis.
653 981 728 1028 nore
743 964 959 1037 Antiochiam,
976 964 1109 1039 positum
1135 965 1166 1024 in
1182 961 1292 1039 templo

33 1051 71 1111 lie
83 1049 112 1115 S.
135 1051 238 1128 ucgga
264 1049 357 1112 habes
372 1053 403 1110 in
418 1049 486 1111 Vita
503 1048 534 1110 S.
551 1048 624 1110 Ger·
653 1045 734 1124 uliud
749 1045 907 1108 Fortunae
920 1043 1126 1105 dicebatur....
1143 1041 1187 1104 [te
1204 1045 1293 1104 tertia

13 1131 96 1199 rudis.
117 1129 153 1191 ll
179 1133 295 1204 martii,
318 1129 378 1192 vol.
400 1147 434 1203 u,
454 1143 521 1208 pag.
547 1126 623 1202 3433
653 1132 776 1197 autem,
814 1124 912 1186 nando
932 1122 1060 1184 Rumam
1076 1121 1210 1184 delatum
1225 1129 1292 1196 est,

10 1212 62 1269 nin
75 1209 138 1270 Vita
151 1209 182 1272 S.
196 1209 356 1281 Morloaldi,
370 1208 407 1270 tr
423 1208 505 1286 maji,
522 1207 624 1282 roiv,
655 1203 731 1266 nihil
759 1205 801 1266 nri
828 1204 835 1264 i
862 1202 1009 1265 hactenus
1031 1209 1220 1278 compertum
1242 1201 1293 1264 ha·

10 1303 58 1364 ng.
74 1287 128 1350 365
142 1299 174 1352 et
189 1286 264 1359 366.
656 1285 755 1346 betur.
772 1281 887 1362 Opinor
912 1290 1014 1345 tamen
1041 1293 1113 1342 tunc
1128 1281 1198 1342 inde
1213 1281 1293 1344 abla-

657 1373 698 1425 tas
733 1361 921 1504 SaJnctissimi
957 1361 1096 1502 hiartyris
1131 1361 1291 1501 reliquias,

655 1459 723 1504 oum
782 1450 936 1504 ustunauo
978 1459 1007 1503 m
1030 1457 1078 1502 era
1097 1457 1161 1514 ure,
1189 1441 1246 1503 civi
1262 1457 1292 1502 as

96 1485 297 1550 ΤΜΝΜῙΟ
319 1483 351 1548 s·
375 1481 520 1548 IGNATH
657 1521 704 1585 ilia
719 1489 735 1585 a’
752 1520 884 1584 Coshroo
897 1565 905 1594 ,
920 1458 1185 1599 liegepPersarum
1200 1567 1209 1594 ,
1227 1523 1290 1598 igni

186 1609 241 1673 Ee.
258 1625 296 1671 ar
316 1609 419 1671 lianr.
655 1601 799 1744 {coffinum
827 1607 941 1666 vastata
969 1607 1037 1676 est,
1057 1617 1140 1666 anno
1168 1601 1292 1663 Domini

718 1728 725 1742 .
747 1706 760 1738 b

39 1765 207 1832 Eiarinon.
222 1801 263 1812 -
277 1766 392 1829 Eodem
407 1769 457 1830 die
473 1764 628 1830 translatio

10 1850 88 1907 sancti
112 1846 226 1910 lonaru
255 1848 392 1926 Episcopi
413 1855 443 1909 et
467 1847 628 1926 Martyris,
683 1881 912 1930 mmmm
926 1881 992 1922 m,
1006 1880 1067 1922 aaa.
1108 1879 1171 1922 nco,
1185 1879 1266 1922 mn,

10 1927 50 2000 pri
67 1929 169 1989 tertius
184 1937 252 2007 post
267 1928 389 1990 boatum
414 1927 536 1989 Petrum
554 1926 629 2004 lipo-

10 2003 101 2066 stolcm
116 2008 340 2071 Antiochenam
356 2010 435 2068 rexit
449 2006 629 2079 Ecclesiam3

10 2083 255 2165 cujtrscorpusab
276 2086 630 2164 urbeiioma‚uhiipse
698 2039 751 2104 ss·
788 2037 912 2102 RUFUS
945 2057 982 2102 ΕΤ
1005 2037 1162 2102 ZOSlMUS
1185 2038 1252 2102 ΜΜ·

10 2161 184 2243 subirajano
196 2183 302 2246 passus
313 2165 423 2237 iuerat,
437 2163 630 2227 Antiochiam
732 2165 824 2228 Pacci
835 2171 909 2228 aunt
921 2183 1003 2228 unuu
1017 2165 1139 2228 circiter
1154 2163 1222 2228 too.

10 2241 136 2330 delatum,
159 2257 249 2309 entra
273 2254 389 2325 portam
415 2246 628 2325 Daphniticam

12 2329 221 2406 praematuro
239 2325 389 2388 Ecclesiae
404 2328 536 2404 positum
552 2323 629 2399 lnit;
699 2323 885 2386 Manrrnon.
901 2357 941 2370 —
968 2324 1115 2404 Philippis
1142 2326 1175 2388 in
1204 2325 1297 2389 liaco-

12 2414 37 2458 to
66 2419 118 2480 qua
152 2407 329 2470 celebritate
355 2412 476 2468 sanctus
502 2405 631 2466 loannes
660 2405 749 2466 donia
786 2405 893 2467 natalis
923 2413 1100 2468 sanctorum
1129 2405 1296 2480 Martyrum

14 2475 220 2572 Chrysostomus
238 2485 416 2547 concionem
430 2485 466 2546 ad
485 2483 629 2563 populum
660 2484 920 2558 hoereticum,
935 2485 985 2564 qui
1002 2501 1040 2546 ea
1066 2500 1194 2547 numero
1211 2487 1298 2548 disci·

15 2555 118 2649 habant:
141 2566 339 2644 postmodum
366 2581 441 2627 vcro
469 2565 534 2642 eius
563 2563 630 2626 reli·
662 2563 800 2642 polorum
821 2565 970 2637 luerunt,
986 2579 1039 2643 per
1053 2581 1129 2643 nuos
1146 2567 1297 2645 primitiva

15 2651 88 2728 tutae
105 2659 205 2708 rursm
227 2645 357 2707 Romam
371 2642 533 2707 translatae
547 2651 631 2717 sunt,
663 2643 790 2706 Ecclesia
807 2644 840 2705 in
855 2643 976 2707 ludaeis
989 2651 1020 2705 et
1035 2642 1156 2706 Graecis
1174 2645 1297 2709 lundata

17 2721 42 2774 et
62 2735 89 2780 tn
110 2723 234 2788 Ecclesia
258 2724 352 2787 sancti
379 2721 544 2785 Clementis
572 2725 633 2785 una
661 2730 722 2785 est:
753 2723 944 2800 deonorum
972 2724 1066 2786 etiam
1096 2723 1174 2786 ielioi
1203 2741 1299 2804 agone

18 2809 75 2857 cum
87 2817 203 2882 corpore
214 2803 352 2882 eiusdem
362 2803 525 2866 beatissimi
539 2802 633 2880 Papae
660 2802 765 2866 scribit
784 2810 905 2864 sanctus
925 2803 1107 2884 Polycarpus
1123 2805 1154 2866 in
1169 2803 1299 2884 Epistola

18 2881 43 2932 ct
69 2876 197 2968 liartyris
226 2899 348 2946 summa
371 2885 566 2945 veneratione
587 2899 634 2945 re·
662 2883 697 2946 ad
717 2881 937 2962 Philippenses.

18 2957 148 3024 condius.
701 2963 745 3024 Eu
762 2960 791 3024 S.
806 2961 962 3038 Polycarpi
978 2961 1091 3026 rerba:
1116 2963 1228 3042 «Rogo
1242 2963 1299 3041 igi·
1333 3035 1334 3040 ἵ

51 3032 188 3103 Earonins
213 3043 287 3106 haec
311 3042 427 3105 subdit:
449 3042 546 3104 «init
561 3043 635 3104 haec
664 3050 713 3104 tur
726 3057 833 3103 omnes
847 3059 900 3102 vos
910 3043 1050 3105 insistere
1062 3043 1156 3106 verbo
1165 3043 1300 3120 justitiae

20 3125 99 3186 puna
112 3123 273 3196 translatio,
281 3124 413 3202 quando,
424 3131 634 3185 consummato
662 3129 693 3183 et
708 3123 886 3202 patientiae,
902 3137 995 3200 quarn
1015 3121 1131 3184 oculata
1149 3123 1208 3185 ilde
1222 3123 1299 3186 vidi·

19 3201 158 3282 martyrio,
176 3202 240 3282 ejus
263 3203 483 3280 dissipationi
500 3217 633 3264 enmse-
662 3205 715 3264 stis
744 3215 805 3262 non
834 3203 931 3262 sulum
960 3203 992 3262 in
1021 3201 1201 3264 beatissimis
1228 3203 1298 3278 illis,

21 3279 71 3360 cun
91 3275 205 3368 lucrant
225 3280 399 3354 Antiochia,
416 3281 478 3344 illic
493 3284 634 3344 victrices
665 3281 783 3358 ignatio
806 3281 932 3354 scilicet,
956 3279 1074 3344 zosimo
1098 3291 1130 3343 et
1143 3281 1232 3360 linio,
1247 3284 1298 3347 scd

21 3350 146 3431 reliquias
159 3363 363 3426 reduxerunt:
381 3361 418 3424 de
433 3377 491 3440 qua
507 3361 635 3424 transla-
663 3370 694 3424 at
710 3363 739 3424 in
755 3359 834 3436 aliis,
850 3361 901 3440 qtri
918 3377 955 3425 ex
969 3361 1055 3423 vohis
1069 3368 1174 3424 sunta

34 3525 54 3594 ‚⁸
64 3529 121 3573 Enoc
129 3537 233 3588 Audesne.
243 3543 271 3582 ad
281 3541 370 3582 dicaam
379 3539 474 3586 numen,
483 3541 545 3588 apud
554 3539 637 3581 urbem
665 3537 751 3590 quanti
765 3536 855 3580 laetitia
864 3540 966 3590 gestiret
975 3551 1046 3590 quam
1055 3541 1142 3582 inustis
1152 3542 1255 3592 undique
1266 3551 1301 3584 ac·

24 3583 104 3674 ‘¹²:¹²³‘-
215 3605 243 3632 η
257 3602 316 3644 vide
326 3600 389 3644 surii
399 3603 446 3642 rol.
458 3612 480 3648 u.
490 3611 541 3652 pag,
552 3605 585 3642 11.
664 3603 844 3644 clamaticntbna
859 3607 995 3644 coronatum
1006 3604 1140 3645 celebraret
1151 3606 1301 3653 Quemadmo-

59 3651 80 3677 ⁸⁸
92 3656 122 3696 En
136 3660 156 3700 E.
166 3663 262 3706 dccnnia
277 3667 395 3715 chrysost.
404 3665 486 3706 verbs:
502 3665 637 3716 “Exiguum
665 3669 720 3707 dum
734 3665 796 3706 enim
811 3666 915 3715 pugilem
929 3676 1077 3716 generosum,
1090 3666 1131 3716 qul
1145 3677 1226 3710 omues
1240 3669 1302 3708 deri·

26 3707 50 3776 ffi,
62 3711 141 3765 lcmpufl
154 3734 206 3768 eum
219 3727 332 3779 insanirem
347 3729 368 3767 S.
379 3727 498 3778 lunellum)
507 3729 573 3768 robis
586 3729 638 3768 ade·
666 3729 724 3769 ecrit
733 3729 888 3775 adversarios,
897 3729 1042 3779 spectatores
1052 3739 1064 3768 e
1073 3740 1145 3770 cavea
1154 3740 1207 3770 cum
1217 3731 1304 3779 plausu

26 3773 61 3809 ‘¹¹¹⁸
72 3776 139 3829 Diui.
152 3787 191 3828 aed
205 3793 292 3840 majore
309 3799 363 3830 cum
382 3790 458 3840 cloria
476 3791 589 3831 restituit.
610 3791 639 3830 nt
666 3791 836 3840 consurgentes
846 3791 971 3831 sublimem
980 3791 1063 3831 statim
1072 3783 1248 3841 excipiunt,riec
1257 3795 1303 3832 tar·

25 3839 327 3901 quemadmodumpccumsm
335 3853 639 3898 mutuantea.cunaiocnore
667 3865 716 3894 ram
731 3851 846 3903 attingere
860 3853 991 3902 patiuntur.
1005 3855 1046 3894 sed
1061 3855 1181 3896 sublatum
1196 3856 1303 3896 innume·

27 3901 254 3964 tancredumque
269 3915 421 3967 acceperuut,
438 3916 471 3956 sic
488 3917 560 3956 etism
576 3917 639 3956 Deus
667 3915 782 3958 rabilibus
798 3915 908 3956 laudibus
923 3918 1048 3962 ornantes.
1063 3917 1158 3958 domum
1174 3917 1305 3966 reportant,

28 3961 140 4053 &til-osum
152 3971 212 4016 hunc
221 3979 359 4020 thesaurum
370 3977 490 4028 paulisper
501 3977 639 4028 suscipiens.
668 3981 701 4020 sic
716 3979 798 4028 utiquo
813 3979 838 4018 ct
851 3979 959 4018 sanctum
975 3976 1042 4020 illum
1051 3989 1132 4020 omnes
1143 3989 1170 4021 ex
1181 3977 1264 4020 ordine
1274 3980 1305 4020 cl·

30 4028 182 4120 vabostenderet
193 4039 292 4087 Romae.
306 4042 394 4090 maiore
411 4051 464 4080 cum
481 4041 555 4090 gioria
571 4038 640 4082 ilium
667 4042 755 4083 vitales
765 4041 793 4081 ab
801 4041 863 4081 Urbe
873 4040 975 4081 relatum
985 4040 1143 4092 stasclplentea
1154 4041 1305 4091 humerisque

29 4139 37 4175 t
68 4093 178 4166 ltrctuht.
192 4101 382 4145 limisistisenim
392 4103 641 4153 Episcopumatniar·
668 4100 947 4154 gestaminahntiocblam
955 4106 1097 4153 usquamne
1105 4105 1236 4150 comitatae,
1246 4114 1306 4144 mar-

30 4148 227 4248 effimilfflilttlicr
242 4167 355 4208 emisistis
366 4175 420 4209 cum
428 4166 545 4216 praestus,
554 4167 578 4207 et
587 4175 641 4206 cum
668 4169 744 4215 tyram
759 4167 897 4206 coronatum
911 4166 1072 4210 celebrantes,
1088 4163 1213 4206 laudantes
1223 4175 1306 4216 aponu-
1366 4209 1370 4218 ,

32 4218 108 4308 quael?
117 4224 252 4272 suscepistis:
260 4239 304 4270 aec
314 4239 370 4268 vcro
380 4237 421 4268 ros
432 4229 484 4275 soli.
493 4230 534 4270 scd
542 4232 641 4270 cunctae
668 4230 769 4274 tholam.
783 4229 902 4272 diabolum
916 4229 1063 4274 deridentes.
1079 4229 1141 4276 qood
1159 4237 1172 4268 a
1188 4229 1307 4270 contrario

33 4329 64 4366 m
96 4277 220 4355 'milesios
236 4295 290 4332 sunt
307 4293 422 4332 civitates.
440 4292 559 4340 Quomodo
579 4289 641 4332 enim
670 4291 824 4333 littversutia
838 4289 1001 4334 successisset,
1015 4293 1039 4332 et
1056 4299 1116 4338 quae
1134 4291 1160 4328 tu
1179 4291 1307 4338 martyrem

78 4334 160 4382 affectu
169 4353 311 4404 existimatis,
323 4363 377 4394 cum
387 4355 519 4402 reportatas
528 4354 642 4402 reliquias
669 4356 794 4400 struxerat,
807 4355 832 4393 in
841 4363 867 4394 aa
876 4349 1025 4394 recidissent.
1037 4382 1047 4403 ῃ
1061 4349 1105 4400 (Ex
1114 4353 1210 4392 Horatiis
1221 4353 1243 4392 ia
1253 4353 1274 4394 S.
1287 4353 1308 4392 i-

33 4392 152 4443 cerncrsntt
164 4417 229 4458 quem
242 4416 373 4468 voluptaris
386 4417 490 4458 fructum
511 4417 641 4467 percipere,
667 4415 767 4468 pastinat
779 4414 910 4466 murrata).
