2972 4826
267 323 330 388 tou
567 339 606 384 or
629 336 863 386 rnansuurronn
887 338 916 385 s.
942 335 1067 385 urconm
1092 339 1140 384 cr.
1345 319 1417 384 ott.
1441 323 1456 382 6

221 423 361 496 leaenae
375 435 500 504 torvae,
518 443 597 492 oum
614 435 695 494 sunt
714 422 832 505 foetae,
851 434 884 492 et
903 421 1045 512 tigrides
1060 423 1268 513 asperrimae
1283 420 1455 490 fremebant.

222 512 296 583 Illis
321 513 468 669 denique
502 531 654 581 moerore
689 512 826 581 conscio
858 510 1088 594 abeuntibus,
1118 510 1284 599 lentisque
1308 511 1459 600 gressibus

223 623 345 672 arenas
373 600 605 682 carentibus,
636 600 693 668 isti
716 601 898 670 comitante
923 599 1061 682 laetitia,
1090 599 1319 670 exultantibus
1342 599 1459 678 animis,

223 690 386 760 rudentes
410 690 565 760 celeriter
586 688 765 758 exsolvunt
781 711 800 757 a
819 689 927 769 litore,
951 710 1081 776 suaque
1104 689 1293 758 assidentes
1315 709 1367 776 per
1388 701 1461 755 tran·
1483 715 1484 718 ¹

224 790 305 860 stra,
332 778 491 848 alacriter
518 778 688 866 remigare
711 790 907 867 coeperunt.
944 781 1077 859 Quanta
1109 777 1201 847 enim
1236 777 1286 846 illi
1315 798 1376 845 non
1400 774 1484 862 abs-3

223 889 291 1024 que
314 867 422 936 animi
447 881 586 956 stupore
611 879 692 934 tunc
723 865 893 936 hilaritate
909 865 1040 956 perfusi
1064 865 1202 947 fuerint,
1226 887 1287 935 nec
1309 885 1381 934 voce
1402 885 1484 952 pro,

237 977 323 1037 erre,
352 977 415 1025 nec
443 956 563 1026 litteris
590 954 772 1044 explicare,
804 977 865 1026 uec
894 955 1003 1024 animi
1026 955 1299 1026 consideratione
1325 949 1484 1040 consequi}

224 1046 369 1136 possim.
394 1045 597 1146 Navigantes
621 1055 748 1125 autem,
771 1055 870 1114 nocte
893 1043 952 1113 illa
968 1044 1003 1112 in
1022 1043 1185 1125 insulam,
1211 1065 1300 1132 quae
1322 1041 1464 1112 cacabum
1483 1037 1484 1100 l

225 1133 363 1216 dicitur,
389 1133 493 1203 delati
517 1143 616 1203 sunt:
639 1155 708 1222 qua
733 1132 861 1214 relicta,
888 1132 1065 1202 laborante
1089 1133 1233 1222 remigio
1257 1132 1298 1202 ad
1319 1131 1465 1220 llajcstras

225 1221 359 1292 insulas
381 1222 453 1310 (sic
476 1221 569 1290 enim
595 1222 843 1310 nominantur)
872 1220 1013 1311 profecti
1046 1232 1138 1291 sunt.
1165 1221 1250 1290 Inde
1273 1220 1463 1294 recedentes,

227 1332 306 1382 cum
332 1311 437 1380 multa
468 1310 638 1468 remigpm
670 1309 868 1401 fatigatione
887 1309 928 1378 ad
954 1309 1027 1379 loca
1056 1310 1160 1380 Macri
1183 1309 1395 1400 appulerunt.
1423 1305 1466 1373 llis

226 1401 319 1469 enim
341 1398 450 1468 tribus
475 1401 564 1469 nocti
592 1421 651 1480 us,
676 1399 895 1490 geminisque
918 1397 1041 1468 diebus
1066 1398 1253 1468 admodum
1280 1397 1346 1466 illis
1372 1395 1467 1465 adver·

227 1500 324 1558 sante
339 1493 444 1558 Borea
468 1489 685 1578 navigarunt.
714 1487 809 1557 Unde
832 1487 932 1556 etiam
957 1485 1098 1574 quidam
1125 1487 1214 1556 inter
1243 1509 1279 1556 se
1301 1485 1468 1571 colloquen-

228 1590 289 1660 tes,
313 1577 561 1646 fluctuantibus
584 1587 617 1646 et
640 1575 785 1645 turbatis
809 1576 936 1644 animis
959 1575 1142 1646 dixerunt:
1168 1575 1294 1658 «Quid
1323 1575 1365 1644 ita
1392 1571 1469 1641 nobis

227 1665 373 1735 infestus
396 1677 446 1735 est
473 1666 529 1734 hic
558 1677 691 1745 ventus,
719 1685 780 1733 nec
804 1665 972 1754 quiescit?
1002 1665 1154 1734 Forsitan
1187 1663 1283 1734 aliud
1316 1663 1467 1733 nobiscum

228 1754 406 1824 vehimus:
429 1775 495 1822 non
514 1753 599 1823 illud
617 1753 708 1840 quod
730 1765 964 1824 autumamus.
984 1757 1048 1822 dut
1072 1753 1101 1822 si
1119 1775 1234 1822 revera
1250 1775 1373 1843 corpus
1386 1755 1414 1818 S.
1429 1747 1469 1816 ‚li-

228 1841 315 1913 colai
331 1841 487 1923 ferimus
508 1843 662 1913 fortassis
683 1863 750 1911 non
767 1843 798 1910 ei
823 1841 953 1932 placuit
977 1841 1010 1911 id
1036 1841 1127 1929 quod
1153 1842 1310 1923 lecimus,
1334 1856 1424 1926 atque
1442 1839 1468 1902 el

227 1935 333 2002 causd
351 1931 439 2000 male
461 1931 609 2032 egimus,
637 1943 669 2000 ct
691 1930 837 2000 ulterius
854 1929 939 1999 illud
962 1931 1048 2000 ferre
1072 1952 1138 2000 non
1165 1931 1368 2001 valemus.»

272 2024 379 2108 §lt
407 2025 453 2089 Ex
477 2021 520 2090 irs
544 2033 658 2090 autem
682 2020 733 2088 vir
760 2019 901 2106 quidam
928 2019 1108 2090 Eustasius
1133 2020 1294 2101 nomine,
1326 2028 1414 2086 nocte
1434 2035 1469 2083 se-

228 2109 347 2197 quenti
371 2109 478 2179 fcrtur
501 2130 579 2178 vera
605 2108 731 2180 somnii
755 2108 884 2177 visione
901 2107 1038 2188 vidisse,
1066 2109 1173 2177 immo
1191 2106 1388 2198 hujusmodi
1414 2123 1469 2193 pas-

229 2198 360 2268 sionem
376 2197 535 2279 sensisse,
559 2196 775 2286 hyrundines
791 2197 865 2286 ejus
883 2196 1039 2286 linguam
1057 2196 1233 2266 mordicus
1246 2195 1468 2287 apprehensam

231 2285 320 2356 male
341 2298 524 2356 tractantes
547 2300 649 2372 atque
672 2296 900 2356 cruentantes.
925 2291 999 2367 Qua
1018 2284 1076 2353 ille
1096 2285 1226 2354 visione
1247 2285 1434 2376 perterritus
1450 2289 1470 2344 et

159 2451 168 2468 ⁴
230 2375 498 2530 expergefactus
525 2373 567 2444 de
592 2373 698 2443 cubili
724 2395 870 2464 surgens
891 2395 1109 2461 nequaquam
1134 2385 1244 2443 tacere
1275 2373 1379 2444 voluit
1404 2364 1470 2456 quod

232 2463 264 2531 vi
290 2477 373 2544 erat,
396 2462 453 2532 sed
470 2462 571 2532 sociis
595 2463 769 2544 omnibus,
796 2475 890 2531 metu
913 2461 1061 2531 necdum
1090 2460 1131 2532 de
1157 2472 1293 2551 pectore
1324 2459 1469 2554 recedente

232 2551 406 2630 indicavit,
434 2572 590 2621 asserens
613 2551 705 2637 quod
731 2572 807 2620 vere
835 2551 904 2628 sint
927 2551 1083 2620 membra
1106 2551 1317 2621 sanctissimi
1346 2547 1469 2620 Nicolat:

233 2662 293 2710 nec
318 2640 487 2710 dubitavit
511 2639 656 2708 ulterius
680 2640 766 2710 bene
782 2637 832 2708 illi
854 2638 1026 2729 placuisse
1041 2640 1133 2726 quod
1157 2639 1318 2709 fecerant.
1334 2645 1370 2708 lt
1386 2651 1471 2727 tamen

233 2727 282 2797 illi
307 2728 349 2798 de
372 2729 543 2798 contrario
567 2742 665 2797 vento
685 2738 907 2818 perrexerunt
926 2729 1014 2798 inter
1038 2749 1075 2797 se
1094 2729 1272 2816 conqueri,
1294 2741 1326 2798 et
1348 2749 1406 2797 cur
1426 2720 1473 2790 illo

232 2839 271 2885 ea
287 2817 473 2886 adversitas
497 2816 678 2888 accidisset
703 2817 907 2906 percontari.
934 2821 1019 2886 Tum
1038 2839 1116 2886 vero
1139 2817 1282 2905 quidam
1303 2839 1342 2886 er
1357 2816 1407 2892 iis,
1428 2827 1472 2878 ceu

233 2917 324 2973 vates
348 2905 506 2987 veridici,
534 2906 614 2974 talia
646 2905 828 2975 dicebant:
857 2905 993 2974 «Venti
1019 2904 1147 2975 isthaec
1178 2905 1387 2984 adversitas,
1410 2915 1474 2986 qnae

235 3005 386 3062 nostrum
409 2993 553 3084 impedit
577 2996 650 3074 iter,
669 3007 707 3063 ut
731 3016 794 3063 nos
816 2993 957 3080 quidem
983 3005 1157 3083 putamus,
1186 3015 1253 3064 non
1272 2995 1367 3085 prius
1389 3007 1473 3059 cesso·

236 3095 391 3163 comest,
418 3083 527 3152 donec
543 3083 687 3154 artubus
704 3083 846 3152 cacteris
871 3081 1059 3172 particulae
1086 3082 1177 3164 illae,
1210 3105 1299 3170 quae
1329 3089 1475 3171 separatae

235 3183 326 3252 sunt,
346 3171 614 3260 conjungantur.
643 3176 769 3242 Revera
799 3171 891 3240 enim
915 3171 1057 3258 quidam
1092 3193 1133 3240 ex
1157 3172 1283 3240 nostris
1307 3169 1428 3242 occulte
1446 3161 1475 3228 dt

235 3261 361 3330 sanctis
380 3261 552 3330 abstulere
575 3260 751 3347 reliquiis,
777 3281 902 3346 casque
920 3259 1023 3349 'apud
1049 3281 1085 3330 se
1114 3260 1333 3331 absconditas
1363 3257 1474 3327 habent.

235 3349 351 3438 Sedsi
379 3348 455 3418 laeti
472 3349 635 3439 cupimus
650 3369 769 3419 omncs
793 3348 904 3418 redire
929 3349 963 3416 in
986 3349 1144 3438 patriam,
1160 3364 1278 3419 sancto
1308 3347 1477 3418 restituatur

236 3438 382 3527 corpori,
406 3437 569 3525 quicquid
594 3461 615 3506 a
638 3437 792 3524 quolibet
821 3437 996 3507 sublatum
1022 3449 1082 3506 est.
1111 3437 1247 3528 Singuli
1274 3438 1374 3506 etiam
1402 3432 1476 3519 jure-

231 3526 383 3612 ¹furando
404 3529 540 3596 firment
559 3548 595 3596 se
619 3523 706 3595 nihil
736 3525 908 3615 ejusmodi
937 3547 1040 3614 penes
1065 3547 1102 3596 se
1130 3525 1338 3596 occultatum
1363 3523 1474 3592 habere.

237 3631 273 3684 ut
292 3617 336 3685 ab
360 3616 523 3684 omnibus
547 3614 699 3704 suspicio
730 3613 844 3683 omnis
863 3625 1093 3684 amoveatur.»
1122 3615 1181 3683 llis
1202 3613 1303 3684 dictis
1327 3633 1399 3682 cum
1420 3625 1476 3673 ont·

237 3727 295 3772 nes
324 3704 547 3786 assentirent,
575 3702 705 3793 singuli
728 3702 907 3792 singulas,
933 3724 1019 3790 quas
1049 3702 1288 3783 abstulerant,
1317 3693 1475 3792 particulas

235 3793 467 3874 ostenderunt;
494 3804 526 3862 et
549 3793 584 3861 in
605 3793 648 3860 iis
672 3790 881 3860 Romoaldus
904 3791 1046 3879 quidam
1067 3791 1156 3862 duos
1179 3792 1289 3862 sancti
1307 3785 1476 3858 viridantes

234 3894 267 3948 ct
282 3881 423 3970 exiguos
443 3881 605 3952 articulos
630 3880 782 3970 protulit;
802 3879 888 3948 alter
910 3880 952 3949 de
969 3889 1086 3950 sancto
1111 3880 1243 3967 liquore
1259 3878 1395 3950 omnino
1420 3889 1475 3938 mo·

236 3966 358 4038 didum
393 3971 621 4059 marsupium,
647 3969 708 4038 ubi
733 3979 922 4038 servaverat
953 3968 1045 4056 quod
1079 3968 1197 4041 furtiin
1227 3967 1422 4039 abstulerat,
1450 3973 1476 4060 {f

235 4056 407 4128 invenisse
423 4058 600 4129 confessus
619 4069 681 4127 est.
703 4057 749 4127 lis
762 4079 842 4147 ergo
862 4056 1042 4158 particulis
1057 4057 1200 4128 caeteris
1218 4057 1361 4127 artubus
1377 4048 1484 4136 adjut-t

236 4145 312 4226 ctio,
331 4145 473 4235 singuli,
500 4147 673 4237 proposito
698 4147 872 4237 Evangelii
889 4146 1015 4224 codice,
1037 4146 1234 4234 J'uramento
1254 4143 1474 4215 satisfecerunt.

236 4233 336 4334 sede
356 4235 387 4302 S.
405 4235 534 4305 Nicolai
558 4235 714 4323 reliquiis
730 4257 792 4304 nec
816 4234 941 4304 hahere
957 4235 1144 4322 quicquam
1169 4233 1413 4305 absconditum,
1427 4237 1484 4322 neq

236 4343 324 4392 scire
343 4344 551 4411 quamquam
569 4324 675 4394 alium
694 4324 832 4393 habere.
850 4329 932 4393 Cum
953 4323 1037 4392 haec
1056 4323 1100 4392 ab
1116 4324 1278 4393 omnibus
1291 4319 1484 4392 unanimum

236 4408 325 4480 facta
340 4409 495 4494 luissent,
517 4415 591 4502 jam
617 4412 760 4482 minime
774 4413 936 4502 deinceps
956 4426 1138 4486 senserunt
1160 4412 1301 4483 adversa
1324 4415 1473 4479 ventorum
