2960 4824
268 279 332 342 348
631 294 670 340 nn
693 293 721 340 s.
747 291 936 340 cumsnnnn
960 291 1090 340 uncinus
1326 272 1398 336 buil.
1421 273 1451 334 tt

222 378 373 449 Ecclesia
406 377 574 448 extruitur
612 377 802 448 instanter:
838 392 871 448 et
905 377 1033 448 elevato
1058 378 1131 468 iam
1164 375 1338 465 perniciter
1362 396 1451 444 muro·

223 489 301 538 rum
337 466 494 547 ambitu,
521 479 657 556 tempus
690 475 762 535 erat
795 488 864 554 quo
899 465 1081 536 columnae
1117 465 1276 535 collocari
1309 464 1450 534 deberent.

223 561 377 647 Cumque
399 557 512 625 ereotd
543 555 655 645 prima
679 554 730 624 vel
755 555 930 637 secunda,
958 569 1094 625 ventum
1125 555 1245 624 luisset
1273 553 1313 623 ad
1335 552 1450 626 tertiam,

222 645 506 735 consumptisque
529 643 693 713 omnibus
710 645 893 726 machinis,
909 657 941 714 ct
957 643 1060 713 boum
1075 645 1322 730 hominumque
1339 641 1451 713 viribus.

221 753 301 804 eum
328 733 441 802 media
452 733 575 823 jamin
590 731 771 819 obliquum
790 731 910 804 luisset
933 745 1056 814 erecta,
1075 745 1108 802 et
1132 755 1212 834 pars
1235 731 1359 821 reliqua
1372 727 1452 797 nullis

223 821 395 891 machinis
424 822 633 912 erigeretur,
660 821 813 912 repetitis
829 820 982 892 secundo
1002 844 1042 891 ac
1065 833 1163 891 tertio
1187 843 1227 890 ac
1251 821 1376 910 saepius
1396 817 1452 883 tiri-

221 911 299 990 bus,
321 931 362 978 ne
386 908 459 979 loco
479 909 618 997 quidem
639 910 778 991 moveri,
807 911 930 980 attritis
953 911 1127 991 omnibus,
1156 910 1276 1000 potuit.
1306 905 1451 977 Admiratio

221 1010 294 1068 erat
318 999 421 1068 totius
447 997 578 1088 populi,
598 999 700 1090 Regis
724 999 927 1069 animositas
943 999 1165 1070 hebescebat:
1184 998 1268 1089 quid
1295 997 1362 1066 lieri
1378 995 1451 1063 debe·

220 1099 283 1168 ret,
301 1107 423 1156 omnes
447 1086 551 1156 simul
576 1086 713 1157 latebat.
740 1087 804 1157 Sed
829 1109 908 1157 cum
933 1089 1126 1158 interventu
1154 1089 1264 1158 noctis
1285 1106 1392 1156 omnes
1413 1079 1451 1148 ab·

222 1176 435 1256 scessissent,
462 1175 646 1262 cunctique
672 1176 832 1246 mortales
855 1188 887 1246 et
911 1177 985 1264 ipsa
1010 1198 1113 1266 opera
1136 1188 1325 1255 cessarent,
1349 1171 1449 1260 capla

222 1264 294 1334 sola
316 1265 349 1332 in
375 1264 528 1334 oratione
554 1277 757 1354 pernoctans
783 1266 910 1336 mansit
926 1266 1146 1335 intrinsecus:
1173 1287 1253 1335 cum
1278 1285 1350 1332 ecce
1372 1271 1451 1330 matu·

222 1354 315 1424 tinus
340 1365 372 1421 et
396 1354 520 1422 auxius
543 1375 622 1422 cum
644 1353 717 1424 suis
741 1353 904 1423 omnibus
929 1353 1126 1444 ingrediens
1143 1359 1225 1434 Rex,
1253 1353 1333 1422 vidit
1353 1348 1450 1420 colun·

220 1463 312 1524 nam,
340 1463 442 1529 quam
459 1453 506 1510 tot
531 1441 722 1524 machinae,
750 1455 796 1511 tot
821 1442 939 1533 populi
965 1445 1099 1512 movere
1117 1464 1183 1512 non
1199 1443 1381 1531 quiverant,
1401 1455 1451 1504 ere-
1477 1479 1478 1482 =

220 1544 311 1601 ctam
331 1544 363 1600 et
382 1553 487 1620 supra
512 1530 622 1600 basim
639 1553 737 1600 suam
765 1530 890 1600 librare
906 1553 1125 1622 suspensam,
1144 1553 1206 1600 nec
1233 1547 1340 1600 tamen
1363 1545 1440 1612 super

221 1619 380 1709 positam,
408 1618 466 1689 sed
496 1633 665 1706 quantum
693 1620 798 1691 unius
832 1619 929 1709 pedis
953 1621 1064 1711 spatio
1100 1620 1135 1688 in
1159 1623 1239 1690 nere
1274 1617 1478 1709 pendentem

222 1713 318 1778 Tunc
355 1729 433 1776 vero
460 1729 581 1776 omnes
617 1707 737 1797 populi
773 1720 974 1778 contuentes
1005 1721 1038 1778 et
1069 1709 1331 1799 magnificantes
1358 1709 1478 1782 lleun„

220 1818 334 1866 veram
351 1817 426 1866 esse
445 1796 547 1885 Regis
571 1795 687 1878 fidem,
706 1808 737 1866 et
763 1797 919 1886 Captivae
945 1798 1146 1888 religionem
1174 1797 1357 1887 praesentis
1379 1791 1450 1861 mira·
1476 1823 1478 1860 ε

220 1885 290 1955 culi
316 1885 511 1955 testimonio
543 1885 780 1975 perhibebant.
807 1891 846 1956 Et
880 1908 958 1956 ecce
990 1886 1197 1956 mirantibus
1221 1885 1334 1956 adbuc
1358 1898 1385 1952 et
1403 1891 1450 1946 stu·
1477 1959 1478 1968 ἵ

220 1974 382 2064 pentibus
406 1973 564 2054 cunctis,
602 1975 635 2042 in
660 1974 771 2044 oculis
794 1995 913 2044 eorum
940 1977 1067 2046 sensim
1094 1996 1199 2062 supra
1226 1975 1333 2045 basim
1357 1987 1448 2040 unam.

220 2062 317 2132 nullo
347 2063 585 2151 contingente,
618 2063 781 2132 columna
810 2062 987 2153 deposita,
1024 2085 1161 2134 summa
1191 2085 1273 2134 cum
1313 2057 1478 2136 libratione}

218 2151 384 2220 consedit.
404 2155 482 2220 Post
506 2150 570 2221 boc
594 2150 749 2238 reliquus
774 2172 941 2222 numerus
960 2152 1202 2222 columnarum
1222 2164 1315 2222 tanta
1330 2145 1449 2218 lacilitat¹
1476 2143 1478 2162 “

219 2261 410 2330 suspensus
434 2252 495 2320 est,
522 2253 560 2308 ut
583 2261 715 2320 omnes,
741 2261 829 2326 quae
843 2240 1099 2330 superfuerunt,
1122 2242 1195 2331 ipse
1214 2241 1271 2310 die
1284 2241 1447 2309 locarentur.

263 2331 352 2416 §lb
377 2333 495 2396 Postea
519 2348 724 2415 veroquam
753 2327 903 2399 Ecclesia
929 2330 1111 2419 magnifice
1140 2342 1335 2399 constructa
1360 2337 1414 2399 est,
1431 2330 1449 2383 tt

220 2415 337 2506 populi
353 2415 456 2486 lidem
475 2417 601 2503 majore
617 2416 738 2486 ardore
751 2418 923 2499 sitiebant,
943 2419 1100 2508 Captivae
1121 2420 1261 2489 monilis
1279 2417 1318 2488 ad
1339 2421 1448 2500 Impen-

220 2517 325 2575 torem
341 2505 600 2576 Constantinum
619 2506 722 2575 totius
738 2507 849 2595 gentis
871 2506 994 2596 legatio
1020 2508 1182 2587 mittitur3
1211 2529 1266 2577 res
1282 2517 1369 2597 gesta
1382 2516 1449 2585 erpt-

218 2595 324 2675 nitur;
351 2591 543 2664 sacerdotes
569 2593 700 2664 mittere
715 2607 844 2676 oratur,
871 2597 931 2683 qui
955 2608 1114 2685 coeptum
1133 2617 1215 2686 erga
1233 2618 1269 2665 se
1290 2595 1343 2664 Dei
1358 2603 1449 2682 nunti
1474 2591 1477 2682 ᾗ

217 2682 403 2772 explerent.
431 2681 563 2764 Quibus
588 2681 646 2751 ille
673 2704 752 2752 cum
782 2683 879 2753 omni
905 2684 1032 2774 gaudio
1055 2697 1088 2755 et
1111 2685 1241 2754 honore
1265 2679 1448 2754 transmissu
1474 2713 1475 2720 κ

220 2771 329 2840 multo
363 2771 515 2861 amplius
549 2792 590 2840 ex
622 2771 688 2841 hoc
719 2771 865 2842 laetatus
899 2785 966 2855 est,
993 2794 1098 2860 quam
1134 2773 1162 2842 si
1198 2772 1383 2864 incognitas
1409 2768 1449 2858 Βυ-

219 2880 321 2928 mano
345 2860 493 2949 Imperio
518 2869 636 2950 gentes
660 2873 693 2929 et
717 2882 821 2951 regna
847 2862 960 2952 ignota
987 2860 1170 2949 junxisset.
1197 2867 1289 2932 Haec
1320 2855 1403 2927 nobis
1421 2861 1449 2915 tlt

217 2959 313 3102 gesta
337 2946 563 3018 fidelissimus
587 2948 637 3016 vir
662 2951 840 3029 Bacurius,
866 2951 978 3042 gentis
1004 2951 1115 3040 ipsius
1143 2955 1224 3028 Rex,
1255 2963 1288 3020 et
1309 2943 1390 3038 apud
1410 2957 1449 3005 11⁰³

245 3036 487 3105 omesticorum
515 3040 633 3106 Comes
656 3037 672 3072 *
694 3037 767 3126 (cui
798 3059 936 3108 summa
972 3051 1045 3108 erat
1076 3061 1160 3109 eura
1183 3053 1216 3109 et
1253 3031 1410 3128 religionis
1430 3036 1449 3088 tt

218 3124 383 3214 veritatis)
405 3126 574 3216 exposuit,
595 3146 675 3194 cum
701 3126 882 3196 nobiscum
903 3127 1181 3198 Palaestinitunc
1206 3127 1325 3197 limitis
1348 3112 1447 3192 bonit

215 3212 441 3303 lerosolymis
466 3214 548 3285 satis
565 3214 778 3284 unanimiter
797 3214 947 3306 degeret.

243 3339 253 3362 ¹
268 3339 320 3382 Dux
330 3339 422 3382 scillcet
431 3337 540 3390 mtlttunr,
549 3341 589 3390 qul
599 3341 768 3390 Imperatorem
778 3341 855 3390 ipsum
866 3339 1057 3389 circumstabat,
1067 3346 1090 3383 et
1100 3339 1271 3383 custodiobsnt.
