2946 4798
246 283 310 346 478
559 299 597 344 nc
622 299 647 345 s.
675 299 796 344 ronnas
820 299 869 344 ar.
897 297 934 344 cr
957 297 1111 344 cvtaccc.
1302 277 1366 342 ott.
1384 278 1412 341 at

201 405 326 472 aquam
347 397 380 454 et
399 384 603 472 sanguinem
631 383 793 472 prossuxit
823 381 984 452 Ecclesia.
1015 386 1086 451 lloc
1110 383 1224 470 itaque
1252 379 1335 450 modo
1352 393 1414 446 etex
1463 407 1464 412 ¹

201 474 306 543 llario
334 472 503 564 prodiisse
530 471 664 541 videtur
688 471 850 542 Ecclesia.
878 474 1026 558 Utraque
1052 483 1166 540 tamen
1190 481 1414 552 castanaeque

201 562 344 644 munda,
364 575 509 647 utraque
534 572 717 650 perpetuae
741 559 949 650 virginitatis
973 559 1153 651 signaculo
1177 557 1375 650 praemunita.

244 655 262 738 ξ
286 655 363 725 1⁰.
387 655 528 729 Harum,
544 650 658 736 itaque
674 648 823 719 duarum
850 661 1012 730 matrum,
1034 647 1184 718 duarum
1212 659 1354 738 perpetuo
1371 644 1414 710 vir·
1463 685 1464 700 κ

200 741 334 830 ginum,
353 737 493 808 alteram
516 742 623 818 Petro,
642 738 784 807 alteram
799 737 922 807 loanni
940 737 1046 806 voluit
1062 736 1308 816 commendare,
1323 747 1354 803 ut
1366 752 1415 822 pro
1463 799 1464 808 ,

200 848 307 919 penso
323 827 505 928 diligenter
528 828 710 917 utriusque
736 826 886 916 pondere
910 826 1104 906 ministerii,
1131 825 1352 895 excellentium
1370 841 1414 916 ne·
1463 889 1464 896 ,

200 916 521 1006 ritorum'drgnitas
548 917 581 984 in
607 915 745 985 duobus
776 915 862 986 coeli
887 914 1103 985 senatoribus
1128 913 1281 984 videatur
1307 929 1411 998 aequari¹

201 1006 286 1074 Dicit
307 1006 472 1074 Dominus
492 1009 600 1074 Petro:
625 1007 697 1074 libi
710 1004 794 1074 dado
811 1008 921 1075 claves
938 1007 1045 1094 Requi
1057 1006 1225 1074 coelorum
1238 997 1413 1093 (lduttlrau)t
1463 1039 1464 1050 κ

200 1094 360 1180 lluuquid
381 1106 413 1163 et
436 1094 534 1164 beata
549 1094 654 1162 Maria
677 1093 810 1162 coelum
836 1114 903 1162 non
928 1092 1004 1165 luit.
1022 1093 1057 1161 in
1075 1092 1178 1179 cujus
1195 1106 1289 1162 utero
1305 1083 1417 1178 virginali
1463 1155 1464 1162 ,

200 1203 319 1252 novem
347 1183 524 1253 mensibus
544 1195 612 1252 tota
636 1182 826 1252 divinitatis
850 1181 1028 1272 plenitudo
1048 1182 1264 1271 permansit?
1285 1185 1326 1250 Ex
1344 1177 1418 1265 ipsius
1463 1223 1464 1230 ,

200 1271 329 1361 quippe
352 1273 455 1343 castis
472 1271 681 1358 mundisque
704 1271 905 1351 visceribus,
926 1272 981 1339 [tei
1005 1270 1165 1350 Verbum,
1186 1291 1247 1360 per
1267 1266 1347 1356 quod
1362 1265 1419 1332 lacu
1463 1295 1464 1336 t

200 1370 281 1432 sunt
303 1361 440 1443 omnia,
474 1360 696 1430 immaculata
732 1381 767 1431 se
791 1373 894 1429 carne
924 1359 1067 1428 vestivit.
1100 1363 1137 1428 ln
1162 1372 1308 1450 angusto
1329 1353 1419 1424 scilicet

200 1447 275 1518 alvo
298 1449 497 1530 conclusus,
525 1450 628 1518 totius
655 1448 749 1518 orbis
774 1449 856 1548 jura
881 1448 1018 1549 regebat
1041 1449 1248 1518 immensus.
1270 1453 1306 1516 ln
1331 1442 1421 1513 brevis·
1463 1479 1464 1488 ,

200 1537 298 1618 simo,
318 1539 473 1628 inquam,
494 1537 673 1630 virginalis
696 1549 785 1607 uteri
809 1537 985 1607 domicilio
1009 1537 1228 1616 constitutus,
1249 1548 1280 1606 et
1302 1532 1422 1628 coeligu·
1463 1577 1464 1582 κ

200 1625 365 1697 bernabat
389 1627 587 1716 imperium,
612 1640 643 1696 et
668 1639 881 1696 terrenorum
906 1627 1062 1696 omnium
1091 1647 1156 1695 non
1187 1625 1342 1695 amiserat
1360 1639 1421 1709 pm·

198 1715 364 1804 cipetum.
383 1721 453 1784 Non
479 1737 559 1806 ergo
575 1717 829 1806 praesumptive
853 1713 986 1786 coelum
1005 1714 1133 1784 dicitur
1149 1712 1348 1784 venerabilis
1361 1709 1422 1802 virgo

199 1804 319 1873 llaria‘?
343 1809 449 1892 Atque
473 1803 700 1892 ideobeatum
726 1803 890 1874 loannem
917 1804 1083 1874 Dominus
1105 1801 1354 1889 quodammodo
1369 1794 1421 1864 coel
1463 1859 1464 1862 ,

170 1901 173 1906 “
197 1891 457 1963 clavicularium
483 1914 557 1964 esse
582 1892 780 1975 constituit,
813 1915 894 1963 cum
926 1891 1044 1962 beatae
1068 1891 1252 1962 Genitricis
1282 1911 1355 1960 suae
1373 1903 1422 1955 eun
1463 1939 1464 1944 ,

197 1979 348 2050 decrevit
363 2003 438 2053 esse
454 1981 657 2052 custodem?
1448 2018 1449 2021 ¹

241 2073 259 2158 ξ
282 2075 349 2143 ss.
371 2070 513 2140 Proinde
528 2085 565 2140 ut
580 2072 679 2141 beato
697 2077 792 2141 Petro
806 2075 957 2140 loannes
979 2069 1217 2160 multipliciter
1234 2075 1419 2158 comparetur.

197 2158 493 2258 cum-discipulos
522 2181 602 2230 suos
634 2159 841 2248 Redemptor
865 2172 979 2229 noster
1005 2159 1206 2247 inquireret,
1226 2181 1296 2248 qua
1317 2158 1423 2244 circae
1463 2199 1464 2222 1

199 2247 354 2318 hommes
370 2249 532 2338 opinione
557 2249 777 2330 ducerentur,
798 2249 916 2335 illique
941 2249 1099 2336 protinus
1121 2237 1423 2337 respondissentalt
1463 2269 1464 2310 t

196 2340 362 2405 loannem
392 2337 600 2426 Baptistam‚
629 2337 688 2406 alii
713 2349 826 2408 autem
852 2336 973 2417 Ellam,
994 2336 1053 2406 alii
1078 2357 1156 2405 vero
1181 2337 1424 2411 serenicum
1463 2355 1464 2400 t

198 2446 307 2493 unum
332 2446 371 2494 es
396 2425 586 2515 Prophetis,
604 2427 712 2496 donec
736 2425 778 2495 ad
804 2431 940 2495 Petrum
962 2438 1099 2496 ventum
1117 2438 1178 2506 est,
1200 2426 1340 2494 nutabat
1353 2435 1425 2488 asset·
1463 2455 1464 2466 κ

198 2517 255 2594 tio,
280 2535 342 2582 nec
366 2514 602 2604 ambiguitatis
625 2515 802 2584 vinculum
836 2515 1044 2584 solvebatur.
1075 2518 1114 2582 ht
1144 2513 1205 2582 ubi
1236 2513 1319 2600 quid
1341 2509 1426 2578 habeat

196 2600 447 2691 discipulorum
467 2625 591 2673 seusus
606 2603 764 2694 exigitur,
785 2602 957 2693 praecedit
977 2602 1011 2672 in
1031 2603 1181 2672 veritatis
1202 2600 1425 2671 confessionem.
1463 2641 1464 2646 η

195 2691 255 2778 qui
282 2691 415 2780 primus
439 2703 510 2761 erat
534 2693 568 2760 in
590 2691 781 2780 apostolica
808 2691 985 2782 dignitate,
1009 2697 1128 2762 Petrus
1147 2690 1324 2760 videlicet:
1349 2691 1425 2756 lvo.

196 2780 369 2866 inquiens,
390 2782 540 2850 Christus
554 2783 648 2871 filius
666 2784 724 2850 Dei
737 2783 808 2848 cici
822 2780 954 2864 (Mallio.
972 2779 1053 2868 xvr).
1072 2785 1164 2849 Inter
1181 2780 1334 2849 nutantis
1347 2771 1427 2843 adhuc

195 2867 276 2968 fidei
296 2869 435 2938 sinuosa
454 2869 641 2950 volumina,
666 2871 754 2938 inter
780 2869 985 2958 procellosas
1009 2869 1279 2959 ambiguitatum
1297 2868 1430 2955 lluctuau·
1463 2943 1464 2946 Ἴ

196 2966 282 3025 trum
312 2969 541 3045 tempestates,
566 2959 714 3047 piscator
731 2956 790 3026 ille
814 2958 964 3027 veritatis
988 2958 1175 3028 anchoram
1202 2958 1289 3039 fixit,
1314 2967 1344 3024 et
1363 2969 1430 3019 uait·
1463 3015 1464 3018 ,

195 3045 308 3113 culam
336 3045 417 3114 srdei
442 3047 475 3115 in
503 3048 674 3117 tutissimo
699 3047 877 3135 tranquilli
903 3058 1022 3136 portus
1045 3047 1177 3137 gremio
1202 3041 1381 3116 collocavit.

241 3135 357 3220 §vl-
385 3135 448 3204 Sed
486 3136 664 3206 videamus
699 3147 815 3205 utrum
846 3140 997 3206 loannes
1020 3149 1054 3205 et
1077 3136 1158 3205 huic
1193 3136 1292 3225 operi
1314 3133 1428 3220 aliquam

195 3243 274 3322 curn
296 3227 393 3323 Petro
414 3223 675 3324 similitudinem
698 3223 832 3293 habeat.
853 3217 1157 3294 constantissimae
1185 3224 1305 3324 itaque
1330 3211 1430 3317 praedi·

195 3323 340 3381 catronrs
372 3325 539 3402 arguitur,
569 3314 687 3401 sicque
710 3335 730 3383 a
755 3313 947 3382 Domitiano
981 3325 1062 3382 tunc
1086 3317 1229 3383 Caesare
1253 3335 1287 3380 tn
1306 3307 1429 3380 exsilruu

195 3399 399 3470 destinatur.
422 3403 582 3472 Protinus
607 3402 768 3472 haeretici
793 3402 955 3480 Marcion,
986 3401 1166 3471 Corinthus
1189 3414 1224 3471 et
1249 3401 1360 3470 Ebion,
1380 3407 1430 3459 cae·
1463 3443 1464 3466 t

196 3490 327 3576 terique
340 3490 602 3580 quamplurimi,
614 3513 700 3578 quos
718 3493 791 3580 ipse
807 3491 1047 3560 convenienter
1061 3489 1289 3561 Antichristus
1304 3481 1429 3577 appellat.
1463 3549 1464 3556 ,

195 3599 318 3648 causas
345 3578 572 3648 Ecclesiastici
597 3582 711 3671 gregis
732 3581 944 3669 irrumpunt,
964 3579 1112 3662 etvelut
1136 3578 1212 3668 lupi
1228 3597 1344 3668 graves
1357 3583 1432 3655 supet
1463 3615 1464 3654 ,

195 3666 297 3735 ovilia
323 3669 469 3756 pastoris
493 3668 706 3738 adminiculo
732 3668 892 3737 destituta
914 3682 1127 3758 grassantur,
1147 3668 1319 3737 Christum
1335 3659 1431 3731 scilicet
1457 3722 1463 3747 ,ἵ

195 3768 274 3824 ante
297 3758 438 3826 Mariam
465 3781 532 3827 non
564 3757 671 3827 luisse
696 3757 989 3845 dogmatizantes,
1010 3769 1043 3826 et
1067 3757 1114 3826 ita
1138 3756 1331 3846 simplicem
1353 3755 1430 3818 Evan·
1462 3754 1463 3757 ’

194 3844 323 3936 gelicae
348 3845 427 3914 fidei
452 3848 649 3937 puritatem,
666 3846 831 3936 perfidiae
854 3868 936 3916 suae
956 3845 1175 3934 squaloribus
1190 3848 1430 3930 corrumpentes·

195 3933 424 4004 confunditur
449 3935 612 4015 mundus,
644 3935 803 4004 turbatur
837 3934 1000 4016 Ecclesia,
1031 3934 1166 4005 vacillat
1195 3933 1293 4010 fides,
1318 3945 1347 3998 ct
1368 3921 1430 4016 relut

194 4023 450 4092 inhorrescente
474 4036 674 4115 tempestate
699 4023 885 4114 perfidiae,
917 4024 1060 4115 plurimi
1085 4024 1342 4114 naulragantur.
1367 4002 1429 4106 curt

192 4111 321 4263 plural
349 4111 512 4194 Tandem,
534 4125 709 4203 perempto
735 4113 938 4184 Domitiano.
958 4113 1074 4182 divina
1103 4113 1191 4182 duce
1216 4111 1333 4201 gratia,
1358 4099 1430 4194 redut

198 4219 339 4298 oannes
364 4201 559 4290 Ephesum,
587 4201 829 4288 turbatamque
854 4204 960 4292 gemit
987 4201 1185 4271 Ecclesiam.
1206 4201 1269 4270 Sed
1296 4180 1429 4282 quiequid

195 4302 324 4376 rnvenrt
345 4291 470 4359 erroris
491 4289 627 4359 turbine
647 4303 748 4377 atque
769 4303 967 4379 tempestate
985 4292 1171 4370 turbatum,
1191 4287 1332 4362 solidius
1354 4291 1430 4360 atqtt’

196 4371 372 4443 robustius
401 4379 441 4446 ad
471 4380 634 4468 pristinae
661 4379 741 4448 fidei
762 4393 895 4450 revocat
922 4393 1185 4450 sacramentum.
1215 4384 1294 4448 llam
1319 4379 1429 4459 rogatu
