2932 4812
250 268 313 332 596
524 285 562 330 nir
587 286 613 332 s.
642 283 817 332 srirssriio
841 283 922 330 riri
946 283 983 330 ur
1006 279 1154 330 conisss.
1294 257 1361 322 itt.
1380 255 1405 319 ti

205 369 407 458 discipulos,
437 369 496 456 qui
520 369 550 438 ei
580 380 804 459 suggererent
829 381 1025 456 quaesunt
1051 365 1215 436 salutaria.
1235 367 1409 432 docturum

205 457 388 527 dormienti
414 457 615 547 Imperatori
641 458 703 526 visi
722 471 802 528 sunt
817 457 848 525 ei
868 457 1004 526 adstare
1028 454 1099 526 duo
1115 455 1184 524 viri.
1203 451 1305 542 Rogati
1319 461 1408 515 autin.

205 548 348 634 quinam
374 559 499 626 essent,
519 545 773 634 responderunt
792 567 827 615 se
842 567 916 616 esse
937 550 1073 614 Petrum
1092 556 1125 613 et
1138 542 1266 613 Paulum
1282 535 1411 628 Apostolos

204 635 284 706 lesu
309 635 444 705 Christi:
473 637 597 706 missos
614 647 728 704 autem
753 655 827 704 esse
842 635 885 704 ab
901 633 972 714 illo,
992 647 1029 703 ut
1052 634 1084 701 ei
1109 633 1193 702 iiain
1217 627 1322 700 salutis
1334 637 1408 692 osten-

206 723 335 804 demut,
353 725 576 813 corporisque
598 734 631 791 et
647 723 783 793 animae
804 722 925 794 salutis
949 721 1208 809 consequendae
1228 709 1409 788 ritiooendi·

205 824 331 894 cerem,
351 825 382 882 et
407 813 508 882 vitain
534 812 654 881 dorent
678 833 766 898 quae
791 833 857 881 non
886 823 993 900 potest
1013 810 1167 890 dissolvi,
1188 797 1408 898 proptereaquoil

206 902 280 992 ipse
303 902 406 970 vitam
432 923 520 987 quae
543 913 594 970 est
615 899 657 969 ad
677 913 823 991 tempus,
842 900 975 969 dederit
999 899 1201 969 inlantibus.
1219 898 1247 966 Si
1272 893 1414 974 harengi

206 991 258 1061 iiis
271 990 447 1076 consequi,
468 1011 603 1058 accerse
632 991 838 1079 Episcopum
861 988 1085 1077 Spliestrum,
1108 989 1169 1075 qui
1193 988 1224 1055 in
1248 993 1344 1052 monte
1366 997 1415 1071 pitj

207 1091 281 1169 pter
305 1079 353 1148 tui
377 1090 503 1147 metum
530 1077 717 1148 delitescit:
745 1091 777 1147 et
802 1079 830 1146 si
851 1078 947 1148 illius
973 1077 1112 1146 monitis
1140 1074 1292 1165 parueris,
1313 1069 1359 1138 illc
1380 1064 1415 1132 tili

171 1214 176 1225 ,
207 1166 362 1236 ostendet
387 1167 568 1258 piscinam,
590 1188 678 1252 quae
703 1179 734 1234 ct
757 1167 873 1236 caruis
898 1167 1061 1257 purgabit
1080 1167 1172 1239 vitia.
1193 1177 1224 1233 et
1246 1161 1361 1230 animae
1375 1173 1417 1222 soi·

207 1254 267 1325 des
286 1254 388 1324 eluet.
409 1261 497 1324 Haec
522 1277 600 1324 cuni
627 1255 657 1324 ei
678 1254 853 1334 dixissent,
877 1269 1091 1325 recesserunt
1119 1255 1163 1323 ab
1187 1250 1287 1323 oculis
1310 1253 1418 1334 imperi·

209 1346 302 1424 toris,
324 1356 356 1412 et
381 1344 484 1413 simul
509 1344 610 1413 etiam
628 1365 707 1413 cum
734 1344 867 1412 dimisit
892 1365 1047 1414 somnus.
1066 1347 1111 1410 lio
1135 1355 1246 1412 autem
1270 1338 1305 1407 ile
1326 1350 1420 1422 sonitu

207 1455 286 1502 cum
312 1433 428 1502 animo
448 1433 628 1523 cogitante,
651 1445 683 1502 et
708 1433 817 1500 visum
843 1432 1047 1512 admirante,
1067 1431 1211 1503 accessit
1231 1427 1419 1504 metiamini

208 1521 250 1590 de
274 1543 368 1591 more
387 1523 417 1590 ei
444 1521 679 1591 medicabatur
703 1521 831 1591 ulcera.
853 1521 915 1590 Ille
938 1533 1053 1592 autem
1078 1541 1158 1590 eum
1187 1518 1316 1596 dimisit,
1342 1512 1420 1580 dirri÷

209 1631 245 1680 se
270 1630 336 1710 non
363 1609 515 1698 amplius
539 1631 636 1699 egere
661 1609 789 1679 auxilio
814 1609 1010 1682 artificioso.
1041 1609 1210 1679 Divinitus
1231 1607 1313 1677 euim
1340 1598 1371 1670 ad
1390 1617 1420 1663 it*

185 1709 300 1766 'venit
324 1697 489 1767 auxilium
508 1699 541 1767 in
559 1699 702 1778 somnis,
720 1711 752 1766 et
773 1721 827 1768 me
851 1698 1008 1770 divinum
1037 1699 1212 1768 somnium
1242 1693 1345 1764 adivit.
1366 1691 1421 1778 llio·

208 1809 287 1857 cuin
312 1787 464 1867 dixisset,
500 1787 601 1857 inittit
623 1787 909 1876 quamprimum,
942 1788 1002 1876 qui
1034 1787 1172 1857 beatum
1202 1785 1381 1875 Syliestrun
1399 1793 1419 1836 ii·

210 1888 561 1976 montenquaeiercnt,
590 1887 725 1945 etcum
751 1875 792 1944 ad
826 1878 940 1966 ipsum
967 1875 1180 1946 adducerent
1202 1895 1279 1945 curn
1301 1865 1375 1942 omni
1394 1885 1421 1928 n-

210 1977 372 2034 verentia.

252 2057 270 2140 §
296 2057 368 2124 12.
396 2058 578 2139 Postquam
603 2065 717 2122 autem
744 2053 904 2122 inventus
927 2064 1016 2123 esset
1040 2053 1083 2123 ab
1108 2053 1174 2133 iis,
1201 2053 1260 2140 qui
1282 2041 1422 2120 missili·

197 2155 298 2240 ¹rant,
318 2155 350 2210 et
368 2143 440 2230 jam
466 2153 554 2210 essct
578 2141 760 2221 adductus,
778 2161 856 2210 eum
879 2154 912 2211 et
928 2140 1086 2212 lubenter
1111 2141 1206 2222 vidit,
1225 2154 1257 2210 et
1279 2139 1307 2210 ei
1328 2137 1374 2204 iiii
1390 2134 1423 2196 il

209 2231 311 2309 viani,
338 2242 371 2299 et
393 2251 472 2299 eum
496 2241 547 2298 est
570 2229 783 2319 complexus.
816 2230 966 2299 Deinde:
998 2255 1016 2298 <i
1045 2230 1171 2319 idjam
1197 2243 1238 2309 te,
1268 2229 1299 2298 in
1323 2228 1372 2296 uit.
1393 2234 1424 2305 tt·

208 2317 430 2398 Crucifixum,
448 2340 550 2408 quein
577 2330 613 2388 tii
637 2318 733 2398 colis,
754 2330 791 2388 ut
814 2319 910 2388 dicas
937 2320 1034 2400 milii,
1052 2341 1094 2389 an
1112 2319 1222 2408 aliqui
1240 2250 1323 2408 apul
1345 2303 1424 2400 usli

209 2407 378 2490 colantur,
401 2408 540 2476 nomine
564 2413 683 2478 Petrus
697 2420 729 2477 et
750 2407 887 2477 Paulus.
910 2407 1007 2477 >illle
1024 2421 1136 2478 autem
1155 2420 1274 2478 contre
1289 2395 1416 2494 respondi?

210 2520 228 2563 <i
256 2501 350 2566 Unus
373 2520 394 2565 a
420 2497 518 2568 nobis
540 2501 626 2565 Deus
650 2497 882 2586 cognoscitur,
904 2519 923 2566 ο
948 2501 1149 2582 Imperator,
1170 2499 1230 2584 qui
1254 2493 1363 2566 creavit
1378 2501 1426 2553 ct*-

209 2585 281 2685 luin
307 2596 339 2654 et
360 2598 497 2664 terrain,
515 2593 548 2653 et
571 2587 689 2653 omnia
706 2607 794 2672 quoe
818 2598 900 2655 sunt
924 2586 959 2654 in
984 2587 1045 2655 eis.
1065 2591 1158 2669 Quos
1181 2597 1295 2655 autem
1319 2585 1375 2671 ipse
1391 2591 1427 2638 lt·

211 2675 362 2754 minasti,
384 2695 450 2743 nori
467 2673 529 2753 dii,
548 2671 605 2744 sed
634 2674 688 2742 liei
711 2686 793 2743 sunt
814 2675 975 2755 ministri,
992 2676 1052 2762 qui
1071 2675 1202 2764 ubique
1216 2673 1333 2743 Cliristi
1347 2680 1420 2738 nont*

205 2764 480 2863 annunciarent,
500 2775 531 2832 et
557 2773 727 2851 postremo
748 2783 810 2852 pro
835 2762 893 2832 illo
915 2776 996 2832 suot
1016 2763 1156 2845 mortui,
1185 2776 1223 2834 ut
1249 2783 1331 2850 quos
1352 2751 1429 2826 auli-¹5

210 2852 420 2920 interemerit
434 2856 519 2920 Nero
534 2863 670 2940 propter
687 2851 870 2922 salutarem
890 2851 1193 2941 praedicationem.
1210 2875 1227 2918 i
1241 2843 1429 2940 Propertio

210 2938 338 3008 laetitid
358 2940 499 3010 allectus
515 2944 723 3028 Imperator:
744 2961 761 3006 «
785 2945 877 3029 trogo
898 2953 941 3021 te,
961 2941 1083 3028 inquit,
1105 2941 1273 3033 Episcope
1297 2937 1428 3009 Srliestrr.

209 3027 332 3128 horum
355 3027 477 3098 christi
502 3027 754 3119 discipulorum
780 3028 921 3099 ostende
946 3029 1029 3098 mibi
1058 3029 1201 3120 elligies,
1224 3030 1253 3099 si
1280 3011 1393 3098 habeas.
1410 3028 1431 3076 ai

210 3137 317 3185 sciam
346 3139 389 3185 an
415 3117 439 3184 ii
464 3135 580 3218 revera
605 3117 673 3189 sint
697 3117 759 3198 illi,
779 3119 839 3204 qui
865 3129 967 3188 noctu
1001 3119 1088 3188 milii
1111 3129 1352 3208 apparuerunt.
1372 3103 1424 3176 ill

208 3219 323 3275 autem
350 3207 586 3294 statimiussit
611 3207 769 3286 Diacono,
788 3218 826 3275 ut
850 3227 1067 3277 summorum
1089 3207 1324 3298 Apostolorum
1343 3201 1430 3272 altena

210 3294 391 3386 imagines,
409 3306 441 3364 et
456 3315 513 3362 cas
529 3295 721 3363 ostenderet
740 3297 955 3383 Imperatori.
978 3299 1061 3365 Cum
1085 3296 1119 3364 iii
1144 3317 1202 3366 eas
1222 3309 1331 3366 autem
1354 3287 1431 3358 albii<

209 3384 328 3454 oculos
345 3383 518 3484 injecisset
541 3388 742 3484 imperator,
760 3383 823 3453 hos
846 3405 920 3454 esse
944 3384 1159 3467 exclamarit,
1175 3397 1207 3455 et
1222 3407 1290 3455 non
1306 3382 1386 3452 alios.
1398 3389 1430 3456 ql*

211 3472 253 3541 ad
279 3495 357 3572 euin
384 3492 568 3542 insomnis
593 3485 836 3558 accesserunt;
862 3485 895 3542 et
920 3474 1032 3543 visum
1059 3478 1210 3544 narravit
1239 3469 1385 3544 Pontifici.
1403 3483 1432 3528 rt·

212 3573 303 3718 gaiit
327 3573 365 3631 ut
388 3562 417 3630 ei
442 3560 634 3632 ostenderet
659 3561 841 3652 piscinam,
860 3583 977 3652 quain,
995 3563 1056 3650 qui
1076 3564 1108 3632 ei
1124 3563 1295 3644 visisunt,
1311 3545 1432 3645 sunipil-

228 3650 297 3719 itici
321 3671 396 3720 esse
422 3660 647 3750 purgaturem
671 3663 704 3720 et
728 3650 879 3721 animam
901 3663 933 3721 et
956 3652 1095 3741 corpus.
1117 3657 1263 3743 Magnus
1285 3661 1381 3722 auten
1399 3637 1432 3706 ll¹

211 3751 327 3840 pater:
352 3763 373 3839 ii·
395 3744 466 3840 lion
492 3738 590 3808 aliter
614 3740 687 3820 tibi,
711 3740 873 3829 inquit,o
901 3745 1102 3830 Imperator,
1123 3740 1239 3812 licebit
1263 3740 1317 3808 illa
1336 3733 1386 3805 liui
1403 3747 1432 3812 n·

210 3849 319 3907 sciria,
340 3849 404 3897 nisi
430 3849 522 3909 euni,
544 3827 605 3914 qui
623 3829 683 3898 tibi
701 3830 745 3899 ab
770 3829 824 3908 iis,
843 3829 903 3917 qui
922 3830 1095 3910 visisunt,
1115 3841 1166 3899 est
1183 3829 1388 3920 praedicatus.
1401 3833 1432 3908 “F''

212 3939 290 3987 rum
307 3937 382 3986 esse
407 3920 511 3986 Deum
537 3939 577 3985 ex
601 3917 716 3987 animo
736 3916 935 3987 credideris.
957 3941 974 3984 ii
994 3917 1055 3988 ille
1070 3931 1200 3989 cutem:
1220 3941 1237 3986 ι
1257 3917 1333 3994 Nisi,
1349 3913 1430 3994 inqtl·

212 4025 331 4105 verum
356 4009 460 4074 Deum
486 4004 709 4076 credidissem
734 4028 808 4076 esse
837 4005 1034 4089 Christum,
1063 4029 1279 4096 nequaquam
1304 4018 1379 4074 tuiiii
1397 4009 1432 4058 it·

213 4115 429 4194 cersiiiisseui
446 4094 672 4162 sanctitatem.
692 4095 764 4164 »ui
780 4107 897 4166 autern
920 4094 1004 4165 dicit
1029 4101 1228 4166 Sanctum«
1251 4095 1432 4185 Oportctcrl'l

214 4191 244 4244 te
268 4203 365 4267 prius
383 4183 553 4281 jejunare,
573 4203 592 4250 o
617 4188 817 4272 Imperator,
837 4196 870 4254 et
890 4189 996 4255 Deum
1022 4185 1158 4275 placore
1183 4184 1345 4274 lucrymis,
1360 4187 1430 4260 qnar-

211 4283 360 4351 cuinque
384 4282 532 4368 peccasti
557 4271 788 4342 conlitentem.
811 4279 945 4364 Depone
967 4297 1048 4364 ergo
1065 4296 1255 4364 purpuram
1271 4283 1301 4342 et
1315 4264 1429 4353 dindoni

213 4362 340 4436 septem
358 4355 492 4440 diebus
514 4370 547 4428 et
571 4369 649 4429 tuoe
674 4362 788 4452 regiae
809 4363 982 4452 penetrale.
997 4365 1187 4455 ingressus,
1206 4355 1429 4443 etiusisjniis
