3046 4838
238 237 280 302 26
601 253 640 300 nn
664 253 691 299 s.
714 251 818 298 amoro
841 251 890 298 nr.
917 250 1049 297 novron.
1323 231 1414 296 DEC.
1443 233 1452 294 t

194 338 361 408 adversus
377 359 455 406 eum
473 337 630 405 omnium
647 337 892 426 Episcoporum
916 335 1082 405 sententia
1098 333 1240 424 prolata,
1258 344 1290 402 et
1306 355 1367 424 per
1389 334 1461 403 sin-

194 426 294 518 gulas
317 427 470 496 civitates
494 445 599 514 snper
621 425 696 514 ejus
721 425 859 495 nomine
883 423 1029 493 decretis
1052 423 1268 500 constitutis,
1294 443 1374 492 curn
1400 445 1458 502 ea,

193 537 262 603 qua
287 525 473 606 parerat,
505 513 697 604 ignominia
724 525 757 582 et
787 512 952 584 dedecore
981 534 1001 582 e
1030 512 1160 582 finibus
1192 511 1319 582 Galliae
1349 510 1462 580 elimi-

194 616 381 674 natusest.
1502 615 1503 618 ’

237 695 256 780 ξ
282 696 363 762 19.
390 690 453 761 Sed
478 703 510 760 et
533 690 641 760 alium
667 689 897 761 nihilominus
921 701 1110 780 apostatam
1136 709 1215 759 cum
1240 688 1462 778 comperisset
1502 714 1503 744 t

193 781 325 872 Eligins
348 793 495 850 evertere
516 779 648 869 plebem
667 779 818 860 Parisiis,
838 777 946 848 multa
968 777 1126 847 allectum
1144 777 1335 868 ignominie
1356 790 1461 846 exter·
1502 781 1503 806 ³

194 869 337 940 minavit
361 871 404 938 ab
428 868 525 937 urbe.
552 873 706 955 Itemque
729 867 861 949 aliurn,
889 868 950 956 qni
974 867 1180 957 Episcopum
1206 887 1241 936 se
1266 865 1457 944 simulans,
1502 863 1503 936 3

193 959 363 1029 circuibat
379 956 477 1027 villas
497 969 529 1026 et
547 957 687 1046 plateas,
710 956 913 1046 decipiendo
933 956 1112 1045 populum,
1132 953 1194 1023 diu
1212 955 1342 1023 carceri
1365 975 1461 1022 man·
1502 967 1503 1024 ὲ

193 1048 368 1148 cipetum,
401 1046 500 1133 ejecit
525 1044 692 1115 afinibns
717 1045 813 1136 regni
835 1049 1055 1114 Francorum.
1078 1049 1142 1114 llec
1163 1064 1230 1112 non
1252 1043 1337 1112 alios
1361 1054 1462 1129 atque

193 1135 291 1218 ahos,
310 1133 454 1204 diversis
470 1133 603 1204 artibus
623 1134 791 1225 populum
816 1135 1072 1213 subvertentes,
1099 1131 1222 1232 grandi
1251 1144 1302 1201 est
1325 1152 1461 1220 semper
1502 1147 1503 1212 3

193 1224 395 1296 auctoritate
419 1235 631 1312 persecutus
651 1222 755 1292 Valde
770 1223 861 1292 enirn
882 1223 1000 1292 oderat
1018 1243 1135 1292 omnia
1156 1220 1407 1290 haereticorum
1432 1231 1463 1288 et
1502 1227 1503 1296 ᾖ

194 1313 507 1392 schismaticorum,
523 1326 727 1382 cunctorum
743 1310 945 1381 catholicam
960 1311 1150 1380 doctrinam
1164 1330 1231 1378 non
1245 1309 1461 1378 allerentium

193 1401 384 1494 figmenta,
411 1400 557 1490 jugique
581 1400 744 1471 instantia
768 1421 886 1468 eorum
915 1399 1147 1469 insectabatur
1171 1399 1359 1468 vesaniam.
1387 1402 1463 1466 Erat
1502 1423 1503 1434 ¹

193 1491 285 1560 enirn
306 1489 500 1576 eloquentia
520 1489 817 1569 affluentissimus,
839 1499 872 1558 et
888 1487 923 1556 in
942 1488 1055 1557 studio
1076 1487 1330 1576 scripturarum
1354 1485 1462 1556 subti-

193 1579 349 1650 lissimus
366 1601 374 1660 ;
393 1599 543 1664 cumque
560 1578 632 1667 ipse
648 1577 858 1646 sufficienter
872 1589 960 1648 esset
978 1577 1179 1656 instructus,
1199 1575 1367 1664 populum
1381 1595 1462 1662 quo·
1502 1617 1503 1622 .

193 1688 344 1754 cumque
376 1678 554 1757 pergeret.
587 1666 801 1756 Evangelicis
829 1664 1125 1735 cohortationibus
1154 1664 1297 1734 docebat
1328 1663 1364 1733 in
1397 1661 1461 1730 fide
1502 1727 1503 1768 1

195 1757 318 1826 Christi
336 1753 612 1824 constantissime
633 1755 825 1845 persistere,
844 1767 946 1842 atque
963 1755 1006 1824 ab
1022 1754 1271 1823 haereticorum
1296 1751 1461 1841 contagiis
1502 1773 1503 1790 ¹

194 1845 310 1916 solerti
329 1865 412 1913 cura
429 1844 495 1913 sibi
516 1864 644 1913 cavere.

238 1937 256 2022 ἓ
281 1937 367 2004 8⁰.
387 1931 449 2002 Sed
466 1933 554 2001 inter
572 1945 715 2012 caetera,
733 1953 869 2021 semper
885 1930 1127 2012 foeminarum,
1154 1928 1336 1998 viduarum
1355 1941 1388 1998 et
1405 1947 1461 2016 pn·
1502 1965 1503 2002 ;

195 2022 359 2122 pillornm
378 2019 572 2090 consolator
588 2019 674 2101 luit,
698 2019 907 2106 viduamque
932 2019 1026 2088 illam
1052 2024 1274 2108 sareptanam
1296 2018 1459 2093 imitans,

195 2132 268 2200 rpse
294 2109 496 2198 plerumque
520 2110 687 2190 esuriens,
714 2107 893 2178 facultates
917 2109 951 2177 in
980 2107 1104 2177 Christi
1132 2109 1261 2178 viscera
1287 2105 1459 2196 erogabat.
1502 2121 1503 2188 t

196 2201 229 2269 Si
253 2199 432 2268 infirmum
458 2197 619 2278 vidisset,
648 2197 834 2266 clementer
856 2196 1120 2277 consolahetnr;
1147 2197 1177 2265 si
1204 2195 1403 2284 qnempiam
1427 2193 1460 2260 in
1502 2209 1503 2246 1

195 2288 253 2357 Dei
269 2309 386 2357 amore
401 2285 598 2365 ferventem,
619 2285 862 2356 cohortabatur
881 2285 921 2354 ad
942 2285 1108 2355 studium.
1132 2285 1167 2354 si
1190 2285 1270 2372 quis
1293 2304 1397 2372 aeger
1419 2279 1457 2348 ad
1502 2309 1503 2352 t

194 2397 272 2446 eum
291 2375 502 2454 accessisset,
531 2375 577 2444 ita
591 2375 665 2462 ejus
681 2373 858 2444 fovebatur
878 2373 1080 2454 ministerio,
1103 2385 1141 2444 nt
1162 2395 1223 2442 nec
1249 2372 1392 2442 delicias
1409 2391 1460 2438 nr·

193 2465 309 2545 bium,
333 2485 394 2532 nec
422 2462 542 2533 metris
568 2462 777 2534 desideraret
797 2463 969 2532 ellectum.
997 2462 1148 2549 Denique
1168 2463 1201 2530 in
1220 2474 1354 2530 tantum
1381 2478 1456 2547 erga

194 2551 324 2622 debiles
343 2574 383 2621 er
398 2551 574 2620 devotione
590 2550 816 2639 obsequiosus
840 2565 872 2620 et
892 2550 1065 2621 officiosus
1089 2551 1165 2629 fuit,
1185 2561 1224 2619 ut
1249 2548 1349 2619 multi
1379 2569 1461 2637 pau·
1502 2563 1503 2626 t

194 2661 292 2731 peres
311 2641 386 2709 sani
403 2639 650 2730 languentibus
673 2640 877 2710 inviderent.
904 2645 1010 2727 Atque
1033 2640 1080 2709 ita
1103 2640 1146 2708 ob
1167 2637 1290 2708 Christi
1309 2655 1460 2707 amorem
1502 2641 1503 2726 l

194 2751 312 2800 eorum
344 2727 483 2798 assidue
507 2727 645 2817 gerebat
673 2750 817 2809 curam,
845 2742 884 2799 ut
907 2749 1076 2819 pauperes
1103 2747 1223 2796 ornnes
1250 2748 1330 2796 eum
1383 2724 1461 2794 atris
1502 2727 1503 2798 l

194 2817 268 2886 loco
297 2837 332 2886 se
358 2816 482 2886 hebere
501 2815 719 2886 laetarentur.
739 2817 873 2887 Sciebat
889 2818 994 2898 enim,
1018 2815 1100 2904 quid
1119 2821 1242 2886 Lazaro
1258 2749 1462 2902 quandoque

193 2905 288 2976 dives
304 2919 515 2995 purpuratus
530 2927 596 2975 non
600 2905 827 3062 Joraestiterit,
840 2919 872 2974 et
886 2929 954 2992 qna
971 2905 1195 2975 retributione
1205 2905 1354 2993 superba
1370 2902 1461 2972 illius
1502 2917 1503 2984 t

195 3015 293 3064 mens
315 2994 477 3063 damnata
502 2994 555 3062 sit.
583 2999 597 3062 l
625 2995 715 3063 circo
742 2995 851 3085 magis
876 3017 915 3063 ac
937 2996 1046 3084 magis
1075 3015 1157 3084 erga
1184 3015 1305 3062 ornnes
1334 2989 1462 3062 miseri·

194 3083 333 3154 cordem
365 3105 400 3152 se
428 3082 603 3162 exhibens,
634 3082 782 3172 benigne
811 3083 946 3152 miseris
975 3083 1098 3175 'ugiter
1125 3083 1358 3153 succurrebat.
1392 3084 1461 3162 Quo
1502 3086 1503 3156 t

194 3171 286 3272 enirn
305 3170 440 3240 dolente
461 3171 563 3241 etiam
587 3172 660 3262 ipse
680 3193 747 3241 non
770 3170 906 3240 doluit?
929 3104 985 3240 Vei
1003 3193 1072 3259 quo
1093 3183 1256 3261 pereunte
1280 3193 1346 3239 non
1367 3170 1460 3257 inge·

196 3263 308 3330 mnvtl
332 3264 438 3342 Quem
471 3259 604 3329 nudum
633 3261 708 3351 ejus
733 3261 933 3332 vestimenta
959 3281 1027 3330 non
1057 3259 1237 3330 texerunt?
1261 3257 1354 3337 Quod
1385 3274 1459 3325 vero
1502 3265 1503 3334 ξ

194 3349 397 3421 coenobium
424 3369 491 3418 non
516 3348 593 3436 ejus
618 3348 774 3439 largitate
798 3360 1026 3418 sustentatum
1054 3351 1132 3417 esti
1155 3348 1307 3436 Denique
1323 3368 1385 3436 pro
1404 3362 1460 3434 spe

194 3451 352 3510 aeternae
376 3438 463 3507 vitae
494 3457 582 3524 quas
612 3437 670 3508 ille
695 3460 761 3506 non
792 3437 931 3528 pertulit
962 3436 1162 3528 angustias,
1197 3449 1281 3525 puta
1311 3435 1458 3510 samem,

196 3527 302 3607 sitim,
331 3526 495 3616 vigilias?
519 3531 621 3596 Porro
640 3527 675 3594 in
697 3526 756 3595 tali
777 3549 838 3615 pro
864 3527 950 3596 osito
972 3527 1218 3616 perseverans,
1248 3525 1405 3613 praebuit
1427 3539 1460 3590 se
1502 3537 1503 3576 t

194 3615 230 3686 in
262 3614 418 3686 futurum
443 3637 502 3684 vas
531 3613 706 3684 electionis
730 3625 762 3684 et
786 3549 869 3684 utile
899 3619 990 3695 beo,
1018 3615 1060 3688 ad
1090 3634 1193 3684 omne
1215 3634 1304 3704 opus
1333 3613 1459 3683 bonnm
1502 3611 1503 3632 ³

198 3717 368 3794 paratum.
1502 3741 1503 3756 .

239 3793 258 3878 ἕ
281 3796 353 3864 81.
382 3797 464 3862 Cum
491 3791 540 3862 sic
557 3803 671 3862 autem
689 3803 796 3862 totum
815 3813 851 3862 se
869 3791 926 3860 Dei
951 3791 1088 3862 servitio
1109 3791 1350 3881 mancipasset,
1374 3790 1459 3860 bona
1502 3803 1503 3874 t

197 3880 394 3968 principum
416 3880 516 3969 jussa
539 3880 711 3970 praeclare
734 3880 988 3968 exequebatur:
1013 3881 1187 3950 contraria
1212 3901 1290 3948 vero
1316 3874 1460 3968 praeela·
1502 3877 1503 3891 ¹

198 3968 271 4038 rius
294 3969 544 4039 contemnebat.
578 3970 752 4056 llultaqne
785 3969 940 4039 libertate
966 3970 1133 4060 arguebat
1160 3990 1243 4048 eos,
1276 3966 1460 4051 iisdemque

195 4056 374 4126 humiliter
401 4057 605 4127 obediebat:
640 4058 817 4145 subjectns
847 4057 1024 4158 Regibus,
1060 4058 1194 4128 Christo
1225 4055 1377 4126 devotus.
1409 4050 1460 4121 Sic
1502 4141 1503 4146 ἵ

196 4157 310 4214 autem
330 4167 403 4215 sese
426 4145 616 4226 exercebat,
633 4169 672 4216 ac
688 4147 715 4216 si
734 4167 870 4236 semper
883 4147 1079 4230 reciperet:
1108 4145 1153 4215 ita
1173 4165 1209 4215 se
1227 4143 1456 4235 praeparabat
1502 4181 1503 4200 1

199 4247 372 4319 tamquam
399 4234 550 4320 qnotidie
573 4236 771 4304 moriturus.
794 4241 911 4322 ltaque
928 4246 1176 4324 repugnantem
1196 4254 1333 4318 carnem
1352 4225 1458 4300 inedia
1502 4319 1503 4322 Ἴ

197 4321 417 4412 subjugabat,
437 4333 469 4392 et
487 4321 620 4394 ultricis
637 4322 814 4414 gehennae
837 4343 939 4394 saeva
954 4334 1122 4394 tormenta
1138 4323 1371 4414 praeveniens,
1390 4319 1458 4408 ipse
