2994 4832
49 223 142 302 lilii
442 257 486 302 nu
512 255 540 303 s.
566 255 645 304 siaa
668 255 741 302 aar.
769 255 806 301 rr
830 253 922 304 conr.
1217 240 1271 304 iiii

47 343 105 430 ipse
121 333 218 405 nihilo
253 340 391 430 magis
419 339 550 410 annuit
581 338 748 420 orationi,
774 359 886 426 neque
915 337 1023 408 edidit
1055 359 1172 428 preces
1204 361 1323 410 conve-

55 435 152 494 utentes
180 425 262 516 eius
294 427 514 508 desiderio,
542 428 677 497 tandem
706 428 791 497 abiit
815 428 1018 518 imperatrix
1055 449 1181 518 magna
1205 429 1325 500 allecta

62 513 173 594 tristitia,
201 515 301 602 quod
331 515 371 585 id
401 516 497 603 quod
520 515 662 597 volebat,
690 538 758 585 nou
783 529 871 585 esset
900 528 1068 586 assecuta.
1096 516 1223 587 Deinde
1242 541 1322 588 cum

63 603 142 690 quiin
157 626 278 692 preces
298 604 531 685 incidissent,
552 619 585 674 et
602 604 749 674 niarirne
766 606 978 692 quicumque
997 601 1107 674 solent
1126 605 1324 706 principum

65 693 222 784 gratilioari
241 693 450 783 cupiditati,
477 694 611 763 etiamsi
633 694 702 762 sint
727 692 867 762 inutiles
889 706 922 763 et
947 694 1033 762 nihil
1051 694 1137 782 justi
1162 693 1321 774 habeant,

64 803 125 851 eum
140 783 428 863 criminarentur,
450 782 543 870 quod
570 803 686 870 preces
715 793 918 864 recusasset,
938 794 971 852 et
989 782 1142 850 dicerent
1160 781 1206 864 id,
1233 783 1324 870 quod

58 872 300 959 imperatricem
327 872 456 959 majori
485 870 639 940 molestia
657 869 816 950 alliceret,
839 869 898 940 ille
917 891 1017 961 aegre
1036 869 1161 952 serens,
1184 893 1325 942 causam

55 972 159 1047 aperte
185 960 355 1048 protulit:
383 960 555 1041 «Sinite,
587 959 730 1041 dicens,
763 980 784 1028 o
811 957 913 1028 beati.
939 964 1009 1029 Non
1034 959 1127 1028 enim
1153 959 1241 1030 sinet
1261 961 1325 1030 ali·

52 1069 144 1134 quem
171 1047 329 1119 fructum
354 1071 394 1120 ex
419 1048 545 1129 caedi,
565 1070 606 1117 ne
626 1048 699 1137 ipse
723 1068 860 1134 quoque
884 1061 997 1136 gustet
1021 1048 1133 1118 Severi
1150 1047 1322 1139 dogmata,

48 1149 79 1292 pt
98 1137 301 1294 dleterioreS,
324 1159 431 1226 quam
461 1139 558 1228 prius
576 1137 620 1206 ab
639 1137 827 1219 Anastasio,
853 1137 1023 1207 tumultus
1043 1137 1101 1206 uei
1120 1139 1327 1210 conturbent

71 1248 289 1296 crescam.»

86 1315 211 1399 ἕω.
228 1319 420 1403 Imperator
436 1325 550 1384 autem
563 1314 784 1384 iustinianus
799 1314 835 1382 in
854 1324 1011 1384 sanctum
1031 1324 1160 1384 tantam
1178 1313 1327 1389 ostendit

40 1403 211 1490 pietatem
237 1415 270 1472 et
285 1403 521 1484 reverentiam,
539 1415 577 1472 ut
601 1423 680 1472 cum
700 1424 779 1471 eum
800 1402 1026 1482 convenisset,
1047 1424 1114 1471 non
1134 1402 1246 1472 solum
1273 1425 1322 1474 rc—

36 1491 185 1561 miserit
198 1492 299 1573 iram,
318 1513 421 1578 quam
435 1491 509 1580 jam
527 1491 608 1560 olim
626 1503 830 1580 conceperat
844 1489 1010 1560 adversus
1028 1490 1237 1562 Christianos
1266 1494 1324 1579 qui

33 1593 144 1650 erant
164 1581 206 1648 in
220 1579 423 1661 Palaestina,
446 1580 622 1650 sedetiam
641 1579 873 1648 Samaritanus
899 1578 998 1667 plene
1013 1578 1180 1668 expulerit
1204 1602 1222 1648 e
1245 1581 1328 1650 civi-

35 1679 125 1748 tate,
152 1681 331 1738 eteorum
361 1689 556 1760 synagogas
579 1668 742 1756 deinceps
759 1667 996 1757 prohibuerit:
1023 1679 1055 1736 ct
1078 1667 1121 1736 de
1145 1667 1215 1738 illis
1238 1669 1327 1740 lianc

37 1753 161 1846 legem
184 1756 310 1837 tulerit,
332 1779 373 1828 ne
390 1770 504 1828 essent
522 1757 607 1827 alter
623 1757 764 1826 alterius
785 1754 968 1836 haeredes,
991 1777 1033 1824 ne
1053 1777 1114 1845 per
1137 1759 1327 1827 successio·

38 1865 127 1912 nem
148 1867 236 1936 opes
258 1869 374 1916 eorum
401 1857 592 1916 crescerent
615 1857 647 1914 et
664 1845 970 1934 amplificarentur.
993 1845 1083 1927 Quin
1104 1843 1204 1914 etiam
1223 1859 1262 1916 ut
1278 1846 1330 1916 iu-

43 1933 303 2018 iert'merentur,
316 1935 529 2023 quicumque
540 1955 659 2005 eorum
671 1932 817 2002 luissent
827 1945 983 2002 auctores
997 1933 1187 2003 seditionis.
1203 1939 1329 2017 Quam-

52 2019 177 2088 obrem
195 2025 311 2094 imore
327 2025 470 2093 allectus
486 2022 660 2103 Arrenius,
680 2023 828 2109 quierat
848 2021 921 2122 ipse
935 2043 1074 2109 quoque
1097 2043 1189 2092 unus
1208 2045 1249 2092 ex
1270 2029 1330 2093 Sa-

59 2109 247 2192 maritanis,
262 2134 341 2182 cum
361 2113 526 2192 humano,
546 2123 639 2180 metu
651 2109 917 2198 quoquediiino
928 2124 1166 2191 concurrente,
1184 2111 1329 2201 supplex

60 2216 81 2292 a
116 2197 204 2266 Saba
218 2201 398 2282 contendit,
429 2212 468 2270 ut
492 2200 535 2269 ab
557 2200 631 2288 ipso
660 2201 870 2288 baptismum
892 2199 1062 2290 accipiat:
1087 2213 1121 2268 et
1144 2213 1212 2269 tam
1236 2201 1328 2290 piam

61 2299 225 2372 impetrat
242 2291 452 2380 petitionem.
480 2287 543 2358 Sed
564 2289 648 2358 haec
672 2288 812 2374 quidem
840 2298 966 2377 postea.
999 2293 1190 2378 Imperator
1214 2301 1328 2358 autem

61 2392 149 2442 cuin
163 2375 250 2447 talem
268 2379 438 2449 sanxisset
454 2377 560 2466 legem
577 2377 742 2446 adversus
761 2377 1004 2457 Samaritanus,
1022 2390 1056 2447 et
1072 2377 1122 2447 sio
1139 2391 1330 2468 eapropter

59 2481 153 2546 quae
172 2481 312 2549 venerat,
332 2480 450 2538 sancio
466 2478 555 2536 esset
571 2465 795 2556 gratificatus,
815 2487 881 2534 non
905 2465 1084 2552 hucusque
1101 2466 1191 2536 sistit
1215 2485 1330 2556 prom

57 2563 157 2636 ptum
186 2566 216 2623 et
235 2556 381 2626 alacrem
407 2555 589 2624 animum:
616 2553 676 2629 sed
706 2575 741 2623 se
761 2567 950 2624 extremum
979 2553 1148 2624 damnum
1174 2556 1330 2645 accipere

51 2641 284 2724 existimabat,
305 2646 333 2715 si
350 2667 415 2715 non
431 2665 510 2714 eum
530 2641 704 2734 regalibus
717 2654 750 2712 et
765 2641 957 2732 splendidis
974 2641 1123 2712 afficeret
1137 2643 1326 2724 beneflciis,

50 2741 83 2796 et
100 2729 187 2800 fidei
203 2753 276 2802 esse
291 2731 541 2803 abundantiam
559 2731 750 2802 ostenderet
769 2753 866 2802 suam
884 2731 918 2799 in
936 2752 1016 2801 euin
1042 2732 1326 2803 munificentiam.

51 2821 139 2886 Cum
160 2842 204 2890 eo
221 2834 312 2892 certe
331 2821 471 2892 assidue
489 2819 701 2908 colloquens,
729 2831 761 2888 et
788 2841 867 2889 euin
894 2818 1091 2902 honorans,
1121 2821 1211 2892 sicut
1236 2822 1332 2912 prius

51 2910 281 2990 Anastasius,
310 2911 527 2980 vehementer
550 2909 724 2989 instabat,
752 2921 791 2976 ut
821 2907 960 2995 aliquod
992 2909 1158 2998 pecuniae
1190 2911 1331 3000 vectigal

53 2997 225 3086 subiectis
239 3000 271 3068 ei
288 2999 467 3070 monachis
484 2997 716 3068 constitueret.
739 2996 802 3066 Ille
817 3009 953 3066 autem:
980 2999 1236 3089 «vectigalium
1254 2998 1333 3086 qui-

57 3081 147 3180 dem,
172 3087 298 3174 inquit,
327 3101 361 3156 et
384 3086 561 3176 pecuniae,
581 3097 750 3174 quantum
773 3085 855 3155 satis
879 3097 929 3154 est
948 3085 990 3155 ad
1008 3107 1090 3156 usos
1106 3089 1329 3166 necessarios,

59 3171 112 3242 ille
138 3175 244 3246 nobis
265 3175 477 3264 providebit,
503 3175 563 3263 qui
592 3173 759 3266 populum
782 3196 849 3244 non
874 3173 1087 3244 obedientem
1109 3177 1247 3265 copiose
1271 3173 1332 3243 ali-

59 3263 201 3347 quando
218 3264 303 3333 aluit
327 3265 361 3334 io
392 3263 549 3346 deserto,
581 3277 613 3334 ei
645 3284 770 3350 aquam
795 3263 912 3332 eduxit
936 3285 953 3330 e
978 3273 1096 3352 petra:
1123 3263 1239 3350 etqui
1264 3283 1331 3332 non

63 3351 172 3449 solum
201 3352 406 3434 neccssaria,
428 3352 487 3422 sed
507 3353 609 3422 etiam
637 3373 738 3443 saepe
763 3373 851 3439 quae
874 3349 1070 3450 redundant¹
1084 3397 1094 3432 ,
1124 3349 1330 3450 suppeditat.

65 3440 131 3508 noi
148 3455 280 3522 autem,
298 3464 318 3514 o
334 3447 536 3532 Imperator,
557 3443 586 3511 si
606 3454 719 3512 tautae
735 3453 786 3512 est
803 3459 919 3521 curae,
939 3451 976 3511 ut
993 3439 1091 3509 nobis
1116 3439 1330 3528 gratificeris,

66 3527 186 3600 adsunt
199 3530 287 3600 aliae
302 3553 438 3619 quoque
454 3552 521 3602 noir
540 3551 675 3619 parvae,
697 3541 730 3599 et
750 3551 817 3599 non
835 3527 1105 3599 contemnendae
1121 3527 1329 3609 occasiones,

37 3644 41 3703 i
107 3641 120 3687 r
139 3641 230 3721 quas
254 3621 382 3709 poteris
406 3620 441 3690 iu
463 3641 530 3704 ‚nos
548 3633 640 3689 tuam
662 3639 817 3688 exercere
836 3617 1088 3688 liberalitatem.
1115 3621 1198 3688 Nam
1217 3629 1250 3686 et
1273 3621 1336 3688 Pa-

33 3744 42 3817 p
71 3637 210 3790 llbstini,
231 3709 292 3796 qui
314 3709 403 3779 male
419 3721 501 3778 suut
528 3707 639 3778 affecti
666 3729 684 3776 a
706 3705 941 3786 samaritanis
970 3718 1003 3774 et
1021 3727 1168 3793 quorum
1191 3727 1336 3796 magnae

24 3848 31 3883 ,1
67 3797 202 3886 quidem
216 3798 365 3899 praedae
380 3809 461 3868 sunt
476 3798 626 3876 abactae,
640 3795 746 3866 multu
762 3817 840 3865 vero
852 3793 1009 3866 aedilicia
1021 3805 1053 3864 et
1065 3793 1180 3862 divina
1194 3795 1333 3885 templa,

66 3901 95 3956 ei
114 3887 286 3976 mancipia
313 3899 485 3975 praeterea
508 3897 541 3954 et
564 3905 707 3975 greges,
734 3883 1016 3968 lrumentumquc
1042 3895 1074 3951 et
1094 3880 1180 3952 alios
1203 3881 1336 3954 fructus

16 3980 17 3989 ’
69 3973 221 4045 viderunt
240 3975 339 4045 exuri
363 3987 441 4043 ante
464 3973 604 4056 ocutos,
631 3985 664 4044 et
688 3993 782 4042 nuno
808 3993 875 4041 non
901 3970 1040 4052 habent,
1066 3971 1241 4042 undenam
1268 3971 1335 4044 sibi

10 4080 12 4118 ÷
71 4065 188 4134 rictum
218 4062 461 4150 quotidianum
494 4074 717 4152 comparent:
753 4059 928 4151 supplices
960 4072 1080 4149 petunt
1115 4059 1265 4146 aliquam
1292 4059 1336 4132 ad

6 4188 10 4205 =
74 4167 199 4243 tempus
215 4149 486 4231 immunitatem,
504 4163 543 4220 ui
558 4173 595 4222 se
611 4173 733 4241 parum
755 4162 906 4220 recreent
925 4170 964 4220 ac
983 4149 1148 4229 reficiant,
1167 4159 1199 4218 et
1214 4171 1336 4220 rursus

4 4296 6 4322 ,
78 4243 193 4332 possint
205 4239 370 4311 sufficere
383 4239 507 4312 annuis
521 4239 693 4312 solvendis
709 4239 925 4312 muneribus:
940 4249 973 4309 et
987 4239 1047 4326 qui
1061 4238 1102 4309 ad
1118 4237 1334 4310 adoraudum

143 4363 259 4422 florius
272 4387 288 4404 ·
309 4357 397 4420 Vnae
412 4353 463 4418 SS.
478 4357 565 4420 -ioh
581 4357 643 4420 llll.
1220 4353 1256 4414 ii
