2932 4812
229 257 293 320 578
569 274 608 320 nu
632 275 659 321 s.
686 273 850 322 ouaucruo
874 274 1073 323 conrassoas
1295 255 1363 320 out.
1383 256 1413 318 st

182 355 414 428 crudelitatis:
441 357 607 444 quoniam
633 359 667 427 in
693 370 851 428 sanctum
884 360 941 428 [lei
970 362 1155 449 insurgens
1183 359 1369 449 malignitas,
1389 359 1410 424 in

182 445 355 536 pupillum
378 445 499 515 Christi
518 445 674 536 gladium
694 445 814 528 inlisit,
833 459 865 516 et
883 445 1058 518 lucernam
1074 447 1322 518 cantuariensis
1331 446 1411 518 Eccle-

180 536 255 606 siae
276 556 343 605 non
369 547 435 604 tum
458 533 655 616 crudeliter,
677 557 782 625 quam
810 535 954 624 turpiter
973 535 1158 626 jugulavit.
1180 539 1340 608 Excitatus
1356 557 1409 622 erqo

179 625 371 712 exquisitae
393 645 502 712 genus
523 621 698 710 justitiae:
719 623 915 694 denudetur
942 624 1081 715 gladius
1111 627 1197 696 Petri
1223 628 1258 696 iu
1288 625 1405 696 ultionem

180 711 439 784 cantuariensis
464 712 646 801 martyris:
672 713 754 799 quia
779 715 1013 804 sanguisejus
1037 713 1166 785 clamat
1185 735 1246 805 pro
1270 710 1409 784 universali

184 802 346 882 Ecclesia,
367 821 434 870 uon
462 811 530 870 tam
550 800 629 882 sibi,
649 823 754 890 quam
780 802 960 872 universae
984 800 1155 874 Ecclesiae
1179 823 1373 890 conquerens
1385 797 1411 865 dr

188 890 348 960 vindicta.
368 893 452 958 Ecce
476 888 518 957 ad
545 887 719 960 tumulum
745 890 933 980 agonistae,
958 902 997 961 ut
1022 891 1167 962 relatum
1192 905 1243 962 est
1267 891 1362 967 nobis,
1380 909 1413 984 n3

190 979 318 1050 velatur
342 976 459 1048 diviua
476 978 510 1046 iu
536 976 716 1048 miraculis
735 978 861 1068 gloria:
881 993 914 1050 et
932 979 1094 1050 divinitas
1110 980 1362 1060 demonstratur,
1375 977 1413 1043 ult

190 1068 353 1138 humatus
386 1066 590 1154 requiescit,
625 1089 686 1156 pro
720 1068 820 1157 cujus
857 1069 995 1140 nomine
1024 1069 1177 1140 certavit.
1212 1075 1341 1140 Latonas
1364 1085 1414 1132 tort

191 1155 423 1245 praesentium
448 1168 543 1245 patre
565 1154 697 1238 orbati,
726 1157 841 1246 pietati
865 1169 995 1228 vestrae
1020 1159 1143 1230 seriem
1170 1159 1377 1228 indicabunt:
1397 1165 1416 1218 u

190 1243 384 1318 testimonio
413 1244 562 1314 veritatis
587 1266 705 1316 aurem
736 1245 956 1316 mitissimam
985 1246 1161 1328 adhibere,
1180 1263 1213 1318 et
1240 1261 1307 1318 tam
1325 1243 1415 1314 daistc

191 1332 335 1422 nogotio,
354 1355 457 1422 quam
483 1332 525 1402 de
550 1332 639 1414 aliis,
661 1345 835 1420 tamquam
863 1334 962 1404 nobis
985 1336 1124 1406 credite.
1147 1335 1268 1408 valete.

446 1645 558 1744 tttl
593 1645 633 1745 S.
670 1643 936 1748 llBRULPlll
971 1645 1203 1748 colloss

275 1887 294 1930 Α
317 1884 445 1940 QUODAM
469 1883 543 1932 utos
568 1883 742 1942 utsfflt‘ttm,
769 1884 831 1932 AUT
854 1883 950 1933 AlssCO
974 1886 1138 1934 saxtttaut
1162 1884 1355 1934 cosscutoxt.

481 1991 537 2038 SED
560 1991 619 2037 l‘llll
644 1991 736 2037 LAUR.
764 1990 882 2038 sustu!
907 1989 1031 2040 xortxo
1056 1993 1163 2050 smo,

321 2097 440 2154 assolta
465 2096 630 2144 tttsrotttatx
655 2097 862 2154 coturnum,
886 2097 1026 2145 nouacttt
1051 2097 1082 2145 ill
1107 2097 1317 2148 contutimus.

565 2277 704 2334 Floruit
723 2291 789 2336 sec.
813 2277 862 2333 VI
885 2308 920 2320 -
941 2277 1075 2334 Gallus.

231 2491 249 2576 l
272 2485 527 2576 1.Ehrulphus
550 2485 567 2520 *
591 2486 642 2554 vir
667 2484 804 2568 nobilis,
829 2498 985 2573 parentes
1006 2486 1128 2557 habuit
1151 2486 1299 2558 illustres
1316 2485 1356 2550 *ἦ
1371 2485 1414 2576 lu·

187 2578 287 2648 tritus
310 2587 361 2646 est
384 2589 497 2646 autem
523 2575 556 2642 iu
579 2574 658 2644 aula
682 2575 784 2664 Regis
808 2575 981 2658 Frauciae,
1001 2588 1200 2663 tantamque
1219 2597 1296 2665 prae
1318 2595 1348 2646 se
1365 2567 1415 2640 tultt

188 2665 388 2736 modestiam
419 2677 452 2734 et
482 2663 725 2744 humilitatem,
747 2677 783 2733 ut
807 2663 841 2731 iu
869 2661 994 2752 palatio
1020 2687 1185 2754 maguum
1210 2664 1363 2735 obtineret
1383 2657 1414 2724 lo·

186 2776 278 2835 cum,
295 2751 587 2840 quemadmodum
614 2753 687 2841 ipse
718 2752 817 2822 uobis
839 2752 1085 2823 exhortationis
1104 2775 1211 2824 causa
1233 2754 1338 2824 dicere
1360 2767 1414 2816 eou-

186 2843 305 2914 suerit.
325 2845 407 2912 Cum
433 2854 546 2912 autem
565 2851 652 2910 esset
668 2840 865 2928 opulentus,
883 2853 915 2910 et
931 2841 1051 2912 litteris
1067 2843 1154 2912 bene
1170 2843 1330 2922 eruditus,
1343 2851 1414 2930 atquo

185 2930 373 3019 sapientiae
387 2929 574 3012 studiosus,
590 2927 707 3000 divino
732 2930 766 2998 in
793 2931 868 3019 ipso
884 2941 1057 3002 crescente
1082 2929 1223 3013 fervore,
1241 2931 1340 3001 libros
1354 2944 1413 2995 scu·

187 3032 306 3108 pturae
329 3018 465 3088 divinae
495 3018 606 3108 coepit
632 3017 795 3098 evolvere,
815 3029 852 3088 ut
877 3019 978 3088 sciret
1002 3031 1202 3092 sanctorum
1237 3032 1359 3110 patrum
1379 3031 1413 3079 ttt

186 3119 310 3198 gestas,
329 3119 431 3194 atque
455 3105 535 3176 iude
561 3107 717 3188 disceret,
736 3127 804 3194 qua
830 3106 960 3177 ratione
985 3120 1098 3198 posset
1122 3109 1195 3198 ipse
1219 3128 1344 3196 quoque
1364 3101 1413 3192 plt-

184 3219 258 3267 cere
284 3201 360 3268 Deo.
383 3195 445 3266 Ubi
468 3209 581 3266 autem
608 3196 642 3264 in
667 3209 785 3266 sancto
808 3196 990 3285 Evangelio
1008 3195 1090 3288 legit
1113 3219 1153 3268 aa
1177 3198 1277 3268 verba
1298 3195 1413 3268 Saluto·

184 3287 250 3356 ris:
277 3288 342 3370 Qui
362 3289 437 3354 cult
452 3287 564 3354 venire
585 3294 659 3375 post
673 3307 737 3366 mc,
761 3285 900 3374 odneqct
915 3290 1141 3378 semetipsum,
1159 3297 1190 3357 ct
1207 3289 1303 3357 tollat
1316 3297 1412 3353 crurctt

184 3398 292 3455 suum,
313 3386 343 3446 ct
366 3384 526 3466 sequatur
545 3397 596 3443 ma
614 3373 705 3464 (Luc.
726 3371 788 3462 rx);
816 3373 965 3460 itemque
991 3375 1068 3444 illa:
1102 3378 1169 3458 Qut
1193 3374 1355 3467 reliquerit
1373 3368 1412 3468 clo·

183 3486 285 3548 mum,
306 3468 359 3534 vel
374 3466 509 3552 fratres,
536 3473 596 3532 out
619 3485 757 3542 sorores,
778 3472 1077 3552 neopatrensem
1100 3475 1254 3546 matrem,
1273 3462 1409 3548 autfitus.

184 3563 242 3621 act
260 3575 359 3643 cyrus
373 3562 508 3642 promer
524 3575 640 3622 ironico
660 3573 781 3631 merim,
805 3554 998 3642 centuplum
1013 3555 1166 3643 occipiat,
1184 3564 1214 3622 ct
1229 3556 1327 3624 uitam
1338 3557 1412 3639 arter-

183 3664 261 3711 num
272 3643 453 3732 possidebit
467 3641 600 3730 (Mattlc.
618 3641 699 3728 xrx);
720 3639 777 3708 ille
796 3639 913 3710 animo
929 3653 1171 3730 compunctus,
1194 3643 1316 3712 relictis
1330 3653 1412 3732 omnutj

183 3730 267 3810 bus,
301 3730 511 3821 pauperibus
541 3751 581 3799 ea
605 3728 770 3818 elargitus
800 3741 861 3798 est.
891 3731 1034 3800 Uxorem
1059 3743 1173 3800 autem
1201 3753 1296 3801 suam
1319 3728 1410 3820 Christ

181 3818 318 3889 aucillis
341 3818 603 3898 commendavit,
623 3829 661 3887 ut
683 3839 758 3887 earn
783 3816 989 3889 coelestibus
1018 3819 1213 3889 imbuerent
1239 3815 1409 3906 disciplinis.

182 3914 245 3980 Nec
274 3931 352 3978 vero
378 3919 558 3978 contentus
588 3907 767 3993 reliquisse
795 3906 939 3995 patriam
968 3928 1135 3995 carosque
1159 3915 1361 3998 parentoso
1379 3895 1409 3993 lt·

181 3998 324 4067 cultates
344 4018 474 4076 omues,
501 3995 602 4066 etiam
622 3996 728 4066 barba
748 4008 780 4065 et
803 3995 914 4083 capite
940 4016 1125 4077 resonum
1152 3997 1261 4067 tribus
1278 3993 1408 4081 religiosis

183 4085 263 4160 viris
282 4083 458 4156 celerrime
474 4084 517 4153 ad
543 4086 697 4153 eremum
724 4085 980 4174 properanter
1006 4085 1094 4155 iuter
1117 4101 1225 4174 opaca
1251 4093 1405 4154 nemorum,

182 4168 266 4250 loco,
278 4194 379 4258 quem
394 4174 608 4242 oximensem
619 4173 670 4208 Ψ
683 4186 812 4254 vocant,
826 4172 981 4243 latitavit.
995 4179 1034 4244 Et
1048 4173 1188 4262 quidem
1204 4171 1321 4266 lngelo
1334 4168 1406 4238 duct·

207 4326 220 4351 ⁸
234 4327 329 4373 Gslttce.
345 4333 432 4374 tt'rrout.
842 4335 869 4363 **
885 4337 958 4378 Natus
969 4336 1005 4378 eat
1016 4338 1132 4378 sancolt.

208 4377 248 4404 *⁸
263 4379 337 4430 vulgo
350 4386 424 4429 Ocalee,
433 4387 456 4426 tn
469 4386 591 4434 Surcriore
601 4385 750 4429 Normtnnin.
