2960 4824
56 253 126 318 ont.
150 254 188 318 ⁴3
433 273 472 319 nn
496 269 524 318 s.
550 271 667 320 anucco
691 268 890 320 counnssonn
1190 257 1253 322 3A3

54 356 197 446 attigerat,
218 355 339 426 faciem
358 368 390 426 et
406 377 554 428 concava
578 356 756 426 oculorum
773 356 847 426 loca
871 355 973 426 lavit:
999 377 1087 444 quae
1107 357 1220 428 statim
1247 381 1297 429 re-

53 443 140 533 ceptis
155 443 355 525 luminibus,
383 445 568 515 maximum
585 445 757 515 universis
772 447 833 536 qui
858 444 1012 529 aderant,
1039 467 1117 514 cum
1143 447 1296 518 admira-

53 533 125 602 tione
140 531 298 604 laetitiam
315 545 349 603 ot
361 535 550 625 gratiarum
570 535 714 604 actionis
732 533 909 604 materiam
930 535 1215 604 subministravit.

84 625 155 709 §9-
183 627 269 693 Duce
285 624 399 713 itaque
415 628 590 711 Haymone
611 636 787 712 praesente
807 643 885 692 cum
912 623 1096 692 innumera
1120 623 1203 694 cleri
1223 624 1296 713 ple-

52 710 151 798 bisque
172 725 303 782 caterva
330 712 364 780 in
395 734 577 782 occursum
601 712 679 800 ejus
709 722 931 802 congregata,
958 712 1195 784 sanctissimas
1219 713 1297 783 reli-

50 800 130 884 quias
147 821 231 886 quas
259 799 430 882 attulerat,
458 821 538 870 oum
563 822 602 869 ea
627 823 695 888 qna
718 801 834 869 decuit
857 801 1046 882 devotione,
1083 801 1133 869 vir
1157 816 1297 873 sanctus

52 902 219 960 reverenter
234 890 395 980 deposuit
410 890 445 958 in
464 910 551 959 nova
568 890 656 958 beati
674 889 809 958 Martini
826 889 981 970 ecclesia,
998 911 1101 976 qnam
1124 890 1298 980 praelatus

51 981 108 1046 llux
123 977 272 1068 lapidum
297 991 421 1047 ornatu
437 979 509 1066 jam
536 990 763 1048 restaurarat:
791 978 864 1067 ipse
886 999 963 1047 vero
983 978 1118 1047 bomini
1138 979 1298 1052 sacerdos

49 1067 243 1154 praeparavit
260 1089 296 1135 se
321 1067 363 1134 ad
388 1067 503 1135 divina
529 1066 733 1136 celebranda
759 1066 932 1155 mysteria,
949 1067 1071 1137 stolam
1087 1089 1127 1135 ao
1141 1068 1296 1138 casulam

47 1155 208 1224 candidam
228 1155 384 1225 indutus.
402 1155 467 1237 Qui
484 1176 563 1224 cum
580 1155 729 1225 adstaret
746 1177 843 1224 sacro
861 1154 972 1236 altari,
993 1156 1090 1225 tertio
1107 1156 1294 1238 Iduslnlii,

50 1263 82 1310 ac
101 1243 204 1313 divina
231 1265 311 1313 cum
336 1265 472 1312 summa
498 1245 712 1313 veneratione
737 1255 895 1313 tractaret
919 1257 1145 1326 sacramenta,
1173 1267 1297 1315 manus

50 1333 163 1402 lloruini
186 1331 368 1404 visibiliter
384 1332 545 1422 apparuit
569 1333 658 1402 iuter
681 1345 898 1402 sacrosancta
915 1333 1095 1403 Missurum
1115 1332 1295 1416 solemnia,

47 1441 197 1508 suumque
215 1421 426 1491 sacerdotem
444 1421 660 1511 consignavit
681 1433 713 1490 et
733 1420 949 1491 confirmavit
966 1422 1202 1492 benedictione
1244 1445 1297 1492 er·

48 1521 153 1595 potue,
182 1532 263 1580 num
291 1511 521 1599 subsequente
551 1509 779 1600 promissione
805 1530 845 1579 ac
872 1530 951 1579 voce
976 1510 1127 1580 mirabili
1155 1445 1298 1582 caelltus

44 1597 171 1668 emissa:
198 1621 218 1665 a
245 1598 332 1680 Quia
354 1597 589 1755 contempsisti
621 1599 782 1680 divitias,
809 1612 842 1668 et
866 1600 997 1688 paterni
1026 1600 1122 1690 regui
1155 1623 1214 1691 pro
1242 1623 1297 1670 me

46 1683 179 1756 refutasti
206 1687 374 1769 culmina,
405 1709 445 1757 ac
475 1687 606 1777 aegisti
632 1709 762 1776 pauper
784 1709 870 1768 esse,
897 1699 929 1755 et
954 1687 1057 1756 latere
1080 1686 1236 1775 abjectus
1261 1691 1296 1759 in

46 1785 118 1844 terra
141 1777 205 1848 ista
229 1775 363 1845 deserte
378 1788 411 1845 et
427 1776 530 1857 invia,
559 1777 669 1866 magis
697 1797 799 1863 quam
830 1775 984 1845 habitare
1010 1777 1043 1844 in
1068 1777 1298 1849 tabernaculis

47 1877 267 1949 peccatorum:
296 1866 496 1954 praeparavi
520 1865 580 1936 tibi
610 1887 772 1934 coronam
794 1864 883 1936 inter
906 1863 1112 1969 Angelorum
1140 1867 1293 1955 agmina,

44 1973 151 2039 oroque
167 1952 235 2024 loci
248 1953 365 2042 hujus,
381 1954 415 2022 in
436 1976 505 2041 quo
522 1953 712 2035 resolveris,
730 1953 889 2038 deleuspr
905 1966 937 2022 et
953 1953 1048 2044 Jugis
1066 1967 1197 2024 custos:
1220 1956 1297 2024 uui·

46 2041 185 2129 versique
210 2041 328 2132 populi
355 2042 468 2112 locum
499 2043 592 2112 bunc
617 2065 694 2112 cum
722 2042 776 2131 pia
803 2043 991 2124 devotione,
1016 2055 1048 2112 et
1079 2064 1165 2132 pura
1185 2042 1299 2112 cordis

45 2129 216 2202 intentione
233 2131 402 2202 visitaturi
421 2131 454 2198 iu
474 2132 524 2201 tui
544 2133 756 2214 memorium,
780 2131 896 2199 divina
914 2152 979 2200 nnn
998 2131 1297 2201 delrendabuntur

44 2221 197 2378 gratiapn
220 2220 331 2302 terris,
357 2232 389 2290 et
413 2220 632 2310 postmodum
659 2220 700 2289 ad
726 2220 854 2311 gaudia
876 2221 1071 2308 pervenient
1089 2219 1298 2310 sempiterna

46 2327 239 2378 incoers.»

79 2397 159 2480 §u
189 2397 424 2484 subsequente
456 2419 533 2466 vero
567 2407 741 2486 tempore,
775 2398 922 2486 pretiosa
958 2398 1081 2468 Christi
1113 2396 1299 2554 marparita

44 2481 197 2567 Jndocus,
220 2487 256 2554 in
274 2507 377 2554 carne
399 2497 530 2574 praeter
549 2507 686 2555 carnem
707 2485 833 2568 vivens,
856 2485 1005 2576 Angelus
1025 2509 1099 2556 esse
1120 2485 1194 2555 vide
1221 2497 1299 2554 atur

45 2591 98 2639 non
115 2575 239 2645 bomo:
261 2575 321 2661 qui
339 2575 473 2642 tandem
495 2575 640 2664 cupiens
659 2573 799 2644 dissolvi
825 2588 857 2644 et
872 2597 946 2644 esse
970 2597 1048 2644 cnm
1069 2575 1211 2655 Christo,
1231 2573 1299 2643 Idi-

45 2661 98 2729 bus
119 2662 312 2733 decembris
335 2661 574 2732 *obdormivit
598 2665 632 2731 in
660 2663 814 2742 Domino,
836 2663 1041 2753 Angelorum
1067 2663 1242 2750 obsequiis
1267 2675 1299 2732 et

43 2751 160 2822 turiseo
185 2750 274 2821 duce
294 2751 409 2839 (cujus
435 2753 659 2842 praesentiam
691 2750 890 2820 indicabunt
915 2751 1140 2822 intolerabilis
1160 2751 1299 2822 claritas

44 2838 235 2927 splendoris,
263 2852 296 2909 et
320 2839 601 2930 incomparabilis
617 2838 765 2909 dulcedo
788 2840 896 2909 divini
917 2840 1048 2930 odoris)
1073 2839 1242 2912 deductus
1264 2841 1299 2910 in

42 2929 152 2998 coelos.
183 2929 292 3018 Cujus
315 2950 452 3018 corpus,
479 2930 559 3016 qnia
587 2927 681 3018 virgo
705 2927 826 3011 luerat,
849 2951 888 2998 ao
915 2929 1082 2999 immunis
1106 2953 1123 2998 a
1149 2929 1299 3000 carnalis

42 3017 283 3088 commixtionis
307 3019 477 3108 contagio,
505 3019 549 3086 ita
570 3017 702 3086 salvum
724 3040 763 3087 ac
790 3019 961 3109 integrum
986 3021 1173 3108 permansit
1192 3019 1226 3087 iu
1246 3031 1299 3088 tu-

45 3105 138 3188 mulo,
159 3107 201 3176 ad
220 3107 397 3197 sexaginte
417 3107 486 3176 lere
502 3128 623 3186 annos,
640 3107 710 3177 acsi
729 3107 871 3198 spiritus
892 3107 978 3175 vitae
995 3107 1080 3200 foret
1096 3108 1129 3174 in
1148 3129 1198 3176 eo.
1215 3111 1298 3177 Nam

44 3213 58 3258 a
79 3196 276 3266 custodibus
300 3195 454 3284 corporis
473 3196 527 3264 sui
548 3217 684 3285 ungnes
703 3219 868 3266 manuum
896 3195 1006 3286 ipsius
1036 3217 1075 3265 ac
1103 3194 1241 3284 pedum,
1268 3207 1300 3264 et

44 3283 147 3372 capilli
166 3306 206 3354 ca
233 3284 289 3353 itis
313 3283 518 3371 barbaeque,
540 3285 640 3374 quasi
656 3284 778 3353 viveret
794 3297 1036 3366 excrescentes,
1054 3285 1300 3374 praecideban-

45 3381 91 3439 tur
107 3385 137 3440 et
161 3307 371 3443 relabantur
389 3373 484 3442 omni
509 3373 660 3453 sabbato,
687 3394 865 3462 quousque
882 3393 1061 3443 successor
1084 3372 1183 3442 ducis
1208 3376 1301 3462 Hay·

46 3461 166 3542 monis,
202 3461 378 3532 Doctricus
402 3461 566 3541 nominc,
595 3459 710 3530 minus
739 3473 929 3530 reverenter
954 3482 993 3530 ao
1016 3472 1299 3551 praesumptuose

44 3545 226 3644 (immemor
250 3548 345 3618 illius
369 3551 584 3639 Scripturas,
610 3555 681 3620 Non
713 3551 854 3619 tentabis
885 3549 1078 3640 Dominum)
1107 3550 1299 3619 sacrarium

47 3635 193 3708 violenter
217 3638 343 3727 irrupit
365 3659 445 3707 cum
464 3637 671 3708 satellitibus
694 3639 780 3713 suis,
807 3661 847 3708 ao
872 3639 1010 3708 intravit
1027 3639 1139 3708 locum
1167 3638 1225 3707 nbi
1248 3660 1300 3706 re-

47 3725 178 3806 positum
202 3737 276 3796 erat
299 3747 425 3816 corpus
445 3727 655 3798 sanctissimi
675 3727 880 3798 confessoris
896 3727 1031 3797 Judooi.
1052 3728 1115 3809 Qui
1141 3727 1212 3797 viso
1237 3725 1301 3795 mi-

47 3813 159 3896 raculo,
186 3816 301 3884 statim
326 3817 488 3886 caecitate
514 3837 709 3906 percussus,
737 3816 770 3884 in
798 3817 983 3885 amentiam
1012 3815 1144 3896 incidit,
1172 3837 1212 3885 ac
1237 3816 1300 3884 mi-

48 3902 222 3974 serabiliter
249 3903 467 3976 exclamans:
494 3927 512 3972 a
538 3909 587 3974 lla
613 3917 728 3974 sancte
751 3905 892 3986 ludoce,
915 3927 933 3972 a
957 3903 1085 3974 surdus
1111 3903 1301 3995 permensit

49 4005 81 4082 to
99 4004 206 4063 mutus
222 3993 447 4080 quoadusque
461 3994 553 4063 diem
570 3992 695 4062 clausit
706 4009 916 4074 extremum;
936 3993 1203 4080 temeritatisque
1219 4013 1300 4061 suae

51 4093 78 4142 tn
100 4083 260 4164 praesenti
285 4082 400 4153 seculo
423 4084 554 4172 excepit
580 4101 735 4172 poenam,
771 4103 855 4151 nea
886 4083 1040 4164 Domino,
1068 4083 1120 4154 bis
1145 4081 1206 4168 qui
1232 4101 1298 4150 non

52 4169 135 4248 punit
146 4171 181 4240 in
197 4170 364 4260 idipsum,
384 4172 448 4240 lruo
464 4171 506 4240 de
525 4193 631 4242 causa
650 4169 874 4241 damnaretur
890 4171 924 4239 in
950 4171 1077 4241 futuro.

87 4253 194 4339 §10-
219 4264 309 4330 Haec
333 4261 375 4330 de
400 4260 487 4330 libro
513 4262 598 4330 vitae
623 4281 662 4328 ac
686 4273 859 4351 gestorum
887 4259 975 4329 beati
1004 4260 1126 4330 Judoci
1154 4257 1301 4329 breviter

74 4378 85 4402 ⁸
97 4379 152 4424 inno
162 4385 254 4430 auster
263 4388 310 4429 aaa.
