2932 4812
6 276 74 340 tls..
100 275 145 340 29
316 294 354 340 ua
378 293 406 339 s.
434 293 540 340 raoni
564 293 709 341 nncnmr.
738 295 949 343 clnrunmnn.
1164 279 1227 344 573

6 379 50 447 ‘iri
75 378 118 446 ad
145 383 292 469 Regem,
319 391 352 448 et
375 391 534 450 sanctum
561 392 744 480 martyrem
770 381 862 470 apud
887 402 966 452 eum
992 379 1201 462 detulerunt,
1225 382 1271 452 ita

6 480 27 536 rt
50 472 118 537 Rex
143 468 354 558 gravissime
377 481 571 538 commotus
595 468 623 549 ⁴,
648 468 778 538 lteratis
794 471 938 542 vocibus
961 469 1009 539 ita
1032 470 1158 540 dixisse
1183 471 1271 542 lera-

7 579 58 626 ur:
86 561 261 627 «Inertes
280 579 320 626 ac
345 557 489 626 miseros
505 556 663 628 homines
680 558 828 628 enutrivi
845 571 877 629 et
895 559 985 629 erexi
1003 558 1038 626 in
1058 579 1162 647 regno
1180 580 1267 640 meo,

6 646 50 732 qui
75 667 137 714 nec
163 645 274 716 fidem
300 659 435 716 servant
451 645 592 714 domino
617 667 692 728 suo,
719 667 807 733 quae
831 670 851 716 a
872 646 1006 739 plebejo
1027 648 1177 804 quodam
1202 648 1271 718 cle-

6 735 60 803 ·ico
75 747 143 803 tam
166 735 337 824 probrose
358 735 539 824 patiuntur
554 733 669 805 illudi.
688 734 870 807 »Aderant
888 737 937 807 ibi
958 736 1038 806 nobi
1056 758 1092 806 es
1108 749 1268 824 quatuor,
1307 799 1309 802 .

6 845 111 910 genere
135 823 336 914 conspicui,
359 836 391 893 et
413 845 431 893 e
455 821 587 894 familia
608 824 721 914 Regis.
745 825 772 893 Ii
798 824 881 895 haec
905 825 1009 896 verba
1031 846 1072 894 ex
1095 846 1154 896 ore
1169 826 1271 915 Regis

6 913 173 1001 apientes,
202 933 307 982 secus
330 933 382 994 ea,
407 933 512 1000 quam
538 917 608 982 Rex
631 910 742 993 vellet,
770 913 982 1004 interpretati
1002 927 1105 994 sunt;
1126 935 1272 1001 moxque

12 1023 28 1067 n
54 1023 169 1072 necem
196 1001 312 1071 sancti
337 1002 401 1070 viri
423 1003 687 1092 conspirarunt;
715 1003 957 1090 nescienteque
976 1007 1078 1093 Rege,
1099 1024 1193 1072 mare
1216 1025 1272 1072 ce-

6 1090 127 1160 lerrime
145 1090 372 1182 traiecerunt,
400 1095 502 1180 Rege,
523 1090 585 1160 ubi
602 1089 635 1158 id
652 1092 831 1180 comperit,
852 1093 1051 1182 suspicante
1072 1091 1155 1161 mali
1169 1092 1271 1182 quip-

6 1178 88 1264 piam
110 1179 188 1249 illos
215 1178 345 1260 moliri,
374 1179 595 1269 mittenteque
620 1179 779 1258 nuncios,
805 1181 865 1268 qui
888 1201 947 1250 eos
972 1192 1189 1251 revocarent:
1211 1181 1270 1251 sed

6 1265 51 1334 illi
59 1289 135 1423 ,lam
160 1267 308 1358 longius
332 1277 597 1349 antecesserant,
619 1289 725 1354 quam
750 1280 788 1338 ut
811 1282 951 1359 possent
975 1271 1137 1340 revocari.
1162 1271 1273 1339 Invito

6 1355 130 1440 quiem
160 1362 277 1449 Rege,
304 1377 443 1428 caesum
470 1358 513 1428 ab
538 1355 607 1425 illis
630 1356 737 1426 luisse
760 1358 1085 1449 Arcbiepiscopum,
1117 1357 1167 1428 vel
1193 1357 1273 1428 inde

6 1443 77 1512 satis
101 1444 220 1532 liquet,
245 1444 338 1534 quod
364 1446 424 1515 ubi
449 1445 617 1536 comperit
640 1445 921 1517 crudelissimum
946 1445 1094 1529 facinus
1123 1447 1273 1517 incredi-

6 1530 57 1599 bili
80 1533 197 1605 dolore
212 1547 248 1604 et
266 1533 406 1605 horrore
421 1546 599 1622 correptus
624 1531 699 1604 suit.
718 1535 877 1606 voluerat
894 1534 952 1605 ille
968 1534 1020 1604 vel
1045 1535 1079 1603 in
1098 1557 1271 1606 carcerem

6 1641 74 1689 enm
94 1625 282 1714 conjicere,
308 1633 367 1692 aut
390 1621 459 1694 alio
477 1622 579 1694 modo
594 1625 762 1706 coercere,
789 1637 826 1694 ιιι
850 1647 870 1694 a
894 1623 1063 1694 sententia
1087 1623 1186 1694 illum
1212 1625 1272 1694 de-

7 1708 143 1781 duceret.
166 1711 233 1782 Sed
256 1710 309 1780 illi
326 1710 484 1782 homines
509 1711 631 1782 nelarii
656 1726 836 1803 postquam
857 1714 890 1782 iu
908 1712 1063 1804 Angliam
1091 1725 1270 1796 venerunt,

8 1796 167 1885 adjunctis
195 1801 267 1872 sibi
291 1801 502 1888 quibusdam
527 1801 697 1872 ministris
729 1804 842 1893 Regis,
872 1823 959 1890 quos
983 1801 1273 1892 drohiepisoopus

10 1891 325 1971 excommunicarat,
344 1903 376 1960 et
394 1889 542 1959 militum
565 1888 821 1977 satellitumque
844 1903 962 1961 coacta
987 1911 1106 1971 manu,
1131 1891 1273 1960 mentie-

11 1974 121 2071 bantur
144 2001 180 2050 se
195 1979 317 2068 jussos
333 2000 353 2048 a
370 1984 473 2070 Rege,
500 1977 616 2048 tollere
639 1999 657 2047 e
682 1978 794 2049 medio
811 1979 1128 2080 Archiepiscopum.
1153 1984 1271 2066 Itaque

12 2059 58 2130 dre
71 2063 136 2147 illo,
153 2069 217 2158 qui
245 2079 442 2139 sanctorum
461 2073 688 2137 Innocentum
703 2066 827 2138 festum
846 2079 1014 2156 sequitur,
1030 2067 1188 2138 absoluto
1197 2069 1272 2158 jam

12 2153 150 2246 prandio,
177 2177 256 2227 sese
276 2155 445 2246 colligunt
468 2155 633 2226 adversus
657 2157 769 2227 virum
796 2157 891 2246 pium
908 2170 940 2226 et
960 2157 1192 2236 innocentem,
1211 2155 1272 2245 qui

15 2259 74 2322 qam
94 2243 125 2312 in
147 2245 349 2316 interiorem
367 2244 510 2315 domum
529 2259 715 2316 secesserat
738 2267 818 2315 cum
837 2245 1047 2327 domesticis,
1066 2245 1109 2315 de
1126 2245 1273 2336 negotiis

17 2337 215 2423 tractaturus.
239 2333 308 2404 Soli
331 2345 445 2404 autem
471 2346 620 2421 quatuor
643 2356 723 2404 curn
746 2354 815 2404 uno
835 2334 981 2404 satellite
1004 2334 1153 2426 ingressi
1179 2347 1271 2414 sunt,

17 2425 151 2506 itumque
174 2422 250 2493 illis
273 2423 409 2492 obviam
430 2434 481 2491 est
506 2421 705 2504 honorilice,
732 2435 907 2509 tamquam
933 2422 1132 2494 domesticis
1158 2423 1271 2512 Regis.

19 2501 61 2572 llli
82 2507 201 2596 jubent
227 2510 299 2580 dici
320 2510 607 2602 Arcbiepiscopo,
640 2511 725 2582 velle
749 2532 785 2582 se
808 2533 887 2582 cum
914 2511 990 2601 ipso
1005 2513 1108 2612 Regis
1135 2513 1275 2581 nomine

16 2591 159 2684 colloqui.
172 2599 304 2670 Annuit
321 2600 371 2670 vir
387 2611 528 2670 sanctus
548 2612 585 2670 ut
603 2599 855 2670 introducatur.
875 2600 1065 2671 Introduotr
1083 2601 1143 2671 diu
1157 2599 1276 2670 sedent

18 2682 107 2780 taciti,
130 2701 162 2758 et
186 2710 300 2776 neque
315 2688 477 2770 salutant,
497 2709 608 2776 neque
631 2688 807 2780 appellant
830 2689 1147 2791 Arcbiepisoopum.
1175 2694 1276 2760 Tacet

17 2779 103 2840 etiam
118 2774 190 2865 ipse
206 2777 433 2864 aliquandiu,
451 2789 567 2866 postea
592 2778 718 2848 salutat
734 2777 888 2867 pacifice.
907 2777 962 2848 Illr
984 2799 1046 2868 pro
1070 2777 1276 2848 salutatione

19 2857 151 2933 reddunt
174 2865 370 2948 maledicta,
389 2865 543 2954 adeoque
567 2866 602 2934 in
619 2887 736 2937 necem
750 2867 825 2954 ejus
839 2865 1038 2937 serebantur
1056 2866 1272 2957 praecipites,

16 2959 47 3012 nt
62 2949 122 3020 nisi
137 2955 300 3026 ostiarius
323 2953 478 3036 clericos,
497 2975 584 3043 quos
596 2955 648 3024 vir
664 2966 806 3026 sanctus
824 2958 916 3026 exire
931 2957 1095 3046 jusserat,
1119 2977 1276 3026 revocas·

20 3045 70 3134 sel,
93 3039 187 3112 hasta
209 3042 374 3133 quadam,
400 3065 489 3133 quae
513 3042 585 3114 illio
609 3044 732 3125 stabat,
759 3043 859 3114 illum
883 3043 1066 3115 conludere
1090 3043 1272 3127 voluerint,

19 3134 60 3191 utr
81 3142 191 3216 postea
206 3133 276 3224 ipsi
293 3131 441 3204 confessi
458 3144 550 3202 sunt.
783 3199 784 3203 ,

55 3214 168 3298 5²8.
194 3226 289 3292 Intro
313 3234 427 3291 autem
446 3221 590 3292 reversis
613 3221 761 3304 clericis,
783 3221 844 3308 qui
869 3221 1056 3311 primarius
1073 3233 1146 3292 erat
1165 3223 1198 3291 in
1222 3221 1276 3290 his

21 3315 149 3381 quatuor
170 3309 265 3393 viris,
293 3310 339 3381 ita
363 3311 432 3380 ait:
460 3331 478 3377 a
505 3315 592 3393 Rex,
619 3310 861 3381 controversiis
884 3310 1048 3382 omnibus
1072 3309 1273 3402 consopitis.

23 3395 47 3452 te
66 3391 104 3460 ad
126 3407 219 3469 tuam
252 3398 365 3470 sedem
397 3399 547 3480 remisit;
573 3410 611 3469 tu
637 3399 816 3470 maleficiis
839 3399 1007 3470 beneficia
1032 3419 1273 3499 compensans,

24 3491 86 3558 ⁰⁰8,
116 3504 260 3571 quorum
288 3489 392 3578 opera
416 3488 511 3559 filius
539 3487 641 3578 Regis
664 3500 847 3559 coronatus
871 3500 971 3571 est,a
996 3509 1059 3558 suo
1085 3487 1277 3558 ministerio

25 3573 225 3657 suspendisti,
249 3577 426 3650 ministros
442 3583 488 3648 Re
515 3575 545 3648 is
564 3577 781 3648 anathemate
805 3577 1019 3668 percussisti,
1046 3587 1084 3648 ut
1108 3577 1191 3648 satis
1215 3598 1277 3666 ap-

26 3667 134 3740 pareat,
158 3674 189 3734 te
207 3664 280 3738 filio
298 3667 414 3756 Regis,
435 3599 537 3736 mogo
557 3667 680 3756 possis,
701 3687 864 3738 coronam
883 3665 1019 3737 auferre
1043 3665 1274 3736 constituisse.

28 3737 63 3806 lte
82 3743 130 3818 his
146 3765 258 3825 utrum
276 3775 391 3826 coram
410 3760 500 3846 Rege
521 3776 669 3845 purgare
685 3769 716 3828 te
735 3755 831 3837 velis,
849 3754 987 3826 edicito.
1002 3759 1047 3824 Ea
1063 3755 1153 3824 enim
1171 3775 1278 3824 causa

31 3843 80 3897 1¹08
100 3833 160 3908 huc
177 3844 272 3914 missi
289 3865 462 3914 sumus.»
484 3843 671 3933 Respondit
690 3846 742 3913 vir
757 3857 918 3915 sanctus:
937 3843 1075 3914 «Testis
1098 3855 1149 3912 est
1173 3847 1274 3924 Reus,

31 3929 183 4010 Itunquam
200 3953 254 4002 me
270 3931 342 4002 filio
358 3932 461 4024 Regis
478 3954 640 4003 coronam
657 3934 790 4022 eripere
809 3931 970 4014 voluisse,
988 3933 1046 4003 cui
1058 3952 1122 4024 ego
1138 3931 1276 4002 mallem

33 4007 90 4105 Res·
102 4012 179 4087 alias
201 4021 390 4112 adjungere
405 4043 484 4092 cum
506 4022 622 4113 regnis
637 4021 878 4113 amplissimis,
899 4021 1000 4093 modo
1018 4020 1052 4091 id
1071 4032 1160 4091 recte
1176 4031 1279 4108 atque

35 4093 129 4169 ttdrne
139 4103 206 4177 fieri
221 4110 341 4200 possit.
358 4114 472 4199 Neque
485 4133 564 4181 vero
574 4131 637 4201 ego
654 4110 820 4201 suspendi
835 4132 854 4180 a
868 4111 1058 4181 ministerio
1076 4110 1274 4201 Episcop0s‚

39 4281 90 4378 (ὦ
99 4293 138 4384 ξεῖ
151 4300 234 4350 meum
248 4307 277 4348 de
288 4305 364 4357 capite
374 4307 482 4357 projecit,
491 4307 597 4348 balteum
607 4307 726 4354 discinxit,
735 4307 815 4360 restes
831 4305 924 4358 lougius
941 4309 1034 4357 abjecit.
1043 4308 1161 4350 stacteum
1169 4307 1279 4353 berlaum,

40 4353 327 4466 Wlwffiffietffi'
340 4369 414 4402 mtuu
423 4362 521 4412 propria
531 4361 640 4406 removit.
649 4364 672 4402 et
682 4360 759 4411 coepit
768 4363 911 4404 stramineos
921 4361 1046 4404 masticem
1057 4362 1161 4404 reatuum
1172 4389 1182 4412 „
1194 4360 1280 4412 (Scrtpt

178 4442 200 4461 ..,
260 4443 265 4453 .
315 4443 321 4454 .
