2960 4824
1476 177 1477 234 l

252 281 316 346 290
516 297 555 342 na
579 295 607 342 s.
634 293 800 342 sernroons
823 293 970 342 secatae.
997 295 1169 342 rnranrra.
1314 277 1388 342 use.
1411 277 1444 340 ll

205 381 337 452 malum
363 381 504 449 omnino
527 379 645 466 aliquo
668 379 752 461 Elia,
771 392 831 448 aut
854 379 923 448 alio
940 379 990 448 illi
1015 379 1132 461 simili,
1159 380 1219 466 qui
1239 379 1363 449 coelum
1378 401 1444 462 ape-

202 474 286 540 riret
313 470 489 550 oratione,
517 468 546 537 is
572 489 649 537 vero
672 482 743 537 erat
768 468 941 556 Spiridon.
969 473 1051 538 llam
1084 491 1163 538 curn
1196 467 1294 558 plaga
1322 469 1445 558 graviter

200 572 352 651 urgeret,
371 570 403 626 et
421 557 587 646 populum
606 556 703 626 valde
720 571 993 646 persequeretur,
1018 558 1091 646 ipse
1112 579 1173 647 pro
1188 580 1289 648 grege
1305 578 1443 644 magnum

198 651 343 738 capiens
368 666 544 736 angorem,
563 659 595 714 et
621 647 772 735 paternis
788 647 1026 716 inflammatus
1046 647 1247 727 visceribus,
1274 663 1363 736 rogat
1385 645 1446 731 qui·

199 737 278 807 dem
307 749 344 806 ut
368 734 520 804 clemens
547 739 650 804 ileum
676 733 892 804 clementem.
912 735 975 804 llle
999 747 1111 804 autern
1129 737 1243 804 statim
1262 735 1374 823 implet
1387 755 1446 803 coe-

202 826 276 896 lum
304 823 456 894 nubibus
479 845 519 892 ex
543 836 693 893 extremo
718 835 837 893 terrae:
856 823 992 910 etquod
1009 837 1060 894 cst
1081 823 1249 906 mirabile,
1266 846 1308 893 ne
1322 823 1446 909 aliquem

206 927 336 984 motum
373 913 621 982 elementorum
657 912 868 982 existimaret
902 913 1066 1000 consequi
1100 911 1278 1001 pluviam,
1310 917 1448 982 beuseas

205 1001 324 1104 procul
350 1001 511 1071 ostendit.
531 1001 626 1070 Sistit
649 1015 777 1082 autem,
799 1023 865 1070 non
886 1003 983 1090 prius
1002 1002 1202 1091 permittens
1216 1023 1276 1071 eas
1292 1000 1449 1070 ascendere

208 1091 377 1172 insulam,
408 1111 512 1175 quam
539 1103 679 1160 sanctus
702 1112 781 1160 eum
806 1112 929 1160 rursus
958 1103 1081 1160 oraret.
1101 1091 1260 1160 Nondum
1290 1091 1376 1160 enirn
1407 1087 1448 1155 ille

209 1192 339 1271 guttam
364 1180 526 1249 emiserat
550 1179 794 1268 lacrymarum,
820 1192 852 1250 et
878 1179 1034 1268 protinus
1059 1179 1166 1248 multa
1195 1180 1310 1270 erupit
1335 1179 1447 1268 pluria:

209 1281 241 1339 et
266 1268 460 1358 pinguescit
478 1267 617 1354 quidem
651 1281 761 1348 terra;
790 1267 931 1338 aluntur
954 1281 1066 1338 autem
1097 1268 1242 1348 fructae,
1263 1282 1296 1338 et
1318 1279 1450 1336 crescunt

210 1371 351 1458 segetes,
369 1368 401 1426 et
424 1357 542 1426 omnia
558 1356 662 1426 simul
682 1356 773 1426 mala
796 1356 988 1426 solvuntur.
1007 1362 1043 1426 ln
1063 1357 1128 1426 hoc
1145 1357 1306 1448 Spiridon
1324 1357 1383 1426 luit
1396 1357 1450 1443 ipso

210 1445 294 1529 Elia,
323 1459 361 1515 ut
384 1444 516 1533 aliquid
545 1445 657 1515 dicam
682 1445 856 1527 audacter,
884 1446 1075 1536 benignior.
1106 1451 1188 1516 Nara
1218 1447 1312 1516 Elias
1337 1445 1450 1532 quiden

210 1557 290 1606 cum
307 1535 460 1636 pluviam
478 1534 686 1614 retinuisset,
705 1534 830 1603 deinde
851 1557 972 1604 rursus
990 1535 1133 1618 remisitq
1152 1534 1209 1603 ille
1232 1557 1310 1604 vero
1327 1535 1450 1624 primum

210 1645 278 1693 non
305 1624 469 1704 imitatus,
496 1624 606 1692 existit
629 1623 659 1691 ei
682 1647 743 1712 par
766 1624 800 1692 in
827 1624 989 1693 secundo.
1010 1629 1049 1692 lit
1072 1624 1136 1694 hoc
1155 1623 1299 1710 quidem
1320 1639 1368 1694 est
1381 1624 1451 1711 ejus-

211 1712 314 1782 modi.
333 1712 480 1782 Alterum
500 1726 613 1782 autem
632 1725 683 1780 est
703 1711 762 1781 illo
781 1712 890 1781 nihilo
907 1712 1064 1781 inlerius.

253 1804 271 1889 ξ
294 1806 338 1874 tt.
356 1801 532 1890 lllligebnt
551 1822 672 1870 rursus
689 1801 886 1870 eommunis
903 1801 1094 1881 calamitas,
1112 1812 1144 1870 et
1167 1799 1321 1870 fructum
1338 1821 1399 1869 non
1418 1797 1451 1864 le·

211 1890 306 1960 rebat
331 1889 458 1959 insula.
488 1884 715 1960 Frument'arii
750 1903 861 1958 autern
888 1901 919 1959 et
944 1890 1106 1964 frumenti
1142 1903 1408 1979 cauponatores,
1427 1885 1451 1952 in

210 1980 314 2050 tantis
336 1979 393 2047 Dei
417 1978 522 2050 minis
539 1977 687 2049 volentes
711 1978 777 2048 lrui
797 1978 943 2058 deliciis,
966 1992 999 2047 et
1023 1991 1174 2069 tempore
1199 1979 1327 2048 callide
1349 1993 1379 2046 et
1399 1997 1451 2043 na-

211 2067 321 2138 litiose
350 2081 494 2144 utentes,
524 2068 635 2158 magis
664 2069 836 2158 augebant
868 2067 1109 2148 calamitatem,
1129 2067 1309 2148 frumenti,
1332 2081 1367 2136 ut
1392 2064 1452 2132 dicit

210 2157 409 2246 Scriptura,
442 2155 613 2225 trahentes
647 2170 680 2227 et
711 2169 875 2246 augentes
904 2159 1071 2246 pretium;
1103 2169 1177 2226 ete
1203 2159 1452 2246 propinquorum

209 2245 310 2315 malis
335 2244 481 2334 impium
498 2245 564 2314 sibi
589 2245 723 2314 lucrum
752 2257 921 2335 parantes.
943 2245 989 2314 hd
1008 2267 1117 2314 unum
1136 2267 1217 2336 ergo
1244 2246 1366 2315 horum
1389 2239 1452 2310 diri·

210 2343 280 2403 lum
311 2355 389 2402 curn
420 2331 560 2418 quidam
593 2355 723 2424 pauper
746 2334 955 2410 accessisset.
986 2346 1019 2404 et
1042 2336 1207 2424 pecunias
1237 2335 1376 2422 quidem
1406 2349 1452 2398 non

207 2421 359 2504 haberet,
376 2421 504 2507 quibus
526 2435 652 2492 emeret
675 2445 763 2509 quae
785 2435 882 2492 erant
905 2423 969 2491 sibi
996 2422 1037 2492 ad
1063 2445 1165 2492 usum
1194 2424 1398 2494 necessaria:
1422 2418 1452 2484 lu·

207 2532 343 2600 erymas
366 2523 493 2590 autem,
512 2531 611 2597 quas,
632 2512 717 2601 proh
742 2511 877 2593 dolorl‚
897 2511 1054 2592 habebat,
1072 2511 1273 2592 exsolveret,
1293 2527 1325 2581 et
1349 2507 1453 2580 llebiles

209 2622 305 2670 voces
331 2597 520 2668 miserabili
550 2600 671 2670 habitu
694 2613 727 2670 et
756 2602 877 2671 obtutu
903 2601 1093 2680 emitteret,
1121 2600 1220 2670 illum
1256 2598 1452 2670 iollerihilen

207 2691 398 2760 conabatur
413 2687 557 2768 flectere,
578 2689 679 2776 pedes
704 2711 883 2778 prensans,
907 2703 1009 2758 totam
1030 2688 1172 2759 donium
1202 2690 1381 2780 complens
1401 2685 1454 2774 eju·

208 2776 298 2847 latu:
324 2775 406 2864 qaid
435 2798 500 2846 non
527 2776 666 2858 iaciens,
694 2778 776 2868 quid
804 2799 870 2846 non
896 2778 1026 2857 dicens,
1053 2777 1142 2864 quod
1171 2793 1288 2868 posset
1312 2777 1455 2848 attrahere

207 2866 247 2934 ad
271 2865 568 2935 misericordiam?
591 2871 772 2952 Postquam
800 2881 913 2936 eutem
948 2867 1034 2935 nihil
1068 2867 1189 2936 horum
1221 2869 1366 2936 omnino
1389 2859 1455 2962 lepl-

206 2953 304 3022 deam
323 2953 416 3023 illam
435 2955 587 3024 animam
611 2956 713 3024 movit
738 2955 781 3025 ad
807 2957 1073 3036 miserationem,
1102 2977 1209 3024 unum
1233 2957 1401 3048 refugium
1418 2971 1455 3018 in·

207 3043 298 3112 venit
316 3063 457 3132 pauper,
474 3065 597 3132 nempe
621 3059 790 3116 sanetum.
809 3044 854 3114 hd
880 3066 981 3132 quem
1003 3067 1081 3114 curn
1101 3045 1317 3128 accessisset,
1331 3058 1363 3114 et
1377 3057 1455 3111 suan

205 3131 372 3220 inopiam,
390 3147 422 3200 et
445 3154 619 3202 summam
644 3133 880 3203 divitisrelert
898 3147 1081 3234 egestatem
1099 3134 1369 3204 misericordiae.
1389 3136 1454 3223 Can

206 3219 236 3290 is
259 3233 372 3291 autem
392 3220 455 3290 hoc
479 3221 657 3303 audiisset,
687 3223 846 3292 misertus
870 3223 1009 3309 quidem
1031 3235 1081 3291 est
1105 3222 1336 3304 calamitatis;
1362 3219 1456 3312 divitis

207 3332 284 3380 vero
308 3309 387 3379 odio
407 3309 527 3381 habuit
551 3311 813 3392 immanitatem,
839 3324 871 3380 et
895 3312 1035 3380 velutia
1059 3314 1123 3380 Deo
1140 3309 1291 3392 alllatus,
1312 3308 1457 3400 praedixit

204 3398 379 3490 imprimis
396 3399 602 3488 prophetice:
623 3423 640 3466 «
659 3406 707 3470 Tu
728 3415 840 3470 autern
862 3421 922 3470 nee
943 3422 1072 3490 gemas,
1093 3421 1154 3468 nec
1172 3400 1385 3492 lacrymeris.
1401 3400 1456 3462 lun

205 3489 296 3559 enim
323 3487 448 3558 domus
468 3511 544 3558 eras
572 3489 764 3558 abundabit
793 3489 914 3559 bonis:
944 3489 1004 3577 qui
1029 3500 1142 3558 autern
1170 3510 1263 3558 nunc
1289 3503 1340 3560 cst
1367 3485 1454 3581 dites,

205 3577 308 3647 simul
335 3577 398 3646 erit
417 3589 449 3646 et
475 3578 693 3660 miserabilis,
715 3591 748 3647 et
772 3577 984 3661 irridebitur,
1006 3591 1038 3648 et
1059 3579 1187 3647 invitus
1212 3577 1274 3647 tibi
1300 3577 1392 3647 cedet
1413 3573 1454 3645 irs

204 3665 333 3754 quibus
356 3687 454 3756 eges:
476 3681 701 3756 promptoque
725 3681 757 3735 et
780 3666 885 3736 alacri
903 3668 1020 3736 animo
1046 3666 1190 3757 rogabit,
1208 3680 1246 3737 ut
1271 3664 1455 3755 accipias.»

203 3756 293 3824 Haec
319 3775 450 3845 pauper
474 3756 615 3844 putabat
642 3761 803 3825 Sanctum
833 3757 971 3842 quidem
997 3755 1109 3824 solum
1136 3755 1250 3826 dicere
1280 3755 1322 3825 nd
1355 3768 1456 3847 conso·

202 3839 354 3923 landam,
372 3867 440 3930 qun
458 3848 687 3931 premebatur,
704 3845 947 3914 calamitatem.
972 3844 1066 3914 Unde
1090 3844 1191 3914 etiam
1217 3845 1337 3914 abibat
1352 3841 1454 3911 tristis.

202 3933 312 4022 utqui
329 3954 462 4003 sacram
489 3937 686 4015 anchoram,
703 3942 826 4022 nemp‘e
850 3955 938 4016 earn,
953 3955 1057 4023 quarn
1083 3934 1119 4003 in
1145 3955 1271 4024 magno
1293 3929 1455 4022 Spiridont

201 4041 297 4111 spem
326 4020 482 4103 habebat,
512 4024 696 4093 invenisset
725 4025 861 4091 inanem
887 4036 919 4092 et
944 4023 1089 4092 irritam.
1416 4102 1421 4114 Ι

246 4112 335 4196 §⁰-
362 4115 445 4180 Cum
474 4133 539 4181 nox
559 4125 672 4182 autem
694 4113 767 4199 jam
798 4111 1024 4194 adventasset,
1045 4117 1132 4180 lleus
1158 4111 1298 4198 quidem
1324 4113 1452 4178 annuit:

201 4213 343 4286 repente
374 4221 451 4268 vero
483 4200 616 4271 coelum
642 4223 766 4290 aquam
796 4201 941 4271 elluodit
971 4201 1004 4270 in
1033 4216 1170 4282 terram,
1202 4211 1294 4270 tanta
1318 4195 1477 4284 copiast,

203 4298 297 4356 tanto
322 4288 472 4390 impetu,¹
490 4303 527 4358 ut
551 4289 766 4390 'divitisuna
798 4291 1050 4359 attraherentur
1078 4289 1222 4372 horrea;
1257 4288 1452 4357 frumentun

202 4387 318 4444 autern
333 4388 365 4445 et
379 4399 493 4447 omnis
513 4378 603 4447 alius
618 4377 750 4450 lructus
766 4379 914 4470 sparsim
932 4379 1124 4470 ejiceretur,
1146 4391 1178 4450 et
1189 4378 1317 4468 jaceret
1330 4381 1454 4465 paratus
1476 4389 1477 4418 t
