2932 4812
241 280 305 344 596
516 296 554 342 uu
579 297 604 343 s.
634 295 809 342 srtvrsrno
833 295 914 342 rnen
938 295 976 342 nr
998 291 1146 342 conrsss.
1286 269 1355 334 ott.
1373 267 1398 330 tt

196 380 400 470 discipulos,
429 381 488 468 qui
512 381 542 448 ei
572 393 796 470 suggererent
821 392 1018 467 quaesunt
1044 378 1207 448 salutaria.
1228 379 1320 443 h'ootu
1338 371 1402 438 enin

196 469 380 539 dormienti
407 468 606 558 Imperatori
632 471 695 537 visi
713 482 793 538 sunt
809 470 839 537 ei
859 468 996 538 adstare
1020 468 1091 537 duo
1108 467 1176 534 viri.
1196 461 1298 553 Itogati
1312 471 1402 527 auten.
1442 530 1443 550 χ

197 559 341 646 quinam
366 571 491 637 essent,
511 556 764 646 responderunt
784 577 819 626 se
833 579 908 628 esse
929 561 1066 626 Petrum
1085 567 1118 625 et
1131 553 1259 624 Paulum
1276 550 1405 638 Apostolos
1442 551 1444 620 ζ

196 647 277 718 Iesu
301 647 436 717 Christi:
465 647 588 716 missos
605 659 719 715 autem
745 667 819 716 esse
833 646 877 714 ab
894 644 964 727 illo,
984 658 1022 715 ut
1044 645 1077 713 ei
1102 645 1186 713 riam
1210 639 1403 712 salutisostru-
1445 704 1446 707 ,

198 735 327 816 dorent,
345 735 567 824 corporisque
590 747 622 804 et
637 735 774 804 ammae
795 734 918 806 salutis
941 733 1201 821 consequendae
1221 730 1353 799 rationem
1365 720 1404 788 do·
1445 719 1448 813 l

197 837 374 906 occentet
398 824 500 892 vitam
525 823 645 892 darent
669 844 758 910 quae
783 845 849 893 non
878 835 986 912 potest
1005 822 1160 902 dissolvi,
1181 807 1403 910 proptereaquod

198 914 272 1004 ipse
295 913 398 981 vitam
423 933 511 1000 qnae
534 925 585 982 est
606 911 648 980 ad
669 925 815 1002 tempus,
835 911 967 982 dederit
992 911 1194 980 intantihus.
1212 910 1241 978 Si
1266 907 1336 974 hacc
1355 919 1409 985 ugo
1448 953 1449 978 ³

198 1003 249 1072 vis
263 1001 439 1088 consequi,
460 1021 595 1070 accerse
623 1001 831 1091 Episcopum
853 1001 1078 1090 sylvestrum,
1101 1001 1160 1087 qui
1186 999 1217 1066 in
1241 1005 1338 1064 monte
1360 1007 1411 1084 pto·
1448 1029 1449 1048 .

199 1103 273 1179 pter
297 1090 345 1160 tui
369 1103 496 1159 metum
521 1089 709 1160 delitescit:
737 1103 768 1159 et
794 1091 822 1158 si
843 1089 939 1160 illius
965 1089 1105 1158 monitis
1133 1086 1286 1177 parueris,
1307 1080 1353 1150 ille
1375 1073 1411 1142 nh

163 1224 169 1235 ι
198 1178 353 1248 ostendet
379 1179 560 1268 piscinam,
582 1200 670 1265 qnae
694 1189 726 1247 et
749 1179 865 1248 carnis
890 1178 1052 1268 purgabit
1073 1179 1165 1256 vitia,
1186 1188 1217 1245 et
1239 1173 1355 1242 animae
1370 1183 1412 1232 sot·

199 1268 259 1336 des
278 1265 380 1336 eluet.
401 1272 489 1336 Ilaec
514 1288 592 1336 cunt
619 1268 649 1336 ei
669 1266 845 1346 dixissent,
869 1281 1084 1337 recesserunt
1112 1265 1156 1335 ab
1179 1262 1280 1334 oculis
1305 1263 1414 1346 Impert-

201 1357 294 1436 toris,
316 1367 348 1425 ct
373 1356 476 1424 simul
501 1356 602 1426 etiarn
620 1377 698 1426 eum
726 1355 859 1425 dimisit
884 1377 1040 1426 somnus.
1059 1359 1104 1422 Eo
1128 1366 1239 1424 autem
1262 1349 1300 1419 de
1321 1362 1415 1415 sonno

199 1466 277 1513 cum
303 1445 420 1513 animo
439 1444 620 1536 cogitante,
642 1457 675 1512 et
700 1445 809 1513 visum
836 1443 1040 1525 admirante,
1060 1443 1204 1515 accessit
1224 1437 1415 1532 medicum

200 1533 242 1602 de
266 1553 360 1602 more
379 1535 408 1602 ei
436 1533 671 1603 medicabatur
695 1532 823 1602 ulcera.
846 1533 907 1601 Ille
931 1545 1045 1602 autem
1070 1553 1150 1602 eum
1179 1529 1312 1608 dimisit,
1337 1523 1416 1592 dnm

201 1643 237 1692 se
261 1643 328 1722 non
355 1621 507 1710 amplius
530 1643 628 1710 egere
652 1620 780 1691 auxilio
805 1621 1003 1694 artificioso.
1033 1621 1203 1690 Divinitus
1225 1619 1308 1689 cuim
1335 1609 1403 1681 adn

176 1722 291 1779 ‘venit
316 1709 481 1780 auxilium
500 1711 532 1778 in
551 1711 694 1791 somnis,
712 1723 743 1778 et
765 1733 819 1780 me
843 1710 1000 1781 divinum
1030 1711 1204 1780 somnium
1234 1704 1341 1777 adivit.
1361 1702 1415 1766 Ilatt'

199 1821 278 1870 cum
304 1799 456 1878 dixisset,
491 1799 592 1869 mittit
615 1799 901 1888 quamprimum,
934 1799 994 1887 qui
1027 1799 1165 1869 beatum
1195 1796 1375 1887 sylvestrum
1394 1801 1415 1846 t'l

201 1899 553 1988 montequaererent,
582 1899 717 1957 etcum
743 1887 784 1956 ad
817 1889 932 1977 ipsum
959 1887 1172 1958 adducerent
1195 1906 1271 1957 cum
1294 1899 1370 1954 omnt
1389 1893 1416 1938 tt·

202 1989 363 2045 verentia.

244 2069 262 2152 ξ
288 2069 360 2137 Η.
389 2069 569 2152 Postquam
595 2077 708 2135 autem
736 2067 896 2135 inventus
919 2077 1009 2135 esset
1033 2065 1075 2134 ab
1101 2066 1166 2139 iis.
1193 2064 1253 2151 qni
1276 2059 1358 2132 nussi
1377 2051 1417 2118 itt·

189 2167 290 2250 ‚rant
310 2166 341 2223 et
360 2155 432 2242 jam
457 2165 545 2223 esset
569 2153 752 2233 adductus,
770 2174 848 2222 eum
871 2168 903 2223 et
920 2152 1079 2224 lubenter
1104 2153 1198 2234 vidit,
1217 2166 1249 2223 et
1272 2152 1301 2220 ei
1323 2147 1369 2217 isit
1385 2159 1417 2206 ot·

201 2241 304 2322 viam,
330 2253 362 2310 et
385 2263 463 2310 eum
488 2253 539 2311 est
562 2242 775 2331 complexus.
808 2243 958 2311 Deinde:
990 2267 1008 2310 tt
1037 2242 1164 2332 hdjuro
1189 2255 1231 2322 te,
1260 2238 1367 2330 inquit,
1387 2243 1419 2315 pt·

200 2331 421 2411 crucifixum,
440 2351 542 2420 quern
568 2343 604 2400 tu
628 2330 725 2412 colis,
746 2342 783 2400 ut
806 2331 902 2401 dicas
929 2333 1027 2412 mihi,
1045 2354 1087 2402 au
1106 2330 1214 2420 aliqui
1232 2329 1318 2420 apud
1340 2313 1419 2410 rosit

201 2419 370 2500 colantur,
392 2421 531 2489 nomine
555 2425 674 2490 Petrus
689 2433 721 2488 et
741 2419 880 2489 Paulus.
902 2420 999 2490 »Ille
1016 2433 1129 2490 autem
1148 2431 1266 2490 contra
1282 2404 1411 2506 respotll

202 2531 219 2574 «
247 2513 341 2578 Unus
365 2531 386 2577 a
411 2509 510 2578 nohis
532 2513 618 2578 Deus
642 2509 874 2599 cognoscitur,
896 2530 915 2578 o
940 2513 1141 2594 Imperator,
1161 2509 1222 2596 qui
1246 2506 1421 2577 crearitttt·

202 2596 273 2696 lum
299 2609 331 2666 et
352 2611 489 2676 terrem,
507 2607 540 2666 et
562 2598 681 2666 omnia
697 2618 786 2684 quae
810 2611 891 2666 sunt
917 2598 950 2666 in
976 2599 1038 2667 eis.
1058 2603 1150 2681 Quos
1174 2611 1288 2666 autem
1313 2597 1370 2684 ipse
1386 2601 1422 2649 tl·

202 2686 354 2765 mtnasti,
375 2707 442 2755 non
459 2685 520 2765 dii,
539 2685 599 2755 scd
626 2686 681 2755 Dei
703 2699 785 2755 sunt
806 2687 967 2767 ministri,
984 2689 1044 2774 qui
1062 2687 1194 2776 ubique
1208 2685 1327 2754 Christi
1342 2689 1422 2749 pontt

196 2776 471 2875 annuncIarunt,
491 2788 524 2843 et
549 2787 719 2864 postremo
740 2795 802 2864 pro
826 2775 885 2844 illo
907 2789 988 2844 sunt
1009 2775 1148 2856 mortui,
1177 2787 1215 2844 ut
1241 2796 1325 2862 quos
1347 2761 1424 2838 auh-³

202 2863 412 2963 interemerit
426 2868 511 2933 Ilero
526 2877 662 2953 propter
679 2862 862 2933 salutarem
882 2864 1185 2954 praedicationem.
1201 2885 1218 2929 e
1233 2868 1361 2952 Propter
1375 2854 1424 2921 hal

202 2948 330 3020 Iuenna,
349 2951 491 3022 allectus
508 2957 715 3041 Imperator:
736 2973 754 3018 t
777 2957 869 3042 Rogo
890 2966 932 3034 te,
953 2953 1076 3040 inquit,
1097 2953 1266 3043 Episcope
1290 2949 1423 3022 silone

201 3037 325 3141 horum
347 3039 469 3110 Christi
494 3040 747 3131 dIscipulorum
772 3041 913 3111 ostende
938 3041 1021 3110 mihi
1050 3041 1192 3132 effigies,
1216 3041 1244 3111 si
1272 3023 1389 3110 hahens.
1406 3037 1427 3123 tl

201 3148 308 3198 sciam
338 3150 381 3197 an
408 3129 430 3197 ii
456 3148 570 3198 revera
596 3129 664 3200 sint
689 3129 751 3211 illi,
771 3131 831 3216 qui
857 3141 958 3199 noctu
992 3131 1079 3200 mihi
1104 3141 1347 3220 apparuerunt.
1367 3113 1424 3188 ill·-

199 3229 315 3317 autem
342 3229 454 3287 statim
471 3219 577 3306 jussit
603 3219 761 3299 Diacono,
781 3231 818 3288 ut
842 3239 1060 3290 summorum
1081 3219 1317 3309 Apostolorum
1337 3211 1425 3284 altem

202 3305 383 3398 imagines,
401 3319 433 3376 et
447 3327 504 3375 eas
520 3307 713 3376 ostenderet
732 3307 947 3395 Imperatori.
970 3313 1054 3377 Cum
1077 3308 1111 3376 in
1136 3329 1194 3377 eas
1213 3321 1324 3377 autem
1348 3299 1426 3371 attan

200 3396 320 3466 oculos
337 3395 509 3496 injecisset
532 3400 734 3495 Imperator,
752 3395 815 3465 hos
838 3417 912 3466 esse
936 3395 1150 3478 exclamarit,
1166 3408 1199 3467 et
1214 3418 1282 3466 non
1299 3393 1382 3464 alios.
1394 3397 1426 3468 qn

203 3484 245 3553 ad
271 3505 350 3584 eum
376 3505 559 3554 insomnis
585 3497 828 3569 accesserum3
854 3497 886 3554 et
911 3487 1023 3556 risum
1051 3489 1201 3555 narravit
1230 3481 1429 3555 restincto·

203 3585 295 3731 pant
319 3585 357 3643 ut
380 3574 409 3642 ei
434 3572 626 3644 ostenderet
650 3573 832 3664 piscinam,
852 3575 1048 3663 quam,an
1068 3576 1099 3644 ei
1115 3574 1287 3655 visisunt,
1305 3557 1428 3653 suotptl·

219 3662 289 3731 itici
313 3683 388 3732 esse
413 3672 638 3752 purgaturum
663 3675 696 3732 et
719 3663 871 3732 animam
892 3674 925 3733 et
948 3664 1086 3753 c'orpus.
1109 3668 1254 3754 Magnus
1278 3673 1377 3732 antem
1396 3647 1428 3718 ill

203 3764 318 3852 pater:
343 3775 364 3852 <t
387 3757 458 3851 Iton
483 3750 582 3820 aliter
606 3751 679 3832 tibi,
704 3752 864 3842 inquito
893 3757 1094 3841 Imperator,
1115 3751 1230 3821 licebit
1254 3751 1311 3820 iIIa
1331 3745 1383 3817 lrui
1399 3761 1428 3824 o·

201 3861 311 3920 soma,
332 3861 397 3910 nrsr
422 3862 513 3922 eum,
536 3840 596 3928 qui
615 3841 675 3910 tibi
693 3843 736 3910 ab
761 3842 815 3920 iis,
834 3841 896 3927 qui
913 3841 977 3908 visi
994 3853 1087 3921 sunt,
1107 3854 1158 3910 est
1174 3840 1428 3930 praedicatust't

204 3952 281 4000 rum
299 3949 373 3998 csse
399 3931 503 3998 Deum
529 3952 568 3998 ex
592 3929 708 4000 animo
728 3927 927 3999 credideris.
948 3952 966 3994 n
984 3929 1047 3999 Ille
1061 3942 1191 4000 autem:
1211 3953 1229 3998 c
1249 3928 1328 4008 Ilisi,
1344 3926 1427 4006 ioqttl

204 4039 321 4088 verum
347 4022 452 4086 Deum
477 4017 701 4088 credidissem
726 4040 800 4086 esse
828 4017 1025 4099 Christum,
1054 4039 1271 4106 nequaquam
1296 4030 1375 4087 tuam
1393 4021 1430 4072 tt·

205 4106 416 4204 cersirissem
438 4108 663 4176 sanctitatem.
684 4107 755 4176 »Ei
772 4118 888 4176 autem
911 4105 995 4177 dicit
1020 4112 1220 4177 Sanctustu
1243 4107 1430 4196 epactetum

205 4202 235 4257 te
259 4215 356 4280 prius
375 4194 583 4283 jeJunare,o
609 4201 809 4286 Imperator,
829 4207 861 4265 et
882 4200 987 4266 Deum
1014 4195 1149 4285 placare
1174 4195 1339 4287 lacrymis,
1354 4201 1429 4273 qttt·

203 4296 352 4364 cumque
376 4282 524 4380 peccasti
549 4284 780 4355 confitentem.
802 4290 937 4375 Depone
958 4307 1039 4376 ergo
1057 4307 1247 4376 purpuram
1264 4295 1294 4354 et
1308 4277 1426 4367 diadentt

205 4376 332 4450 septem
350 4369 483 4452 diebus,
506 4383 538 4441 et
562 4383 640 4442 tuae
666 4375 779 4463 regine
801 4374 973 4464 penetrale
989 4377 1179 4466 Ingressus,
1198 4373 1320 4446 clausis
1331 4369 1426 4456 janus¹
