2946 4798
238 259 301 326 552
616 277 655 324 nn
679 277 708 326 s.
733 275 894 324 anuarino
917 260 1048 322 narare*
1282 250 1385 318 [Μ

193 362 370 452 dignitate,
381 381 461 430 cum
474 361 606 432 vivente
619 359 978 449 quidemlmperatore
990 373 1061 430 erat
1073 356 1390 428 omnialactnrnseon·
1462 385 1463 410 1

194 450 367 531 maniter,
392 471 432 519 eo
456 461 570 520 autem
589 461 735 530 mortuo,
757 449 829 550 ipse
847 448 981 538 primus
1003 459 1036 517 et
1056 447 1149 518 solus
1168 455 1337 534 accepturus
1355 440 1398 508 in

90 607 97 630 ,
193 539 341 630 perium,
367 551 400 609 et
415 551 592 628 tamquam
616 537 731 609 debita
750 537 818 608 sibi
840 549 974 638 sceptra
1002 548 1213 625 sumpturus.
1237 539 1328 602 Eares
1345 549 1397 596 ren

191 649 259 697 non
275 649 397 718 parum
415 625 643 697 conturbabat
659 626 859 707 Ecclesiam,
877 648 907 695 si
923 647 1046 696 rursus
1058 625 1101 695 sit
1115 623 1283 712 imperinm
1296 619 1404 690 Irianns

191 717 388 788 invasurus.
405 721 513 804 Aspar
536 715 641 797 enim,
668 729 701 784 et
718 716 793 805 ejus
811 714 886 796 filii,
907 727 941 784 et
956 726 1025 784 tota
1040 713 1176 793 domus,
1198 712 1260 782 lrii
1276 707 1403 778 insaniam

192 804 389 876 mirandum
416 803 450 872 in
470 802 610 874 modum
628 803 910 894 amplectebatur.
933 807 1017 872 Cum
1038 803 1153 888 itaque
1168 812 1273 871 essent
1285 797 1357 886 pleni
1371 807 1408 861 tn·

192 894 318 974 multu,
339 893 570 962 communiter
593 904 837 974 convenerunt,
862 904 895 962 et
918 891 1067 962 ducibus
1091 889 1226 962 Geladio
1243 901 1273 958 et
1288 879 1404 956 llarcello

190 993 357 1052 venerunt
376 982 409 1049 in
426 980 713 1072 Hippodromum,
737 994 775 1051 ut
797 982 840 1052 ab
856 982 1036 1052 inhonesto
1050 991 1083 1049 et
1098 977 1238 1070 indigno
1252 977 1306 1048 hoo
1322 981 1407 1058 occult

192 1082 347 1140 arcerent
377 1073 647 1159 Imperatorem:
683 1071 743 1158 qui
774 1071 848 1160 ipse
876 1069 1016 1158 quidem
1047 1069 1088 1137 ad
1123 1068 1187 1138 boc
1217 1085 1335 1155 quoque
1360 1071 1411 1128 ent

190 1171 349 1318 prompto
372 1171 404 1226 et
432 1157 538 1228 alacri
566 1161 694 1240 animo,
729 1158 787 1229 sed
811 1158 953 1230 cedebat
976 1157 1120 1248 tempori
1146 1155 1275 1247 Isparis
1294 1164 1320 1222 et
1334 1147 1414 1219 arda-

215 1270 295 1318 urn.
322 1253 404 1316 Cum
425 1267 505 1337 ergo
531 1246 580 1318 sic
608 1259 748 1338 paratus
776 1259 865 1318 esset
893 1247 1015 1317 Christi
1044 1247 1221 1325 exercitae,
1248 1244 1290 1313 eis
1308 1257 1417 1328 quoque

191 1342 280 1407 Deus
311 1335 458 1406 ostendit
488 1341 637 1407 Ducem:
663 1351 695 1406 et
725 1349 858 1407 tantum
890 1336 1052 1406 interesse
1082 1335 1170 1404 inter
1198 1329 1373 1402 Marcellum
1396 1337 1417 1390 tt

191 1424 277 1496 alios
294 1423 486 1496 sacerdotes
504 1438 538 1494 et
564 1425 756 1506 Pontifices,
785 1437 955 1512 quantum
976 1426 1063 1493 inter
1082 1423 1247 1494 exercitus
1271 1425 1377 1489 Ducem
1395 1425 1416 1479 n

191 1518 458 1603 Imperatorem:
485 1527 586 1602 atque
610 1514 707 1595 adeo,
735 1513 764 1584 si
785 1513 880 1596 velis
905 1514 994 1583 inter
1010 1510 1153 1582 militem
1170 1525 1202 1581 et
1227 1515 1350 1586 Ducem,
1374 1503 1417 1597 hoa

191 1601 254 1671 luit
277 1601 417 1672 evidens
449 1603 602 1704 signum.
632 1607 715 1673 Nam
740 1603 830 1672 inter
859 1600 1134 1682 ambulandum,
1161 1599 1312 1670 videbant
1335 1593 1357 1662 ii
1375 1609 1414 1679 qut

189 1690 286 1781 digni
304 1703 400 1760 erant
416 1711 455 1760 ea
472 1691 595 1773 videre,
612 1690 773 1779 juvenem
799 1690 939 1778 quidem
964 1691 1096 1760 statura
1121 1689 1313 1767 maximnm,
1336 1682 1414 1782 lornt
1456 1696 1461 1769 l

189 1801 268 1850 vero
293 1779 592 1869 pulcherrimum,
629 1793 662 1850 et
689 1783 775 1850 zona
797 1780 951 1850 cinctum
976 1780 1103 1858 aurea,
1130 1778 1290 1867 adspectu
1310 1768 1409 1862 quiden
1453 1770 1456 1795 ⁶

191 1880 259 1938 tam
285 1867 497 1948 candidum,
525 1881 564 1938 ut
587 1867 699 1938 nivem
722 1869 894 1940 videretur
913 1889 1099 1958 superare:
1125 1879 1195 1938 tam
1220 1863 1358 1936 lucidum
1376 1875 1413 1954 at·
1456 1879 1463 1940 t

189 1969 269 2038 tem,
287 1969 325 2026 ut
341 1957 417 2028 lucc
431 1970 636 2028 coruscaret.
655 1963 765 2028 Laena
788 1979 866 2027 vero
891 1959 923 2026 ei
946 1969 1018 2026 erat
1044 1967 1077 2027 et
1102 1956 1232 2036 tunica,
1250 1973 1345 2040 eaque
1363 1962 1410 2014 titt

190 2045 402 2115 candidiora.
431 2051 515 2115 Eum
534 2067 615 2137 ergo
629 2046 791 2118 videbant
805 2069 825 2120 a
840 2045 989 2117 sinistris
1012 2043 1118 2116 simul
1137 2066 1219 2115 cum
1235 2040 1411 2132 magnella-

189 2133 274 2204 cello
292 2133 539 2215 ambulantem,
567 2135 669 2205 veluti
698 2134 870 2225 quendam
898 2134 1091 2216 satellitem,
1120 2130 1225 2203 simul
1250 2126 1407 2224 terribilen¹
1462 2158 1463 2196 t

189 2237 221 2294 et
238 2245 377 2292 manum
398 2221 500 2293 veluti
517 2237 781 2313 supponentem,
801 2221 1008 2294 sustinuisse
1021 2243 1151 2305 senem,
1169 2235 1289 2292 etcum
1306 2229 1410 2288 manna

190 2311 378 2412 pevereutia
398 2332 465 2381 non
490 2310 660 2383 destitisse
677 2313 709 2382 ei
727 2312 903 2382 inservire.
931 2316 1015 2382 Cum
1032 2324 1147 2382 autem
1177 2307 1318 2401 ingressi
1338 2309 1410 2394 essen

191 2421 224 2470 rn
245 2421 324 2470 eum
343 2400 469 2481 locum,
497 2401 531 2469 in
552 2422 622 2490 quo
639 2400 768 2472 solebat
784 2400 902 2470 sedere
921 2405 1123 2490 Imperator,
1146 2413 1219 2470 erat
1244 2395 1408 2490 quidemst

188 2510 326 2577 quoque
349 2488 530 2560 Marcellus
556 2491 673 2560 omnia
692 2489 736 2559 iis
755 2490 815 2578 qni
839 2502 936 2559 erant
960 2488 1150 2560 EcclesIae:
1177 2485 1353 2576 quinetiam
1367 2493 1410 2571 ψξθ
1462 2523 1463 2556 r

188 2598 324 2666 quoque
353 2577 458 2646 libere
484 2577 689 2664 loquebatur
712 2578 754 2648 ad
780 2583 1038 2668 Imperatorem,
1065 2591 1098 2646 et
1122 2576 1192 2648 illis
1215 2574 1351 2646 addebat
1366 2583 1408 2664 tm·
1462 2603 1463 2644 l

191 2689 299 2767 mum,
312 2679 351 2766 'et
367 2665 627 2824 (quodammodo
651 2689 709 2738 eos
729 2666 976 2738 adhortabatur
992 2665 1034 2736 ad
1059 2677 1232 2737 certamen
1251 2685 1309 2756 pro
1325 2661 1410 2734 Christe
1462 2691 1463 2728 r

189 2776 363 2844 suscrpren
391 2777 463 2825 um.
490 2760 596 2843 Atque
620 2755 672 2825 illi
698 2755 939 2844 quidemoum
968 2755 1085 2825 omnia
1108 2755 1298 2826 effecissent
1320 2755 1410 2842 propter
1462 2779 1463 2822 t

188 2865 276 3002 garae
302 2855 474 2924 venerant,
499 2865 588 2931 quae
611 2843 750 2932 quidem
776 2855 885 2926 erant,
912 2854 950 2913 ut
973 2844 1111 2934 Isparis
1132 2843 1228 2914 filins
1252 2854 1308 2914 aut
1330 2845 1411 2910 recum
1462 2879 1463 2906 t

214 2943 334 3030 rsceret¹
355 2932 578 3020 opinionem,
609 2946 668 3004 aut
688 2955 751 3004 nec
772 2933 975 3024 dignitatem
997 2933 1150 3005 Caesaris
1175 2933 1337 3024 acciperet
1350 2925 1412 3015 (laet
1462 2959 1463 2998 l

188 3020 280 3090 enim
306 3041 355 3088 ers
373 3019 548 3110 pollicitus
566 3033 617 3092 est
640 3022 855 3122 Imperator),
878 3020 1042 3092 laetantes
1071 3023 1239 3092 exierunt.
1262 3020 1320 3092 Ille
1339 3025 1413 3087 auttffl
1462 3047 1463 3078 i

188 3130 309 3178 rursus
325 3107 535 3192 adolescens,
551 3121 584 3181 et
596 3108 799 3193 altissrmus,
817 3123 849 3181 et
869 3109 1186 3200 splendidissimus,
1209 3111 1304 3182 visus
1319 3100 1414 3196 quiden
1462 3131 1463 3174 l

189 3210 240 3299 eet
256 3195 370 3268 adhuc
387 3195 507 3270 adesse
528 3210 560 3269 et
580 3199 708 3269 versari
734 3221 814 3270 curn
840 3197 1010 3269 Marcello.
1038 3203 1121 3270 Cum
1146 3221 1225 3270 vero
1249 3221 1326 3270 enm
1345 3187 1415 3263 dedu·
1462 3221 1463 3250 r

188 3297 291 3358 risset
321 3307 431 3372 usque
463 3286 507 3356 ad
537 3298 677 3377 portas,
703 3287 745 3358 de
773 3299 906 3358 caetero
938 3288 1077 3357 evanuit
1100 3309 1139 3358 er
1163 3287 1287 3359 oculis.
1317 3292 1353 3356 lle
1374 3293 1416 3363 tut
1462 3309 1463 3316 ¹

191 3376 309 3447 nullus
326 3375 495 3475 dubitavit
510 3397 551 3445 ex
566 3377 610 3446 iis
622 3377 683 3465 qui
700 3376 855 3458 aderant,
875 3375 934 3448 sed
952 3375 1092 3446 evidens
1107 3376 1173 3449 tuit
1188 3376 1354 3450 omnbus,
1366 3382 1416 3436 eun
1462 3397 1463 3404 ’

189 3465 296 3534 fuisse
313 3465 370 3534 Dei
396 3464 616 3547 ministrum,
638 3465 730 3535 virili
756 3465 876 3536 babitu
905 3465 1080 3547 indutum,
1105 3467 1166 3552 qui
1185 3465 1313 3536 missus
1333 3461 1415 3556 luculi

189 3567 228 3622 ut
243 3565 331 3624 esset
350 3563 465 3624 custos
485 3564 518 3624 et
533 3554 670 3624 satelles
689 3553 851 3624 Marcelli.
875 3553 940 3625 Sed
960 3553 1003 3624 ab
1023 3575 1063 3624 eo
1082 3553 1221 3641 quidem
1240 3553 1305 3626 luit
1322 3547 1417 3622 babitus

189 3641 224 3710 in
243 3653 336 3711 tanto
356 3642 496 3713 honore.
521 3642 620 3713 Haud
637 3643 685 3712 ita
710 3643 817 3712 multo
835 3655 912 3734 post
935 3655 1142 3734 acceperunt
1161 3642 1266 3713 finem
1290 3663 1346 3722 ea,
1361 3645 1418 3727 tull
1462 3629 1463 3648 ¹

188 3731 219 3802 ie
242 3730 421 3820 praedixit.
441 3731 655 3802 ardaburius
678 3731 770 3801 enim
796 3731 903 3802 simul
927 3754 1007 3804 cum
1033 3744 1127 3822 patre
1145 3745 1178 3802 et
1194 3731 1309 3812 fratre,
1326 3741 1353 3800 et
1369 3719 1417 3792 alb

188 3843 255 3891 non
275 3820 395 3910 paucis
411 3841 450 3891 er
470 3821 513 3890 iis
536 3821 597 3908 qui
621 3833 718 3890 erant
733 3819 889 3909 eJnsdem
912 3822 1110 3902 sententiae,
1129 3841 1208 3891 eum
1225 3819 1375 3890 ebibisset
1386 3803 1417 3874 ll·

186 3910 305 3982 limam
321 3908 449 3979 faecem
465 3909 536 3979 irae
552 3910 701 3988 Domini,
720 3921 841 4010 raptus
860 3919 911 3978 est
930 3907 974 3978 ab
992 3907 1203 3990 bominibus,
1226 3909 1318 3979 leoni
1339 3905 1415 3974 dno.

186 3997 388 4086 Imperatori
401 3997 494 4086 juste
519 3997 665 4068 traditus
686 3997 856 4089 impius*.
1454 4030 1456 4091 4

231 4088 351 4171 585.
384 4089 497 4155 Unum
526 4086 641 4156 adhuc
672 4099 775 4158 restat
803 4085 1046 4158 convenienter
1082 4107 1177 4156 meae
1212 4069 1415 4174 promissioni³
1453 4092 1456 4200 Ι

186 4172 277 4254 quod
308 4174 369 4244 ubi
396 4172 578 4261 adjecero,
605 4174 716 4244 finem
733 4175 907 4265 imponam
933 4175 1090 4248 orationi.
1120 4179 1291 4244 Lucienus
1315 4163 1416 4261 quidm

186 4327 223 4415 ι’
239 4329 311 4375 A'bor
320 4333 351 4392 'et
365 4335 510 4376 Ardabnrtna
524 4345 586 4375 anno
601 4338 640 4378 tto
654 4338 792 4387 interempti
806 4341 870 4386 suna
887 4339 993 4384 abeona,
1004 4335 1046 4386 qai
1056 4337 1145 4386 poetes.
1155 4339 1184 4379 ob
1193 4337 1255 4379 berre
1264 4327 1416 4380 caedentum*

198 4381 338 4425 *ursulam
348 4395 491 4430 consecutus
501 4391 544 4428 est.
