3046 4838
69 285 132 346 tlt.
155 285 165 346 t
438 305 480 350 oa
503 305 529 352 s.
551 303 652 354 aarum
678 309 727 354 cr.
755 307 886 355 ivormu.
1214 293 1255 356 33

66 407 109 452 nec
130 385 156 452 in
180 383 243 453 ullo
267 385 408 472 penitus
436 387 656 460 immoderate
673 413 709 460 se
734 393 858 478 gessit:
887 391 946 460 scd
972 393 1088 461 omnia
1118 393 1301 480 diligenter

64 475 330 561 dispiciensatque
356 474 589 566 distinguens,
615 493 646 549 et
663 481 697 549 in
728 479 925 570 disciplina,
953 492 984 550 et
1002 481 1036 549 iu
1066 481 1301 552 misericordia

63 561 172 631 nodum
192 585 322 652 semper
339 576 448 652 atque
467 581 771 656 temperamentum
790 570 946 639 servavit.

90 655 160 738 ξὸ.
183 653 330 752 Entruxit
354 675 496 742 quoque
517 657 549 724 in
568 658 695 747 oppido
715 659 928 727 Novioniensi
948 657 1153 728 ancillarum
1178 660 1302 730 Christi

61 755 300 822 nonasterium,
329 743 390 811 cui
424 766 582 834 magnam
619 747 944 836 congregationem,
978 760 1010 816 et
1040 749 1126 816 vitae
1150 771 1300 818 severam

58 829 273 900 institutionem
293 829 471 903 adhibuit.
491 839 610 904 Terrae
631 858 768 923 quoque
799 835 953 906 redditus
978 837 1187 905 sufficienter
1214 837 1304 908 dele·

56 919 136 1002 gavit,
161 933 192 988 et
213 921 354 1001 omnia,
390 943 478 1008 quae
507 936 620 993 essent
653 924 701 993 illi
736 925 947 1006 necessaria,
975 925 1089 993 solerti
1114 926 1197 994 satis
1221 949 1304 995 cura

56 1007 186 1093 providit.
212 1007 272 1078 Sed
294 1021 327 1078 ct
342 1009 413 1078 alia
433 1011 538 1081 multa
564 1015 783 1095 monasteria,
812 1015 934 1104 partim
952 1014 1027 1104 rJus
1042 1034 1155 1102 opere,
1179 1015 1300 1104 partim

54 1096 237 1168 institutione
261 1120 280 1166 a
306 1097 496 1189 discipulis
511 1102 585 1190 ejus
610 1115 816 1182 constructa,
834 1103 936 1172 hodic
964 1105 1050 1171 intra
1070 1102 1196 1172 Gallias
1224 1119 1302 1173 nota

53 1197 127 1254 sunt.
150 1187 239 1255 ltulti
263 1188 361 1256 enirn
382 1210 423 1258 ex
439 1189 620 1280 discipulis
640 1192 716 1279 eJ‘us
739 1191 901 1261 ecclesias
929 1191 1169 1272 condiderunt,
1202 1193 1301 1262 multi

55 1277 230 1345 :nonasteria
253 1276 447 1346 salubriter
472 1295 649 1348 rexerunt:
683 1302 750 1349 non
778 1281 877 1369 pauci
907 1281 1007 1349 etiarn
1034 1280 1075 1348 ad
1101 1281 1301 1372 Episcopale

54 1364 180 1452 regimen
197 1366 391 1447 sublimati,
420 1367 579 1436 Ecclesiis
594 1368 826 1458 praefuerunt.

86 1457 159 1536 to.
185 1457 268 1524 Huic
293 1455 372 1524 viro
397 1457 615 1527 sanctissimo
636 1459 723 1528 inter
746 1470 878 1527 caetera
891 1457 1053 1526 virtutum
1071 1479 1212 1528 suarum
1238 1459 1302 1528 rui-

54 1542 150 1610 racula
172 1543 202 1612 id
222 1545 325 1613 etiarn
355 1567 377 1612 a
401 1545 546 1614 Domino
569 1567 769 1616 concessum
789 1545 864 1625 suit,
891 1559 929 1616 ut
948 1558 1145 1615 sanctorum
1177 1560 1303 1638 marty-

55 1651 116 1698 rum
133 1653 275 1722 corpora,
293 1654 389 1719 quac
429 1655 466 1700 cr
482 1646 528 1702 tot
544 1635 659 1704 secula
672 1635 838 1705 hactenus
855 1657 874 1702 a
896 1634 1022 1726 populo
1037 1636 1298 1724 ignorabantur,

54 1738 87 1784 eo
108 1719 221 1811 ingenti
245 1720 330 1792 fidei
357 1655 480 1790 ardore
500 1724 736 1824 investigante,
757 1735 887 1824 reperta
914 1737 1005 1792 sunt.
1023 1723 1193 1794 Nonnulla
1210 1726 1301 1794 enim

57 1805 152 1892 plebes
173 1825 267 1882 antea
295 1812 529 1880 venerabatur
553 1834 595 1880 ns
622 1835 656 1881 in
687 1813 782 1890 locis.
813 1835 847 1880 ru
881 1813 1008 1898 quibus
1037 1835 1104 1882 non
1129 1827 1237 1896 erant,
1271 1826 1304 1884 et

57 1909 148 1966 tameo
165 1921 227 1987 quo
250 1899 331 1969 loco
349 1899 492 1968 humata
509 1915 633 1982 essent,
654 1923 795 1992 prorsus
817 1902 1067 1991 incompertum
1098 1901 1300 1972 habebatur.

58 1987 96 2050 Ex
114 2007 145 2054 eo
165 2003 269 2060 autem
286 2003 456 2077 tempore,
474 2011 542 2075 quo
566 1989 697 2081 Eligius
717 1989 865 2079 pontilex
882 2001 1113 2070 consecratus,
1132 2003 1164 2057 et
1189 2005 1303 2081 pastor

63 2071 145 2170 datus
162 2093 212 2160 est,
237 2077 416 2167 quaedam
435 2077 477 2146 ab
504 2077 560 2147 illo
585 2079 735 2159 inventa,
762 2093 794 2148 et
812 2076 938 2168 populo
962 2079 1133 2148 declarata
1158 2091 1251 2148 sunt.
1279 2085 1302 2149 E

63 2163 165 2244 quihus
179 2171 326 2258 primurn
355 2187 394 2234 ac
420 2188 595 2236 summum
616 2183 797 2256 martyrem
817 2179 972 2236 sanctum
989 2167 1192 2249 Quintinum
1218 2168 1247 2244 ⁴,
1267 2168 1301 2236 in

64 2249 200 2343 principio
220 2256 456 2346 Episcopatus
480 2255 532 2324 sui
558 2258 678 2346 grandi
707 2257 870 2326 instantia
893 2257 1099 2343 quaesitum,
1123 2255 1194 2343 jam
1219 2257 1300 2325 olim

60 2335 201 2428 latentem,
224 2349 261 2416 in
288 2345 403 2414 lucem
426 2343 597 2433 produxit.
621 2346 771 2445 Denique
791 2346 992 2434 priusquam
1014 2343 1145 2445 Eligius
1162 2345 1212 2414 illi
1231 2344 1303 2415 loco

59 2427 140 2499 datus
158 2449 241 2506 esset
265 2433 474 2522 Episcopus
495 2434 545 2501 vir
567 2435 708 2522 quidam
737 2434 925 2523 improbus,
950 2437 1127 2503 Maurmus
1151 2433 1302 2516 nomine,

58 2515 154 2590 habitu
168 2523 325 2611 quidem,
352 2534 392 2589 ut
416 2521 552 2610 populis
578 2524 766 2604 videbatur,
790 2522 983 2612 religiosus,
1010 2535 1129 2591 cantor
1151 2523 1252 2592 etiam
1269 2525 1302 2592 in

56 2609 136 2698 ttrgts
158 2614 284 2702 palatio
305 2609 465 2691 celebris,
493 2623 594 2697 atque
617 2635 657 2682 cx
681 2613 758 2692 hoc,
786 2623 823 2680 ut
840 2613 888 2679 rei
908 2609 1025 2680 docuit
1043 2611 1166 2694 exitus,
1194 2625 1304 2681 mente

54 2699 196 2784 tumidus,
224 2700 333 2772 corde
359 2711 537 2788 protervus
557 2714 658 2790 atque
682 2701 815 2770 actione
840 2700 1038 2789 dissipatus.
1066 2700 1129 2782 Qui
1159 2699 1302 2769 audacia

53 2805 119 2854 suae
135 2787 427 2879 praesumptionis
445 2787 618 2879 deceptus,
638 2790 750 2880 coepit
766 2788 876 2859 verbis
899 2787 1057 2858 extollere
1081 2801 1112 2858 et
1134 2790 1301 2878 jactitare,

52 2895 116 2944 ase
132 2879 289 2969 martyris
315 2877 470 2960 Quintini
498 2901 623 2967 corpus
648 2895 679 2947 et
709 2877 835 2965 inquiri
862 2899 972 2967 posse,
999 2892 1030 2946 et
1054 2877 1212 2948 inveniri.
1240 2878 1302 2947 Sed

52 2975 125 3034 utet
145 2969 217 3055 ejus
244 2965 453 3057 proterviam
485 2965 601 3049 illico,
631 2981 663 3036 et
692 2966 790 3056 Eligii
820 2967 959 3036 demum
987 2967 1106 3036 merita
1139 2967 1305 3037 Dominus

53 3050 234 3135 declararet,
257 3077 338 3124 mox
363 3067 402 3123 ut
415 3067 539 3124 terram
557 3055 692 3126 sarculo
716 3055 830 3124 ludere
845 3055 966 3143 coepit,
988 3055 1210 3126 manubrium
1236 3055 1305 3126 los·

52 3143 117 3210 surii
152 3145 320 3215 manibus
351 3142 427 3231 ejus
451 3144 610 3214 inhaesit.
638 3145 759 3233 Sicque
785 3145 890 3214 miser
922 3166 1009 3233 opus
1042 3157 1302 3234 praesumptum

51 3229 244 3320 relinquens,
273 3233 430 3318 sequenti
446 3233 500 3301 die
525 3235 558 3301 in
576 3233 735 3303 manibus
760 3232 836 3319 ejus
853 3233 1027 3303 vermibus
1042 3232 1302 3312 ebullientibus,

52 3319 278 3392 miserabiliter
295 3321 489 3410 exspiravit.
516 3327 560 3390 Er
585 3345 653 3409 quo
677 3321 787 3391 factus
806 3332 920 3390 tantus
946 3321 1047 3391 timor
1070 3321 1177 3390 extitit
1193 3321 1227 3389 in
1247 3341 1306 3407 po-

52 3408 129 3491 pulo,
154 3424 192 3481 ut
216 3409 340 3479 nullus
364 3409 547 3498 deinceps,
575 3412 732 3498 quamvis
755 3408 943 3500 probabilis
961 3410 1059 3490 vitae,
1087 3421 1219 3498 praeter
1239 3407 1307 3476 Eli-

52 3495 131 3580 gium
156 3497 360 3590 hujusmodi
387 3499 558 3588 negotium
585 3500 725 3569 auderet
752 3512 922 3590 appetere.
949 3497 1080 3590 Eligius
1096 3519 1194 3588 ergo,
1222 3499 1307 3566 cura

54 3589 201 3669 pastorali
225 3589 401 3676 suscepti,
420 3588 533 3657 statim
558 3588 593 3656 in
617 3587 755 3658 exordio
780 3610 861 3660 suae
878 3587 1104 3658 ordinationis
1128 3588 1238 3676 coepit
1254 3609 1307 3656 as-

53 3673 158 3746 siduus
182 3699 257 3747 esse
272 3677 307 3744 iu
328 3676 400 3746 loco
418 3676 489 3746 illo.
508 3681 564 3746 Est
587 3679 679 3746 enirn
699 3677 789 3746 haud
813 3677 930 3767 procul
949 3677 992 3746 ab
1011 3677 1097 3746 urbe
1122 3681 1307 3746 veroman-

53 3759 147 3838 densi,
173 3767 206 3835 in
224 3786 265 3836 eo
282 3764 414 3834 scilicet
432 3764 517 3847 loco,
534 3765 595 3836 ubi
615 3765 790 3853 quondam
814 3779 943 3853 martyr
966 3787 1005 3834 ex
1028 3765 1132 3834 ssuvio
1156 3765 1307 3834 elevatus

53 3852 87 3920 ab
102 3855 253 3937 Eusebia,
275 3853 310 3922 in
338 3867 451 3922 monte
464 3853 573 3924 luerat
590 3855 790 3924 tumulatus.
809 3854 941 3944 Eligius
961 3853 1075 3940 itaque
1090 3853 1207 3923 divino
1221 3865 1308 3922 nutu

55 3939 230 4032 instigatus,
255 3941 411 4013 volvebat
435 3943 468 4010 in
500 3944 628 4024 animo,
655 3943 713 4013 sed
741 3957 773 4012 et
797 3943 902 4011 libere
929 3943 1161 4030 proclamabat
1187 3943 1220 4009 in
1249 3963 1309 4030 po-

56 4028 133 4108 pulo.
158 4055 225 4104 non
251 4031 327 4102 illio
364 4031 482 4100 baberi
511 4054 660 4121 corpus,
687 4053 756 4118 quo
781 4032 813 4099 in
848 4031 920 4099 loco
945 4029 1031 4098 illud
1059 4030 1310 4099 venerabantur

55 4113 203 4202 homiues,
227 4121 287 4192 scd
315 4141 389 4190 esse
416 4120 527 4210 potius
555 4122 589 4189 in
616 4133 711 4210 parte
735 4119 901 4190 ulteriori.
926 4122 1077 4217 Cumque
1102 4118 1161 4188 diu
1187 4118 1310 4216 buju83

59 4208 130 4278 nodi
152 4210 308 4281 conditio
333 4207 365 4243 *⁴*
392 4221 538 4278 mentem
563 4211 638 4298 ejus
664 4209 867 4289 stimularet,
890 4218 1001 4295 coepit
1026 4205 1162 4274 tandem
1193 4227 1311 4295 sagaci

16 4363 17 4370 ’
77 4371 85 4388 ‘
97 4371 178 4412 xatatta
189 4374 242 4421 etue
253 4373 293 4412 dte
305 4372 391 4411 ultima
401 4371 503 4412 octobris
513 4373 655 4415 celebratur.

77 4423 97 4446 ²*
111 4426 174 4466 Forte
184 4427 315 4476 tegendum
326 4427 362 4464 ost
372 4428 478 4474 capitatio.
557 4447 569 4470 ‚i

121 4509 236 4566 Suriua
252 4537 263 4550 ·
285 4505 370 4566 Vitae
386 4501 438 4566 SS.
454 4537 467 4550 ·
481 4505 547 4566 l'ol.
562 4503 625 4566 Xll.
1216 4493 1234 4553 3
