2994 4832
49 291 107 356 tttt.
126 293 143 356 5
389 312 427 358 nr
450 312 478 358 s.
505 313 585 358 saun
608 311 681 358 nnn.
709 311 747 356 rr
772 309 863 358 conr.
1158 294 1219 357 tat

48 415 126 461 enen
146 405 174 461 et
195 395 274 482 ejus,
301 417 390 480 quae
415 394 584 476 illiceret,
604 394 826 464 baereditatis
846 416 1078 466 successorem
1095 394 1265 482 relinque-

45 494 101 550 rent.
124 481 265 573 sicergo
287 484 381 572 apud
407 484 617 554 avunculum
645 504 790 554 manens
815 484 932 565 Sabas,
959 483 1031 570 jam
1053 497 1161 554 aetate
1187 506 1265 572 pro-

44 571 136 652 iciens,
152 593 222 641 cum
247 573 365 644 uxoris
388 572 483 643 illius
510 573 707 664 malignitas
723 572 880 643 molestia
903 571 1264 649 afficeretadolescen-

43 675 84 726 ten
94 665 163 742 (erat
173 661 258 729 enim
271 683 390 738 revera
404 661 529 732 mulier
539 661 725 750 impudens
737 676 770 731 et
782 660 959 750 difficilis),
979 662 1074 732 illinc
1088 661 1261 741 recedens,

40 747 134 816 acatii
146 748 183 818 ad
206 749 378 836 quendam
405 751 619 840 Gregorium,
646 752 705 838 qui
722 751 788 840 ipsi
808 772 945 838 quoque
961 765 1032 820 erat
1053 764 1208 841 patruus,
1230 749 1263 817 in

40 837 149 919 quodam
166 837 235 906 rico
259 840 401 910 nomine
425 839 590 920 Scaudos,
617 840 729 909 statim
747 840 791 910 ab
808 839 906 908 initio
922 839 1118 914 ostendens.
1137 853 1266 926 quanto

37 924 224 1026 odiohaheret
242 928 364 1009 malos,
391 939 424 997 et
444 950 479 998 se
502 929 665 1016 majorem
691 949 810 998 curam
837 949 954 1018 gerere
979 928 1133 1008 virtutis,
1160 949 1263 1014 qnam

35 1028 216 1100 cognationis.

63 1103 131 1188 §8-
153 1107 327 1192 Postquam
354 1119 484 1184 autern,
507 1127 586 1175 curn
612 1117 727 1196 ageret
751 1104 843 1194 apud
863 1105 1079 1195 Gregoriurn‚
1098 1104 1184 1174 vidit
1201 1105 1288 1174 hoc'

33 1206 124 1288 patruo
143 1205 171 1260 et
191 1194 362 1264 avunculo
379 1215 541 1284 magnam
568 1195 689 1264 afferre
712 1194 962 1263 dissensionem
989 1217 1029 1266 ac
1053 1193 1263 1264 discordiam

31 1279 228 1366 (contendebat
250 1283 344 1352 euim
371 1294 515 1370 uterque
539 1298 570 1353 et
595 1284 707 1372 ipsius
732 1284 863 1366 Sabae,
889 1295 922 1352 et
950 1305 1064 1354 rerum
1091 1283 1167 1372 ejus
1191 1304 1266 1352 esse

31 1367 182 1456 domiuus),
198 1370 252 1440 illc
268 1393 409 1440 omnem
427 1371 626 1442 offensionis
641 1371 801 1441 auferens
814 1372 1045 1455 occasionem,
1062 1385 1095 1441 et
1112 1384 1266 1442 statuens

32 1454 207 1528 difficultates
229 1481 315 1540 esse,
348 1460 453 1529 veluti
471 1460 658 1547 quamdam
684 1460 774 1530 viam
796 1461 895 1543 vitae,
914 1482 1001 1547 quae
1018 1460 1114 1532 ducit
1129 1460 1170 1530 ad
1191 1461 1267 1550 phi-

32 1545 195 1634 losophiam,
212 1562 300 1620 recte
319 1571 389 1618 non
412 1571 510 1618 secus
527 1571 567 1618 ac
584 1550 664 1620 boni
682 1550 918 1638 imperatores,
938 1572 1024 1622 usus
1044 1563 1095 1621 est
1118 1548 1267 1619 difficul-

31 1645 80 1702 tate
93 1647 272 1726 temporum,
290 1651 325 1708 ct
342 1649 481 1726 repente
505 1638 702 1727 despiciens
717 1638 867 1721 divitias,
889 1653 1064 1740 cognatm,
1086 1640 1265 1728 pecunias.

31 1737 55 1818 et
74 1745 278 1815 quaecumque
299 1727 455 1796 maxime
478 1727 588 1797 solent
612 1727 869 1798 adolescentum
887 1750 1023 1800 ammos
1037 1727 1193 1808 delinire,
1215 1751 1267 1797 se-

32 1831 121 1908 ipsum
138 1815 223 1884 tradit
236 1817 382 1886 cuidam
405 1816 625 1897 monasterie,
644 1816 734 1903 quod
759 1817 944 1886 vocabatur
961 1817 1152 1898 Flavianae,
1173 1816 1267 1904 quod

34 1899 147 1970 distabat
160 1903 266 1995 riginti
289 1904 417 1975 stadiis
434 1927 452 1974 a
469 1904 677 1976 llutalasca:
705 1905 890 1975 ostendens
908 1905 1054 1986 labores
1076 1907 1134 1992 qui
1154 1905 1269 1975 serunt

37 1986 68 2052 ad
87 1989 224 2075 rirtutent,
241 2017 319 2066 esse
337 2016 360 2062 a
374 1992 590 2083 sapientibus
614 1993 857 2084 praeferendos
878 1996 984 2082 quieti
1002 2009 1035 2064 et
1052 1995 1264 2072 miserationi,

40 2095 108 2158 quae
124 2077 196 2150 ducit
216 2083 257 2152 ad
284 2082 424 2152 vitium.
453 2083 602 2172 Benigne
627 2084 741 2172 itaque
764 2097 926 2172 acceptus
950 2085 993 2153 ab
1017 2105 1073 2162 eo,
1101 2085 1161 2169 qui
1185 2097 1268 2152 tune

43 2181 158 2260 praeerat
171 2172 385 2251 monasterio,
413 2184 445 2241 et
459 2183 638 2262 cooptatus
654 2171 687 2240 in
706 2193 889 2241 numerum
913 2173 1174 2250 monachorum,
1196 2171 1267 2239 illie

41 2248 353 2354 letuoepsseexercct
376 2259 411 2328 in
432 2260 588 2330 doctrina
609 2281 785 2331 sacrorum
813 2260 1041 2350 psalmorum,
1060 2274 1092 2330 et
1110 2273 1267 2329 accurate

40 2353 187 2446 instituitur
206 2349 236 2418 in
267 2349 369 2420 omni
401 2348 520 2438 regula
544 2349 746 2420 monastica.
774 2354 823 2418 Ita
850 2349 947 2420 beato
965 2349 1071 2420 Sabae
1099 2349 1211 2439 patrui
1236 2363 1268 2416 et

36 2433 357 2531 avunculrcontentm,
380 2450 412 2507 et
429 2439 495 2507 vita
512 2437 652 2509 acclivis
671 2451 703 2508 et
727 2438 847 2518 ardua,
869 2439 1015 2507 maxima
1034 2439 1072 2508 lit
1092 2459 1210 2518 causa,
1230 2451 1269 2506 ut

33 2517 153 2602 proiciat
167 2526 195 2593 in
219 2528 308 2608 vita,
330 2538 485 2614 quaeest
501 2549 539 2596 er
558 2531 634 2597 Deo.

64 2607 131 2692 §l
151 2616 332 2703 Postquam
350 2627 465 2684 autem
491 2616 527 2696 ii,
554 2637 633 2686 cum
659 2615 719 2684 diu
744 2615 946 2685 seditionem
974 2617 1062 2685 inter
1085 2637 1121 2684 se
1140 2616 1268 2705 agitas-

29 2710 94 2775 sent,
117 2701 161 2770 rir
182 2705 323 2775 tandem
350 2703 539 2792 composita
565 2705 654 2774 inter
669 2725 705 2774 se
724 2702 909 2786 discordia,
938 2717 1112 2774 tentarunt
1129 2725 1268 2774 sacrum

29 2785 123 2854 Satan
145 2792 283 2864 avellere
305 2815 323 2861 a
342 2793 562 2874 monasterio,
587 2805 656 2862 eta
677 2791 798 2881 pulcro
821 2792 878 2862 illo
903 2793 991 2862 vitae
1015 2794 1184 2872 instituto,
1213 2815 1270 2863 vo·

28 2869 108 2975 lentes
128 2899 197 2950 eum
222 2896 254 2952 et
281 2893 426 2973 paterna
451 2881 519 2951 lrui
544 2880 776 2960 haereditate,
803 2893 837 2951 et
860 2881 934 2950 suis
963 2880 1210 2963 facultatibus,
1238 2895 1271 2952 et

25 2968 157 3056 corJJungi
179 2970 404 3042 matrimonio
429 2972 544 3060 (quae.
571 2969 711 3059 quidem
744 2984 825 3040 sunt
858 2970 972 3059 parvis
1004 2993 1130 3061 magna
1160 2985 1192 3042 et
1211 2973 1270 3060 ju-

24 3051 122 3149 mpda,
145 3067 175 3126 et
196 3081 235 3128 ea
261 3080 449 3150 puerorum
479 3060 592 3149 potius
616 3058 795 3148 optiones,
822 3079 925 3147 quarn
953 3059 1104 3130 virorum
1123 3081 1197 3130 esse
1221 3061 1269 3128 si·

24 3139 192 3239 pristinam),
217 3149 295 3237 ipse
320 3160 440 3217 sancto
464 3148 588 3218 Davide
613 3161 713 3217 utens
739 3161 913 3236 tamquam
943 3148 1153 3228 consiliario,
1176 3147 1271 3234 judi-

24 3242 176 3303 caertesae
198 3237 401 3326 optabilius,
429 3236 602 3325 abjectum
632 3257 706 3306 esse
732 3237 764 3306 in
791 3235 893 3306 domo
919 3237 989 3317 Dei,
1017 3257 1120 3322 quam
1149 3235 1267 3304 talium

25 3317 293 3410 tabernaculorum
320 3325 387 3395 srui
419 3324 549 3396 divitiis
581 3339 613 3394 et
640 3324 707 3394 alia
743 3325 979 3414 prosperitate.
1009 3324 1154 3394 Videbat
1177 3325 1268 3392 eninr

24 3401 62 3472 tta
76 3409 204 3494 quidem
220 3414 377 3505 ipsorum
396 3428 583 3484 amatorem
599 3413 737 3483 divitem
759 3414 989 3484 transmittere
1002 3413 1043 3483 ad
1059 3413 1267 3504 gebennam,

23 3499 301 3571 obtenderent
327 3501 400 3572 sola
422 3525 522 3592 egere
546 3515 653 3592 gutta,
679 3501 771 3589 quod
793 3502 932 3589 quidem
960 3515 1011 3574 est
1036 3521 1177 3592 parvum
1204 3500 1271 3568 lin·

24 3599 108 3684 tuac,
131 3609 216 3674 quae
239 3590 349 3670 ardet,
376 3590 562 3662 solatium:
589 3592 768 3682 angustias
792 3605 908 3661 autem
940 3604 973 3661 et
998 3589 1169 3660 malorum
1197 3611 1272 3677 per-

24 3687 183 3750 pessionem
210 3679 336 3770 dignos
359 3679 493 3750 allicere
517 3681 614 3750 beato
639 3681 716 3750 sinu
741 3680 908 3759 Abrabae,
935 3693 968 3748 et
992 3679 1202 3750 recreatione
1233 3699 1272 3748 ac

24 3754 233 3847 delectatione,
260 3769 408 3854 quaein
434 3791 473 3838 eo
499 3789 676 3856 nunquam
710 3767 848 3838 desinit.
876 3774 915 3838 Et
938 3767 1067 3856 alioqui
1091 3765 1274 3856 judicabat

25 3850 182 3946 aetonge
197 3856 457 3939 stultissimum,
486 3856 693 3947 voluptatem
720 3878 809 3944 quae
833 3870 884 3927 est
907 3856 949 3926 ad
977 3871 1114 3947 tempus
1134 3877 1274 3946 permu-

26 3945 74 4002 tare
94 3955 225 4014 aeterno
250 3945 433 4035 supplicio.
453 3951 559 4033 Atque
576 3945 780 4033 sicquidem
801 3945 889 4016 beati
916 3945 1023 4015 Sabae
1042 3947 1272 4036 propositum,

30 4023 62 4089 ttl
82 4029 120 4098 ab
143 4032 240 4121 ipsis,
266 4047 305 4102 ut
328 4033 478 4116 dicitur,
504 4035 681 4124 cognitum
707 4048 759 4106 est
786 4035 1009 4116 carceribus,
1038 4047 1072 4104 et
1104 4033 1205 4103 talem
1232 4034 1276 4103 ab

30 4127 136 4186 neunte
151 4133 259 4190 aetate
274 4121 423 4192 ostendit
441 4123 710 4213 philosophiam.
738 4124 869 4193 Etenim
897 4125 971 4212 ipse
996 4145 1101 4213 super
1121 4123 1275 4194 seniores

33 4201 182 4305 utellerit,
218 4211 382 4296 quoniam
416 4211 577 4281 mandata
612 4212 747 4282 Domini
772 4213 967 4298 exquisivit.
1005 4213 1163 4303 seipsum
1196 4233 1274 4282 vero

34 4307 146 4364 rterruit
177 4319 256 4367 cum
289 4300 324 4368 in
355 4298 425 4369 alia
455 4301 549 4370 omni
585 4301 819 4382 abstinentia,
856 4315 929 4370 tum
965 4300 1015 4370 vel
1052 4300 1200 4370 maxime
1237 4303 1271 4369 in

36 4394 64 4452 a,
84 4401 162 4466 quae
191 4385 235 4456 ad
265 4387 366 4480 gulae
400 4390 546 4480 pertinet
578 4391 849 4481 compescendas
881 4388 1050 4472 delicias,
1082 4401 1114 4459 et
1147 4391 1274 4459 ventris
