2946 4798
13 265 71 330 itu.
94 266 132 331 27
277 285 317 333 nx
341 285 386 334 ss.
414 285 578 334 monnone
602 286 640 333 rr
663 285 851 336 reticentur
875 287 932 335 iiii.
1137 273 1194 337 ttot

15 371 108 456 nquit:
132 381 202 440 erat
225 391 304 440 iero
329 370 359 440 is
382 383 519 440 exactor
535 370 767 461 vectigalium.
785 377 918 442 Rursus
935 383 1017 442 tunc
1036 374 1194 445 venimus
1209 375 1245 444 in

13 459 180 528 iiaetorium
209 481 290 529 cum
314 460 388 550 jain
417 473 531 530 essent
562 461 732 530 tenebrae.
760 464 842 530 Cum
869 473 982 531 autem
1000 474 1148 549 quatuor
1171 463 1246 534 dies

13 548 236 630 iiaeteriissent,
254 569 371 618 coram
391 547 563 620 Praefecto
587 549 804 639 praesidente
825 550 992 621 sistimur.
1013 555 1046 620 ls
1061 573 1140 621 vero
1163 574 1244 621 cuin

13 659 47 705 ios
62 637 169 706 multis
185 637 291 706 minis
308 649 557 708 tormentorum
576 640 764 719 terruisset,
786 650 820 707 et
843 638 985 710 dixisset
1008 661 1045 709 se
1069 640 1246 730 priusnos

14 747 55 793 sse
75 726 338 815 castigaturum:
365 737 397 796 et
421 727 545 796 deinde
569 727 670 797 etiarn
689 727 808 797 oculos
826 725 1075 819 inscripturum
1094 739 1127 798 ct
1144 733 1245 800 Sara-

14 813 72 882 enis
94 815 312 897 traditurum,
328 815 435 906 jussit
453 831 492 888 ut
511 814 544 884 id
571 816 764 886 laceremus
792 817 884 904 quod
901 829 990 888 esset
1013 828 1149 908 gratum
1175 823 1245 886 lin-

13 904 132 973 eratori.
161 909 239 975 Erat
263 917 380 974 autem
409 927 488 975 cuin
520 926 559 974 eo
587 905 689 976 etiam
718 905 959 976 Christodulus
983 918 1016 977 et
1038 907 1115 996 ejus
1135 917 1242 996 pater.

13 991 80 1060 tobis
105 1013 177 1062 iero
202 992 337 1063 fortiter
365 993 606 1064 recusantibus
633 1005 666 1062 et
698 993 894 1064 dicentibus
921 1017 984 1066 nos
1007 1016 1082 1065 esse
1131 1009 1245 1066 aratos

13 1080 94 1150 ubire
115 1082 162 1151 iel
195 1082 293 1152 mille
324 1096 465 1152 mortes:
500 1095 532 1151 et
557 1103 738 1170 nunquam
767 1104 829 1153 nos
858 1105 932 1154 esse
957 1018 1162 1173 polluenfos
1190 1085 1241 1154 vel

13 1169 57 1236 olo
80 1191 230 1254 assensu,
257 1171 505 1241 communione
528 1193 647 1242 eorum
673 1173 733 1259 qui
757 1185 1040 1262 contempserunt
1069 1186 1100 1243 et
1127 1173 1243 1266 despi-

14 1257 74 1325 atui
98 1257 288 1329 babuerunt
311 1259 583 1331 Christianorum
609 1260 713 1330 fidem
742 1274 775 1329 et
805 1260 1075 1331 confessionem:
1106 1262 1243 1332 etiamsi

15 1345 95 1416 culos
114 1349 302 1430 effoderint,
329 1350 461 1419 etiamsi
486 1369 613 1438 corpus
636 1349 710 1440 igni
736 1349 952 1420 tradiderint.
978 1355 1062 1420 Cum
1089 1351 1172 1421 baec
1190 1351 1242 1420 di-

13 1453 137 1518 ereiiius,
164 1450 260 1528 pater
285 1437 495 1510 Christoduli
516 1437 660 1526 loquens
685 1437 902 1518 adversariis,
926 1439 1026 1528 quasi
1048 1439 1148 1508 nobis
1166 1462 1244 1530 gra-

13 1522 125 1593 licans:
149 1531 383 1614 «Nunquam,
411 1527 495 1596 dixit
519 1527 702 1608 Praefecto,
730 1527 786 1596 isli
814 1527 1002 1598 adorarunt
1035 1528 1238 1619 imaginem,

13 1615 165 1698 equesoio
188 1616 274 1704 quid
300 1615 453 1698 fecerint,
479 1615 569 1703 quod
597 1618 664 1686 buc
689 1629 904 1686 venerunt.»
929 1617 989 1686 Cui
1014 1639 1077 1707 ego
1101 1635 1240 1708 aspere:

28 1703 139 1774 ltecede
159 1704 254 1786 binc,
284 1705 449 1793 inquam:
476 1705 588 1774 neseis
605 1703 689 1794 quid
705 1704 812 1790 dicas,
840 1727 952 1793 neque
976 1706 1170 1793 dequibus
1194 1706 1243 1776 af·

13 1811 102 1859 unes.
125 1817 141 1858 ii

34 1879 47 1962 ξ
67 1886 128 1953 ie.
155 1910 165 1944 ι
187 1881 383 1953 Praefectus
400 1895 514 1952 autem
534 1903 656 1952 rursus
672 1894 772 1951 utens
788 1881 987 1953 blanditiis:
1007 1905 1024 1949 a
1044 1883 1167 1966 Semel,
1188 1884 1242 1952 in-

13 1969 66 2048 uit,
81 1971 175 2040 semel
196 1972 313 2042 solum
338 1970 604 2052 communicate,
633 1993 695 2040 nee
719 1971 814 2040 aliud
840 1972 1023 2063 exigimus,
1050 1985 1082 2040 et
1106 1993 1168 2062 ego
1186 1972 1243 2042 ibo

13 2053 145 2130 'obiscum
168 2061 204 2130 iii
229 2059 425 2140 ecclesiam,
445 2072 478 2128 et
500 2060 625 2130 deinde
650 2060 693 2130 ite
717 2081 786 2147 quo
811 2060 906 2131 vobis
927 2059 1107 2151 placuerit.
1129 2083 1147 2127 u
1172 2066 1241 2151 Ego

13 2163 62 2212 ero
76 2149 101 2215 ei
117 2149 183 2219 diiii
208 2147 417 2220 subridens:
440 2171 458 2215 a
478 2148 596 2219 Simile
619 2148 703 2236 quid
728 2148 828 2231 dieis,
848 2173 867 2220 o
891 2148 1031 2218 domine
1055 2149 1236 2231 Praefecto,

13 2242 32 2298 it
45 2235 67 2299 si
85 2238 150 2322 quis
174 2238 283 2309 alium
311 2259 448 2328 rogans,
468 2238 580 2308 dicat:
598 2238 688 2308 Nihil
702 2237 797 2308 aliud
817 2252 904 2328 peto,
925 2238 992 2307 nisi
1018 2237 1121 2308 semel
1140 2250 1242 2308 tuum

13 2333 85 2406 aput
103 2341 296 2417 amputare:
323 2340 356 2395 et
380 2340 461 2396 tuno
487 2340 602 2416 postea
627 2327 709 2396 vade
732 2348 801 2413 quo
826 2327 920 2397 velis.
950 2327 1044 2398 Scias
1070 2349 1151 2417 ergo
1176 2328 1241 2397 boc

13 2427 108 2497 [noque
129 2417 225 2488 nobis
248 2437 326 2486 esse
350 2415 485 2505 pudori,
508 2415 600 2503 quod
625 2416 750 2486 audeat
771 2437 832 2485 nos
852 2416 979 2504 aliquis
1004 2415 1178 2485 adhortari
1197 2416 1240 2485 ad

15 2505 269 2575 onnniionein:
299 2503 340 2573 ad
365 2525 470 2592 quani
496 2505 613 2574 nescio
628 2504 801 2592 quomodo
818 2505 943 2574 suades
961 2517 999 2574 ut
1018 2505 1238 2586 accedamus,

16 2601 95 2684 tnon
119 2595 228 2682 potius
253 2605 294 2665 ut
318 2593 377 2681 qui
404 2593 522 2683 procul
540 2607 590 2666 est
607 2603 770 2674 remotus,
792 2593 1052 2683 persuadeatur.
1073 2599 1129 2665 list
1146 2593 1239 2662 enirn

16 2695 21 2738 i
42 2676 158 2752 facilius
182 2683 318 2762 lacere,
345 2695 384 2752 ut
408 2685 497 2752 teila
520 2694 552 2751 et
575 2682 708 2752 coelum
735 2683 804 2752 sint
828 2705 966 2752 sursum
1001 2695 1033 2750 et
1060 2681 1236 2762 deorsum,

13 2783 81 2844 uani
98 2791 154 2840 nos
169 2773 351 2843 traducere
364 2793 383 2840 a
394 2771 660 2874 pietate.»'lunc
673 2771 779 2859 jussit
798 2771 942 2841 inscribi
959 2784 1093 2841 nostros
1110 2771 1238 2840 vultus:

13 2861 99 2925 tcum
123 2860 233 2931 adbuc
259 2862 295 2930 in
323 2860 422 2932 nobis
446 2860 682 2930 inflammatae
705 2873 818 2931 essent
843 2860 984 2952 plagae,
1007 2882 1094 2948 quas
1118 2881 1158 2930 ex
1181 2860 1242 2930 ssa·

13 2939 75 3012 ¹ellis
90 2969 342 3040 acceperamus,
362 2961 394 3020 et
410 2971 531 3039 graves
547 2949 707 3018 afferrent
727 2949 874 3030 dolores,
893 2949 1112 3020 extendentes
1137 2971 1242 3039 super

13 3051 123 3117 tamna,
145 3039 261 3110 vultus
285 3051 418 3110 nostros
443 3037 556 3108 inscul
583 3038 696 3108 ebant.
717 3042 799 3108 Cuin
825 3051 940 3109 autem
963 3037 1065 3129 longo
1091 3053 1244 3129 tempore

13 3118 88 3191 ultus
96 3139 304 3283 (pungerent,
331 3125 507 3198 occidente
524 3061 606 3208 sofe,
634 3127 793 3197 tenebrae
817 3126 925 3198 sactae
941 3140 1033 3197 sunt.
1050 3127 1146 3210 Quod
1164 3128 1243 3218 qui-

15 3225 56 3276 un
78 3232 93 3281 e
119 3215 203 3298 ecit,
230 3229 271 3288 ut
295 3215 345 3286 vel
379 3216 476 3286 inviti
504 3229 675 3286 cessarent
704 3216 905 3286 inscribere.
937 3216 1116 3374 Effiressuri
1140 3237 1239 3297 vero,

15 3293 121 3390 ¹iiiinus
134 3305 305 3376 Praefecto
321 3317 353 3375 et
369 3305 412 3376 iis
431 3304 491 3392 qui
507 3304 667 3375 aderant:
687 3329 705 3372 «
726 3305 847 3375 Sciatis
860 3306 970 3375 Cberu
997 3305 1057 3386 iin,
1074 3325 1162 3394 quae
1178 3304 1242 3374 lias

14 3383 127 3486 iderunt
146 3393 288 3476 litteras,
315 3415 390 3464 esse
413 3415 565 3475 cessura,
592 3405 624 3464 et
645 3395 842 3464 flamineam
868 3393 1107 3484 rhompheam,
1138 3393 1243 3492 versis

13 3489 88 3576 ills.
111 3503 353 3555 concessuram
374 3483 475 3553 nobis
498 3484 693 3574 ingressum
720 3483 753 3550 in
780 3483 994 3570 paradisum,
1021 3494 1059 3551 ut
1082 3493 1241 3582 quaesit

13 3577 154 3640 uentura
179 3587 312 3643 nostros
332 3571 459 3653 vultus,
472 3591 538 3729 Ετο
561 3572 739 3641 communi
759 3573 904 3642 Domino
922 3583 989 3640 tani
1008 3570 1240 3660 ignominiose

13 3653 170 3746 nsculptos.
192 3665 263 3732 Hoc
283 3660 376 3732 enirn
394 3683 413 3730 a
431 3683 471 3731 vo
498 3661 526 3732 is
547 3661 629 3730 solis
646 3659 774 3730 lactum
792 3672 843 3731 est
866 3683 887 3730 a
907 3660 1041 3732 seculo:
1061 3669 1093 3729 et
1112 3669 1162 3730 est
1177 3658 1243 3728 boc

13 3755 100 3812 totuin
123 3748 310 3832 inventum,
329 3761 363 3819 et
377 3748 576 3820 reddidistis
595 3771 715 3818 ornnes
731 3749 902 3841 benignos
918 3762 950 3819 et
965 3748 1162 3830 clementes,
1182 3748 1242 3835 qui

13 3821 134 3932 [diuisus
156 3837 312 3909 ditinum
339 3851 495 3909 nostruin
520 3838 646 3930 dognia
678 3838 907 3908 insanierunt.
942 3842 981 3906 In
1012 3837 1098 3907 facie
1125 3849 1240 3906 autem

13 3909 97 4004 bristi
117 3929 254 3998 omnino
278 3927 527 4019 agnoscemini,
546 3941 579 3998 et
596 3927 692 3997 robis
715 3927 972 3998 exhibebuntur
996 3925 1160 4016 legendae
1177 3925 1243 3993 hae

15 4009 112 4078 itterae.
136 4017 211 4104 lpse
234 4017 326 4087 enirn
352 4017 455 4086 dixit:
483 4020 718 4108 Quaecumque
731 4019 858 4106 fecistis
872 4019 934 4085 uni
948 4017 1068 4086 borum
1087 4015 1243 4083 mininie-

13 4108 70 4171 ”llt
88 4102 166 4172 tui'di'
176 4108 302 4263 {emm
317 4105 450 4196 (ltfultli.
476 4105 564 4196 xxv).
587 4127 607 4173 i>

29 4179 56 4268 ,i
73 4188 166 4260 tta«
207 4215 265 4264 aec
283 4194 385 4264 rerba
405 4207 587 4297 postquam
606 4191 718 4263 audiit
732 4197 924 4286 Imperator
941 4213 1002 4284 per
1013 4191 1239 4293 Praefectum,

13 4279 81 4364 usas
95 4291 138 4347 est
160 4281 290 4364 dicere,
314 4295 497 4366 attonitus,
524 4296 563 4354 ut
587 4282 746 4364 arbitror,
773 4305 791 4352 a
818 4283 999 4353 verborum
1025 4292 1241 4372 operatione:

13 4371 24 4402 *⁴
46 4354 71 4420 Si
85 4363 190 4440 scirem
211 4371 274 4442 lioc
299 4393 373 4444 esse
397 4395 529 4456 verum,
548 4393 606 4442 eas
631 4372 688 4442 toti
716 4393 791 4442 meo
817 4371 945 4463 populo
966 4370 1203 4442 inscriberem.
1225 4395 1241 4433 i
