2972 4826
250 296 313 358 atto
502 311 540 357 oo
564 312 591 357 s.
618 309 774 358 aarnosto
798 311 846 357 rr.
873 309 999 357 naotoa.
1026 309 1063 356 ar
1086 305 1178 356 oocr.
1334 291 1408 355 llEd.
1431 293 1446 354 l
1476 255 1477 304 ³

205 410 340 467 mortno
353 395 517 466 Auxentio
532 395 560 475 ⁴,
580 395 722 464 Arianae
739 393 903 484 perfidiae
918 393 1079 484 episcopo
1088 393 1165 484 (qui
1181 393 1335 483 Dionysio
1349 395 1448 462 beatae

205 485 393 555 memoriae
416 483 610 554 consessore
626 485 668 553 ad
686 485 844 554 exsilium
870 483 1050 564 destinato,
1074 483 1258 552 incubabat
1281 481 1445 569 ecclcsiae).

203 597 282 646 cunt
310 572 459 666 populus
479 573 521 642 ad
547 573 748 643 seditionem
778 585 866 642 essct
889 586 1104 653 commotus,
1130 583 1285 659 essetque
1313 571 1358 640 illi
1378 593 1448 640 cure

203 663 375 734 sedandae
400 661 590 744 seditionis,
611 683 653 731 ne
669 662 821 752 populus
844 661 992 731 civitatis
1015 663 1049 730 in
1071 661 1265 750 periculum
1290 661 1340 730 sui
1361 673 1450 730 vorte-

203 766 308 832 retur,
338 751 483 840 perrexit
512 749 555 819 ad
579 751 773 820 ecclesiam.
801 751 921 838 lbique
954 771 1032 820 cum
1068 749 1301 837 alloqueretur
1323 748 1477 840 plebem,

203 842 318 911 subito
335 861 396 908 ror
421 838 528 909 fertur
546 839 685 910 infantis
707 841 740 907 in
768 841 895 930 populo
920 839 1096 909 sonuisse:
1119 840 1326 909 Ambrosium
1345 841 1453 929 cpisco-

201 952 295 1020 pum.
321 929 366 997 td
397 929 497 1018 cujus
528 929 617 996 vocis
642 950 787 1008 sonum,
815 929 918 998 totius
951 927 1070 1017 populi
1101 949 1159 998 ora
1191 949 1351 998 conversa
1373 931 1477 1012 suntl

204 1018 427 1088 acclamantis
452 1017 667 1087 Ambrosium
688 1018 904 1107 episcopum,
923 1018 965 1087 ita
989 1017 1103 1103 utqui
1126 1029 1226 1086 antea
1249 1016 1454 1086 turbulentis-

204 1108 291 1177 sime
310 1106 535 1187 dissidebant,
556 1107 638 1193 quia
661 1119 694 1176 et
710 1107 823 1176 Ariani
844 1106 921 1186 sibi,
943 1119 974 1175 et
994 1105 1157 1175 Catholici
1181 1106 1247 1175 sibi
1265 1107 1451 1196 Episcopum

205 1195 402 1285 cupiebant,
422 1198 593 1284 superatis
609 1194 795 1275 alterutris,
813 1195 966 1264 ordinari
993 1209 1132 1284 repente
1155 1193 1248 1263 bunc
1274 1215 1378 1264 unum
1401 1193 1454 1262 mi-

205 1285 306 1354 rabili
336 1298 367 1352 et
399 1284 594 1353 incredibili
628 1285 810 1353 concordia
847 1297 1107 1353 consenserunt.
1134 1288 1207 1365 Quo
1239 1283 1297 1352 ille
1323 1283 1452 1371 cognito.

204 1395 364 1462 egressus
381 1372 572 1454 ecclesiam,
593 1372 743 1442 tribunal
761 1373 826 1442 sibi
846 1373 958 1462 parari
977 1371 1072 1452 lecit;
1091 1373 1221 1462 quippe
1239 1395 1317 1442 mox
1335 1371 1455 1440 iuturus

205 1465 406 1552 Episcopus
429 1463 547 1530 altiora
573 1462 784 1532 conscendit.
804 1466 897 1530 Tunc
922 1475 1040 1530 contra
1064 1461 1349 1531 consuetudinem
1373 1481 1453 1529 suam

205 1563 371 1621 tormenta
400 1552 506 1640 jussit
538 1552 693 1640 personis
723 1550 899 1619 adbibere.
927 1551 1021 1633 Quod
1055 1572 1134 1619 cum
1166 1551 1302 1631 laceret,
1326 1548 1455 1640 populus

204 1640 434 1709 nihilominus
449 1639 675 1708 acclamabat:
696 1645 871 1708 Peccatum
889 1650 984 1708 tunm
1007 1661 1192 1729 supernos.
1210 1639 1275 1709 Sed
1294 1661 1358 1709 non
1376 1637 1453 1706 simi·
1476 1721 1477 1726 ἵ

205 1728 281 1799 liter
305 1730 334 1798 is
361 1727 510 1818 populus
542 1741 622 1798 tunc
652 1728 836 1809 clamavit,
869 1729 959 1797 sicut
993 1727 1143 1818 populus
1171 1727 1391 1797 ludaeorum.
1415 1724 1477 1810 tttm

203 1818 293 1887 enim
321 1819 462 1887 vocibus
486 1818 559 1887 suis
589 1818 792 1906 sanguinem
828 1818 1041 1886 llominicum
1070 1816 1279 1900 effuderunt,
1299 1817 1477 1886 dicentes!

204 1909 350 1998 Sanpeus
375 1908 477 1997 liujus
499 1929 676 1998 supernos
698 1907 831 1996 (ttatttt.
852 1905 975 1994 xxvn);
1004 1907 1057 1975 isti
1083 1926 1162 1976 vero
1184 1907 1453 1976 catechumenum

204 1997 372 2076 scientes,
407 1995 498 2064 lideli
533 2017 613 2064 voce
638 1996 875 2064 remissionem
903 1995 951 2063 illi
979 2007 1193 2084 peccatorum
1224 1997 1381 2064 omnium
1412 2013 1457 2081 per

205 2085 420 2174 baptismatis
445 2085 588 2172 gratiam
617 2085 871 2172 promittebant.
903 2089 997 2152 Tunc
1023 2083 1080 2151 ille
1106 2083 1278 2162 turbatus,
1307 2096 1457 2153 revertens

203 2172 358 2254 domum,
387 2173 640 2262 philosophiam
666 2172 700 2206 ⁴³*
729 2173 879 2263 protiteri
909 2172 1027 2250 voluit,
1054 2172 1192 2242 futurus
1220 2173 1355 2242 scilicet
1379 2192 1458 2239 verus

203 2261 432 2352 philosophus
459 2263 594 2342 Cbristi,
616 2262 688 2349 qui,
715 2262 920 2351 contemptis
940 2261 1157 2331 secularibus
1185 2263 1338 2352 pompis,
1366 2263 1457 2350 pisca-

204 2363 315 2420 torum
335 2365 517 2420 secuturus
533 2363 622 2420 esset
641 2351 794 2440 vestigia:
814 2351 873 2437 qui
891 2350 1023 2420 Christo
1041 2349 1187 2440 populos
1206 2361 1456 2441 congregarunt,

204 2460 271 2508 non
294 2439 382 2508 lucis
407 2441 601 2519 verborum,
620 2439 678 2508 sed
698 2439 847 2527 simplici
871 2461 1030 2508 sermone
1053 2451 1086 2507 et
1110 2461 1208 2508 verae
1233 2439 1316 2510 fidei
1334 2441 1455 2512 ratione

204 2527 302 2598 missi
317 2528 392 2596 sine
411 2549 502 2617 pera,
523 2529 597 2598 sine
615 2529 721 2618 virga,
736 2529 837 2598 etiam
864 2529 957 2619 ipsos
978 2527 1203 2685 philosophos
1218 2537 1456 2598 converterunt.

203 2617 299 2699 Quod
325 2616 383 2686 ubi
411 2637 452 2686 ne
476 2616 601 2687 laceret
626 2629 802 2687 revocatus
824 2629 885 2699 est,
906 2617 977 2706 pub
995 2618 1063 2687 icas
1081 2617 1244 2687 mulieres
1268 2617 1406 2708 publice
1426 2611 1457 2680 ad

204 2728 240 2776 se
265 2705 402 2794 ingredi
424 2704 525 2787 lecit,
552 2706 593 2774 ad
628 2705 691 2776 boc
716 2719 873 2786 tontum,
900 2719 938 2774 ut
961 2707 1043 2776 visis
1067 2706 1144 2787 bis,
1177 2706 1298 2796 populi
1336 2702 1459 2776 intentio

203 2806 429 2863 revocaretur.
449 2800 485 2864 lt
503 2816 580 2863 vero
598 2795 747 2884 populus
766 2796 877 2884 magis
893 2797 1074 2884 magisque
1087 2793 1279 2865 clamabat:
1300 2801 1458 2865 Peccatum

203 2893 297 2950 tunm
321 2888 565 2972 supermeat
590 2883 646 2952 ille
670 2905 749 2952 cum
772 2884 900 2954 videret
925 2883 1010 2952 nihil
1037 2884 1260 2953 intentionem
1282 2901 1459 2971 suompte

203 2969 304 3039 ficere
329 2991 439 3058 posse,
459 2971 576 3062 sogam
604 2974 745 3062 pererit.
770 2977 1003 3063 Egressusqoe
1027 2973 1137 3042 noctis
1156 2972 1269 3042 medio
1289 2973 1457 3042 civitaten.

201 3081 280 3128 cum
307 3059 464 3129 Ticinum
491 3083 526 3130 se
545 3083 684 3152 pergere
709 3074 854 3151 putaret,
874 3083 975 3130 mane
999 3061 1040 3130 ad
1071 3073 1203 3151 portam
1234 3061 1385 3132 civitatis
1407 3064 1459 3127 tte·

200 3148 424 3230 diolanensis,
440 3170 528 3237 quac
550 3156 702 3220 Romana
719 3150 857 3230 dicitur,
876 3151 1062 3220 invenitur.
1091 3155 1178 3220 lleus
1204 3151 1314 3233 enim,
1334 3151 1391 3238 qui
1413 3151 1460 3216 Ec·

200 3237 326 3307 clesiae
341 3259 424 3308 suae
441 3239 629 3309 catholicae
650 3261 787 3308 murum
815 3240 958 3329 parabat
974 3238 1140 3310 adtersus
1155 3239 1319 3310 inimicos
1337 3246 1459 3312 suaset

200 3340 327 3397 turrem
346 3328 499 3418 erigebat
521 3329 623 3398 liavid
642 3340 760 3398 contra
777 3326 898 3398 laciem
919 3329 1087 3407 Damasci,
1115 3327 1179 3398 boc
1198 3340 1260 3408 est,
1292 3327 1457 3420 perfidiam

201 3417 462 3496 baereticorum,
487 3417 602 3508 iugem
629 3417 724 3486 illius
749 3417 937 3506 impedivit.
956 3417 1021 3500 Qui
1045 3416 1206 3487 inventus
1222 3439 1305 3487 cum
1327 3411 1459 3486 custodi·

199 3516 325 3574 retura
348 3505 487 3595 populo,
508 3508 613 3575 missa
639 3505 758 3576 relatio
772 3522 823 3578 est
838 3507 879 3575 ad
899 3505 1208 3577 clementissimum
1226 3509 1458 3594 imperatorem

197 3595 500 3672 Valentinianum,
528 3595 587 3684 qui
613 3617 750 3665 summo
775 3595 903 3685 gaudio
933 3596 1088 3684 accepit,
1118 3593 1209 3682 quod
1231 3595 1372 3681 ‚iudices
1393 3615 1412 3660 a
1431 3608 1459 3656 se

197 3682 329 3766 directi,
352 3683 394 3753 ad
414 3681 643 3754 secerdotium
666 3695 872 3773 peterentur.
889 3685 1093 3753 laetabatur
1109 3683 1210 3753 etiam
1229 3685 1363 3754 Probus
1379 3699 1460 3772 prae·

196 3771 317 3854 lectus,
342 3771 433 3861 quod
461 3772 602 3842 verbum
628 3772 703 3861 ejus
729 3771 930 3861 impleretur
954 3773 988 3840 in
1011 3772 1198 3842 ambrosio.
1220 3773 1358 3842 Dixerat
1380 3767 1457 3838 enim

196 3860 451 3949 proficiscenti,
481 3883 560 3932 curn
589 3860 750 3930 mandata
774 3862 818 3931 ab
842 3861 961 3931 eodem
987 3861 1172 3940 darentur,
1202 3871 1240 3930 ut
1265 3862 1373 3931 moris
1395 3867 1454 3926 est:

198 3969 216 4014 «
242 3949 344 4030 Vade,
365 3971 427 4036 age
455 3971 522 4020 non
545 3963 582 4020 ut
605 3950 725 4030 luder,
753 3949 810 4019 sed
838 3963 875 4019 ot
900 3951 1140 4041 Episcopus.»
1163 3949 1336 4020 Pendeote
1360 3951 1457 4030 itaque

198 4037 373 4118 relatione,
401 4039 524 4108 iterum
550 4038 667 4130 iugem
696 4039 958 4129 permutatque
983 4039 1018 4108 in
1045 4038 1259 4130 possessione
1290 4035 1455 4130 cujusdam

195 4127 326 4196 Leontii
350 4127 535 4195 clarissimi
563 4128 626 4196 viri
653 4127 858 4214 aliquandiu
882 4127 1028 4197 delituit.
1050 4127 1111 4198 Sed
1138 4126 1199 4197 ubi
1231 4126 1387 4198 relationi
1414 4140 1455 4188 re-

196 4235 365 4306 sponsum
390 4227 452 4296 est,
475 4216 518 4285 ab
541 4215 659 4286 eodem
688 4216 824 4286 leontio
850 4216 1018 4308 proditur:
1046 4229 1265 4308 praeceptum
1288 4217 1378 4287 enim
1394 4217 1456 4280 erat

223 4377 284 4414 *Aa
302 4388 315 4414 o
332 4379 377 4416 ¹l.

221 4430 247 4454 *t
265 4379 343 4468 miani
351 4379 417 4468 sbti-:c
425 4433 442 4467 et
454 4439 490 4468 mo
498 4428 599 4471 litsticnl
609 4441 623 4479 p
638 4439 665 4470 ec
675 4432 767 4479 'utreque
778 4434 872 4472 amitino
883 4431 992 4472 deditam.
