2946 4798
211 286 275 350 too
525 303 564 349 nn
587 303 615 349 s.
641 261 762 350 totum
784 301 836 348 er.
863 302 901 349 nr
923 301 1076 350 stenem.
1279 283 1356 349 otto.
1378 283 1410 346 m

168 388 279 458 Titum
305 387 455 458 obtinuit
480 387 678 476 imperium,
703 407 783 457 cum
811 385 869 456 illo
893 385 1059 458 adversus
1085 386 1245 477 pietatem
1269 385 1410 456 decernit.

167 482 250 547 Ante
273 477 391 546 omnia
414 487 529 546 autem
554 475 733 556 loannem,
753 475 813 564 qui
832 475 937 545 robur
951 476 1191 546 universorum
1213 489 1296 557 erat,
1317 475 1412 544 tollere

167 579 324 646 conatum
344 565 527 650 statimque
543 566 552 633 i
581 587 658 633 sum
671 564 715 634 ab
730 564 807 636 Asia
820 564 917 635 ducit
933 565 967 633 in
986 569 1171 653 lluropnm,
1183 565 1262 636 etin
1278 563 1412 634 exsilium

168 655 306 756 relegat,
333 653 541 743 quemadmo
568 675 627 722 um
654 653 839 740 insequens
856 675 969 723 sermo
985 652 1205 723 manifestare
1223 655 1351 743 poterit.
1365 651 1413 722 Ubi

167 765 258 812 entm
286 745 319 812 in
345 755 567 832 conspectum
592 743 814 832 Imperatoris
831 743 989 823 venisset,
1015 742 1151 829 etquis,
1177 756 1211 813 et
1233 743 1415 813 undeortus
1468 788 1469 791 ,

166 844 265 913 esset,
285 851 460 918 quamque
485 831 701 921 profiteretur
718 831 932 922 religionem,
950 845 984 900 et
1009 851 1196 917 quemnam
1222 831 1346 901 diceret
1358 849 1415 901 esse

167 933 362 1000 venturum,
389 921 620 1010 interrogatus
635 933 745 992 esset:
763 925 933 990 loannem
953 919 1092 1010 quidem
1113 941 1149 989 se
1172 933 1330 990 vocaturn
1345 939 1413 997 esse,
1471 972 1472 975 ,

166 1023 199 1078 et
222 1008 470 1079 aludaeorum
496 1030 619 1099 genere
637 1008 816 1098 prodiisse,
834 1031 874 1078 nc
898 1008 1046 1078 sodalitii
1072 1008 1340 1079 Christianorum
1359 1027 1416 1076 esse

167 1097 361 1188 respondet;
384 1119 419 1168 se
438 1110 552 1168 autem
579 1097 792 1167 annunciare
808 1097 902 1166 bunc
926 1119 999 1168 esse
1014 1109 1210 1179 venturum,
1226 1098 1327 1188 cujus
1341 1097 1416 1166 tbro·

167 1209 234 1256 nus
257 1185 362 1256 veluti
379 1185 461 1256 luna
489 1199 724 1277 praeparatus,
751 1208 790 1255 ac
815 1186 985 1276 perlectus
1008 1199 1096 1256 esset
1120 1187 1156 1255 in
1180 1187 1349 1257 seculum.
1369 1184 1415 1254 Ubi

166 1287 279 1344 autem
310 1274 452 1345 dixisset
487 1279 697 1375 Imperator:
724 1281 798 1344 «Et
820 1275 948 1362 quibus
978 1274 1090 1346 modis
1114 1274 1198 1360 haec
1230 1275 1416 1345 confirmare

169 1365 338 1451 poterisl»
364 1369 477 1466 Neque
494 1385 586 1432 emm
605 1364 688 1433 baec
714 1363 921 1433 sufficientia
944 1377 1025 1434 sunt
1048 1363 1091 1432 ad
1112 1363 1304 1434 faciendam
1330 1362 1415 1432 fidem

165 1473 298 1534 eorum,
316 1452 358 1522 de
378 1455 507 1540 quibus
531 1466 666 1522 nonest
691 1453 725 1520 in
745 1465 905 1542 promptu
925 1451 1182 1522 demonstratio.
1204 1477 1312 1520 »-<(
1329 1450 1417 1520 llorbi

166 1542 324 1631 protinus
348 1545 382 1626 (o
405 1540 612 1610 ineffabilem
639 1545 781 1610 Domine
806 1553 899 1610 tuam
921 1543 1105 1630 potentiam
1124 1545 1159 1626 l)
1182 1556 1216 1612 et
1237 1541 1417 1612 daemonio

165 1651 243 1699 rum
270 1629 421 1720 legiones
452 1629 647 1720 pelluntur;
674 1631 881 1700 reviviscunt
910 1644 1022 1700 autem
1050 1630 1196 1711 mortui,
1219 1631 1357 1720 jussum
1379 1649 1417 1698 se

165 1719 303 1804 quendo
329 1718 489 1800 velocius
508 1739 612 1808 quam
639 1719 798 1789 viventes.
826 1719 970 1802 Quibus
997 1741 1017 1789 o
1041 1723 1110 1788 Rex
1132 1719 1247 1808 (ajunt
1269 1725 1416 1789 loannem

165 1806 318 1896 dixisse),
338 1829 380 1877 ne
397 1807 544 1886 dubites,
571 1807 615 1876 ab
635 1807 701 1888 his,
730 1829 817 1895 quae
836 1821 1014 1898 apparent,
1038 1809 1271 1898 conjecturam
1307 1807 1417 1878 iaciens

164 1917 307 1976 eorum,
345 1919 433 1984 quae
470 1895 649 1965 manifesta
687 1917 753 1965 non
779 1909 871 1966 sunt.
900 1901 1003 1966 Porro
1025 1918 1115 1983 quae
1138 1896 1180 1965 de
1211 1902 1417 1974 Saturn0,et

162 1990 255 2066 Jove,
287 1987 497 2072 eaeterisque
516 1983 584 2052 diis
610 1985 730 2055 vestris
754 1983 933 2066 seruntur,
961 1985 1028 2054 nisi
1053 1985 1263 2056 sufficientes
1295 1997 1415 2055 essent.

163 2075 223 2160 qui
240 2087 317 2144 ante
333 2096 395 2144 nos
410 2074 715 2154 demonstrassent,
734 2075 853 2160 utique
871 2087 904 2143 ct
917 2095 981 2164 ego
1000 2073 1099 2144 facile
1119 2074 1333 2144 ostenderem
1349 2069 1415 2142 nibil

163 2185 249 2243 esse,
276 2163 332 2233 sed
363 2163 463 2253 plena
487 2163 601 2252 potius
633 2164 764 2252 ingenti
793 2163 983 2253 vituperio,
1020 2163 1161 2250 risuque
1185 2185 1225 2233 ao
1248 2161 1414 2238 dementia.

164 2252 463 2320 verumenimvero
487 2251 697 2342 deceptionis
715 2250 891 2342 salsugine
910 2251 1055 2341 abjecta,
1074 2253 1198 2322 satiare
1212 2254 1328 2342 potius
1343 2252 1414 2320 lente

162 2339 305 2430 potabili
321 2363 361 2410 ac
378 2339 592 2410 dulcissimo.
614 2363 631 2406 »

206 2431 289 2516 §Q
316 2434 415 2498 llunc
435 2439 548 2497 autem
575 2441 714 2530 stupore
730 2428 835 2497 simul
859 2441 892 2498 et
919 2429 969 2498 ira
993 2441 1188 2519 correptum
1218 2429 1327 2518 ajunt,
1352 2429 1415 2497 hinc

161 2518 301 2604 quidem
319 2518 363 2588 ob
390 2529 543 2608 portenta
567 2517 611 2586 ab
630 2539 705 2608 tpso
726 2532 873 2606 peracta,
901 2517 997 2586 illinc
1014 2539 1092 2587 vero
1112 2517 1155 2587 ob
1179 2517 1227 2594 id,
1246 2518 1336 2605 qued
1351 2517 1415 2584 deos

162 2628 244 2676 suos
269 2606 552 2676 calumniaretur.
575 2611 693 2692 ltaque
705 2605 746 2674 ad
773 2607 943 2676 sermonis
963 2605 1180 2695 splendorem
1200 2629 1269 2676 non
1293 2603 1416 2676 accessit

161 2695 452 2776 obtenebrarem,
468 2716 556 2782 quae
574 2695 607 2763 in
633 2696 707 2784 ejus
727 2694 830 2764 corde
844 2709 953 2774 erant,
976 2696 1180 2766 crassitiem.
1198 2696 1296 2778 Quod
1318 2707 1413 2766 auten

160 2781 255 2853 hunc
287 2783 563 2868 non-occiderit,
589 2782 704 2854 dictus
727 2782 768 2852 ad
796 2789 930 2854 Petrum
964 2805 1077 2854 sermo
1103 2784 1297 2873 prohibuit,
1324 2795 1413 2874 puta:

159 2875 200 2942 Si
220 2895 296 2943 eum
310 2875 412 2942 velim
436 2895 571 2942 manem
587 2873 688 2942 donec
706 2875 850 2954 veniam,
877 2873 960 2964 quid
982 2873 1029 2942 ed
1044 2875 1103 2942 te?
1127 2872 1190 2943 Sed
1216 2874 1327 2944 virum
1352 2889 1413 2961 per·

160 2973 263 3050 petuo
286 2960 405 3031 exsilio
429 2962 687 3040 condemnavit,
715 2962 750 3029 in
777 2981 883 3030 unam
905 2961 1097 3052 Sporadum
1130 2961 1327 3032 insularum
1348 2958 1414 3029 rele

159 3071 245 3140 gans
261 3049 412 3140 (Patmos
435 3050 452 3086 ⁴
472 3051 553 3121 huic
578 3071 702 3119 nomen
724 3049 821 3139 erat),
848 3070 928 3119 cum
953 3049 1035 3118 olim
1063 3050 1157 3140 apud
1181 3054 1353 3122 Romanos
1370 3067 1413 3116 ae·

158 3151 324 3226 quaretur
341 3140 442 3209 morti
458 3140 630 3210 exsilium.
648 3143 775 3208 Ductus
791 3139 867 3210 esti
898 3139 965 3207 itur
976 3139 1018 3208 ad
1033 3139 1143 3208 exsilii
1160 3142 1346 3210 terminum
1359 3157 1414 3214 nta-

158 3250 249 3319 gnus
264 3228 456 3319 Apostolus,
470 3240 503 3299 et
519 3228 669 3298 insulam
691 3161 919 3386 apprehetffit
934 3227 980 3295 *ἢ
998 3232 1069 3298 Non
1089 3228 1191 3318 longo
1210 3226 1411 3319 postmodum

158 3329 312 3408 tempere
341 3318 512 3388 insulares
543 3329 747 3387 servatorem
773 3337 813 3386 ac
839 3339 861 3406 p
886 3329 1023 3386 tronum
1062 3316 1195 3388 ducunt
1225 3319 1363 3388 tonitrui
1381 3313 1412 3402 fi·

161 3408 355 3490 lt'crm*⁴*,et
382 3407 425 3477 ad
452 3407 656 3496 aequitatem
684 3418 874 3486 transeunt,
894 3427 1037 3493 seseque
1051 3406 1092 3475 ad
1112 3406 1272 3494 pietatem
1296 3421 1412 3491 compo·

159 3511 258 3570 nunt.
289 3503 408 3586 ltaque
431 3519 510 3566 cum
532 3497 589 3566 hic
607 3509 696 3566 esset
719 3495 912 3585 Apostolus,
937 3507 970 3565 et
994 3493 1223 3565 admirandus
1247 3496 1330 3566 Dion
1355 3493 1411 3561 sius

160 3585 266 3657 ferme
277 3587 350 3678 jam
372 3587 558 3676 nonaginta
576 3596 664 3655 esset
678 3606 863 3666 annorum,
881 3605 921 3654 ex
937 3582 1076 3654 Athenis
1091 3584 1211 3654 scribit
1234 3586 1266 3654 ei
1282 3585 1316 3654 in
1332 3516 1410 3682 lupe

157 3677 318 3747 modum:
347 3681 488 3745 «Tuam
515 3674 627 3745 saluto
652 3695 783 3744 sacram
810 3674 975 3755 animam,
993 3671 1127 3755 dilecte,
1154 3686 1187 3742 et
1209 3674 1275 3743 erit
1292 3662 1408 3742 mihrtd

155 3765 366 3857 peculiarius
386 3787 468 3853 prae
493 3764 622 3834 multis.
647 3762 755 3844 Salve,
775 3763 892 3852 igitur,
919 3783 996 3831 vere
1017 3762 1149 3832 Gltristo
1166 3761 1328 3833 dilecte.»
1342 3763 1409 3852 Coo·

154 3868 336 3945 sequenter
350 3867 464 3924 autem
489 3853 591 3922 etiam
614 3853 697 3922 haec
721 3851 836 3921 addit:
866 3850 990 3933 «Quid
1012 3850 1270 3932 admirandum,
1289 3850 1317 3919 si
1331 3847 1407 3916 t'ltrr·

155 3958 228 4016 stus
253 3965 370 4014 verum
389 3942 560 4030 loquatur,
587 3955 619 4011 et
636 3943 746 4028 iniqui
763 3940 955 4029 discipulos
978 3961 996 4008 e
1020 3940 1219 4012 civitatibus
1243 3935 1403 4026 expellant

154 4035 221 4124 ipsi
246 4035 312 4105 sibi
337 4032 422 4122 ipsis
447 4031 619 4121 condigna
650 4030 907 4110 distribuentes,
934 4041 966 4098 et
990 4029 1171 4126 execrandi
1196 4052 1218 4098 a
1241 4025 1358 4098 sanctis
1378 4038 1405 4086 se

180 4161 191 4182 ¹
206 4161 234 4200 In
243 4171 307 4202 mare
316 4163 399 4209 Aegeo.
408 4159 475 4208 Apud
484 4159 601 4198 Romanos
611 4159 677 4198 loeus
688 4155 782 4207 quidem
796 4158 846 4196 erat
855 4157 941 4198 exsilit.
951 4156 1018 4196 Nune
1029 4157 1128 4196 vocatur
1139 4157 1218 4196 Patina
1229 4157 1265 4196 vel
1276 4155 1369 4196 Maroae
1471 4182 1473 4227 t

180 4213 205 4239 *⁴
221 4217 286 4254 Anno
302 4215 353 4254 Chr.
367 4215 399 4253 en.
417 4209 529 4252 Miremur
543 4222 613 4260 porro
629 4212 812 4260 Motcpbrnstem
830 4212 920 4250 nuttam
937 4207 975 4249 hie
992 4209 1077 4250 tecleae
1096 4211 1240 4250 mentionem
1256 4207 1403 4249 descernere

153 4265 307 4316 prissanum
324 4269 345 4306 fl.
361 4265 453 4310 deortui.
466 4267 560 4310 Romae,
576 4266 637 4313 apud
653 4267 747 4304 Portam
763 4264 880 4306 Letlnnm.
896 4260 988 4303 illatum
1005 4261 1058 4307 fuit..
1075 4267 1104 4302 nt
1120 4265 1241 4304 testantur
1259 4257 1403 4312 Tertulltmttt·

154 4319 310 4364 Hieronymus
325 4323 348 4358 ct
361 4321 482 4359 Erraabtns.
494 4321 528 4357 Tu
538 4329 601 4358 vern.
611 4317 673 4358 circe
682 4319 742 4359 idem
754 4319 901 4366 martyrium,
911 4317 979 4366 culus
989 4316 1014 4356 ln
1024 4317 1130 4357 Ecclesia
1139 4321 1254 4367 perpetus
1263 4316 1296 4356 est
1305 4313 1403 4352 memento

156 4371 301 4410 terratorium
312 4375 376 4410 Reor.
387 4375 423 4410 dle
436 4383 458 4410 vt
469 4373 524 4419 niuji
535 4368 637 4410 cerritulo.

183 4422 222 4447 *l*
237 4421 311 4462 Filltur
322 4422 427 4466 tonitam,
438 4427 499 4464 lolem
509 4430 545 4463 est
557 4427 682 4472 ncsn'mrn.
