2932 4812
43 295 115 359 nst.
142 295 187 358 29
347 311 385 360 uu
410 311 438 359 s.
464 311 570 359 ruorm
593 311 740 359 arentur.
767 310 978 361 canrunruu.
1190 296 1252 360 563

39 397 214 476 voluntate,
233 395 314 466 dum
341 396 483 485 spiritus
509 396 571 466 bos
593 409 684 486 reget
702 409 808 479 artus,
830 397 1048 486 permanebo.
1080 421 1096 463 n
1119 401 1202 466 Tum
1229 402 1298 467 Rex

37 486 125 554 valde
148 486 422 582 excandescens:
444 508 462 551 ιι
483 486 727 575 Comprimam
748 485 871 572 inquit,
894 485 1148 575 rlrclriepiscopi
1175 507 1297 576 super-

36 575 131 655 biam,
150 588 184 644 et
207 574 249 643 ob
267 574 488 663 pertinaciam
513 595 553 643 eo
577 573 675 643 illum
702 573 868 664 redigam,
889 574 981 644 uude
1002 575 1042 644 ad
1072 589 1202 644 tantum
1224 574 1297 644 cul-

36 686 104 730 men
129 663 236 732 evexi.
256 669 366 732 »lant
393 683 480 753 pene
497 663 591 732 solus
609 662 749 732 relictus
774 661 954 748 videbatur
977 676 1117 733 sanctus
1136 665 1196 744 vir,
1216 665 1297 754 Epi-

35 751 138 841 scopis
166 751 237 821 lere
261 752 425 822 omnibus
452 756 576 840 Regem
605 751 850 838 sequentibus:
878 752 936 821 sed
963 775 1029 820 uon
1055 765 1127 822 erat
1152 753 1297 832 solus,a

34 863 95 926 quo
107 842 242 924 justitia
266 841 388 910 stabat.
414 840 477 908 ttti
504 839 660 930 gladium
684 840 777 909 verbi
803 841 861 909 bei
885 841 1090 932 distringere
1108 841 1297 910 formidan-

35 943 89 1001 tes.
110 929 178 999 illic
195 930 452 1017 trepidaverunt
472 929 604 1010 timore,
623 927 683 997 ubi
710 951 775 998 uon
793 943 866 998 erat
885 929 996 999 timor.
1021 935 1296 1019 lmproperatnm

36 1018 97 1088 illis
120 1019 184 1089 luit
208 1041 227 1088 a
252 1023 405 1088 Romano
421 1017 595 1099 Pontifice,
614 1017 706 1104 quod
732 1017 898 1106 majorem
923 1018 1067 1098 homini,
1087 1042 1190 1106 quam
1217 1024 1294 1098 beo,

36 1109 250 1177 reverentiam
277 1107 538 1197 praestitissent.

78 1198 158 1282 §R
188 1197 345 1266 Sentiens
369 1207 482 1265 autem
510 1196 561 1264 vir
585 1208 725 1267 sauctus
753 1196 855 1285 Regis
891 1195 1162 1285 indignationem
1200 1195 1297 1266 nulla

41 1305 126 1368 posse
150 1287 281 1356 ratione
301 1285 413 1366 leniri,
432 1307 494 1354 nec
519 1283 630 1354 ullum
659 1284 752 1373 pacis
772 1307 939 1374 apparere
964 1286 1157 1374 vestigium,
1178 1285 1297 1355 statuit

39 1373 75 1438 ad
100 1387 231 1466 tempus
260 1373 452 1444 subducere
477 1395 561 1451 sese,
586 1385 657 1442 tum
686 1387 723 1443 ut
758 1378 826 1442 Rex
853 1372 900 1442 vel
927 1372 1098 1443 desolatae
1127 1373 1297 1444 Ecclesiae

38 1462 257 1545 misereretur,
278 1476 350 1532 tum
369 1479 406 1532 ut
430 1483 494 1552 ope
517 1474 550 1530 et
565 1462 766 1532 auctoritate
789 1463 919 1531 summi
944 1461 1117 1531 Pontificis
1133 1483 1297 1552 oppresso

36 1552 122 1639 gregi
146 1551 356 1623 subveniret.
376 1554 495 1637 ltaque
522 1551 643 1640 paucis
666 1551 854 1641 assumptis
880 1552 983 1618 intrat
1008 1573 1141 1632 navem,
1159 1553 1226 1620 itur
1243 1573 1297 1621 se-

35 1641 148 1710 cundis
164 1641 287 1721 ventis,
309 1639 368 1708 sed
387 1653 512 1709 nautae
536 1640 639 1728 Regis
663 1640 750 1731 iram
778 1639 884 1720 veriti,
905 1640 935 1708 si
956 1638 1053 1708 illum
1073 1639 1295 1720 abducerent,

36 1727 124 1816 ajunt
146 1729 209 1810 illi,
233 1751 269 1798 sc
296 1749 362 1798 nou
389 1749 489 1819 posse
513 1728 578 1797 hoc
599 1741 696 1798 vento
721 1749 761 1797 eo
786 1727 989 1818 pertingere,
1017 1749 1085 1813 quo
1106 1729 1179 1816 ipse
1204 1728 1295 1798 velit.

35 1822 69 1883 ,tt
89 1817 142 1886 ille
165 1819 366 1889 comitem«
394 1819 428 1888 Si
452 1817 552 1886 etiam
582 1818 682 1898 venti,
706 1817 829 1906 inquit,
854 1817 952 1886 nobis
977 1815 1212 1896 adversantur,
1233 1821 1297 1884 Do-

39 1903 111 1974 mini
136 1907 295 1978 voluutas
320 1905 390 1975 stat.
415 1929 432 1972 n
457 1911 508 1974 lta
533 1927 610 1975 mox
635 1905 668 1974 in
690 1905 845 1995 angliam
874 1906 1060 1974 reducitur.
1081 1909 1149 1974 Rex
1174 1918 1211 1973 ut
1235 1927 1298 1974 au-

9 2009 13 2020 ’
39 1990 111 2062 divit
132 2018 212 2065 eum
241 1994 454 2086 profectum,
482 1993 653 2074 indoluit,
676 1994 784 2064 donec
809 1994 931 2064 didicit
955 2016 1141 2064 reversum.
1171 1993 1299 2062 Timuit

39 2081 117 2178 enim
142 2107 212 2154 uon
239 2083 470 2163 mediocriter,
491 2104 534 2151 ne
558 2083 616 2152 illo
634 2083 675 2152 ad
701 2083 899 2153 Pontificem
927 2098 1038 2164 eunte,
1060 2104 1203 2172 regnum
1231 2082 1298 2151 sub

34 2171 208 2244 interdicto
237 2181 400 2243 maneret.
428 2177 619 2242 Conventus
645 2186 717 2241 tum
750 2173 793 2242 ab
822 2194 861 2242 eo
887 2172 1048 2260 publicus
1073 2171 1225 2240 indictus
1248 2186 1299 2240 est

43 2259 280 2331 Norhantumae
303 2262 349 2328 *s
367 2260 425 2330 sed
452 2275 529 2330 aute
553 2282 633 2330 eum
658 2275 863 2330 conventum
885 2261 1025 2348 quidam
1046 2258 1177 2329 milese
1196 2258 1299 2359 Regis

44 2343 235 2433 domesticis,
257 2350 365 2437 etqui
383 2348 532 2419 multum
558 2349 683 2418 valeret
707 2349 800 2439 apud
818 2354 956 2442 Regem,
975 2350 1147 2418 accusavit
1162 2348 1299 2416 Archre·

44 2433 205 2528 piscopum
233 2461 293 2528 per
316 2438 539 2508 calumniam.
568 2438 705 2506 Mandat
734 2441 815 2519 Rex,
838 2452 875 2507 ut
898 2437 1167 2508 Norhantumam
1187 2437 1299 2506 veniat

41 2525 333 2620 trctieptscopus,
366 2540 399 2596 et
434 2547 469 2596 se
503 2541 635 2616 purget.
662 2532 807 2596 Excusat
837 2548 872 2594 se
896 2527 947 2594 vir
972 2539 1123 2607 sanctus,
1146 2524 1236 2613 quod
1262 2525 1297 2594 id

40 2615 138 2698 gravis
158 2620 301 2689 morbus
327 2637 394 2685 non
421 2616 521 2684 sinat.
542 2619 610 2684 Rex
627 2614 758 2684 nullam
779 2615 929 2686 admittit
945 2616 1212 2695 excusationem,
1234 2636 1298 2703 pu-

40 2713 79 2768 tat
101 2726 174 2773 eum
201 2703 439 2794 subterfugere
457 2703 644 2792 judicium.
672 2703 802 2773 Citatnr
824 2725 904 2793 ergo
934 2703 1221 2792 lrcbiepiscopus
1252 2701 1296 2771 ad

40 2786 175 2862 tribunal
202 2794 315 2883 Regis.
334 2793 476 2862 Advenit
502 2792 552 2860 vir
577 2805 729 2874 sanctus,
749 2793 821 2861 adit
844 2797 982 2882 Regem,
1010 2806 1083 2862 orat
1110 2791 1296 2873 submisse,

39 2893 69 2944 ut
93 2901 148 2967 pro
172 2884 353 2969 utriusque
379 2881 489 2951 salute
511 2881 659 2970 patiatur
683 2879 798 2970 ipsum
818 2880 866 2950 ire
883 2882 924 2950 ad
952 2881 1161 2951 Pontificem.
1185 2883 1297 2950 Iratus

39 2967 108 3048 Rex,
130 2971 225 3062 Jubet
249 2991 357 3060 ocyus
381 2970 531 3051 decerni,
557 2992 626 3056 qua
651 2970 694 3039 sit
719 2991 829 3059 poena
849 2969 1081 3049 mulctandus,
1105 2968 1196 3056 nunt
1217 2991 1300 3038 con-

19 3059 203 3150 ·tempserit
234 3060 348 3130 venire
385 3059 509 3129 citatus
545 3081 564 3128 a
596 3064 697 3147 Rege.
737 3058 991 3128 Condemnatur
1026 3060 1297 3147 quingentarum

40 3141 203 3217 librarum.
217 3148 416 3240 ingemiscit
429 3148 640 3226 virsanctus,
656 3146 774 3216 videns
793 3147 825 3214 in
844 3145 1049 3235 locojudicii
1065 3147 1294 3234 iniquitatem.

21 3233 144 3318 *lgitur
168 3237 246 3307 inde
270 3237 312 3307 de
342 3259 393 3317 eo,
420 3237 512 3325 quod
539 3235 638 3307 miles
662 3236 693 3305 ei
727 3237 922 3304 intentarat.
950 3241 988 3304 lt
1012 3236 1299 3324 Archiepiscopus

42 3339 154 3416 magna
173 3325 326 3397 libertate
346 3325 541 3415 respondet,
563 3345 643 3394 eam
661 3346 731 3394 rem
760 3323 929 3413 pertinere
945 3325 986 3393 ad
1013 3324 1183 3393 Ecclesiae
1203 3321 1299 3412 judi-

41 3425 132 3491 cmm,
164 3434 223 3484 nec
249 3414 392 3503 probare
419 3413 568 3504 potuisse
601 3412 759 3493 militem,
782 3412 875 3500 qnod
909 3413 1103 3502 objiciebat.
1139 3417 1171 3480 ls
1200 3411 1301 3482 miles
1331 3441 1338 3457 ι

41 3497 144 3592 *eodem
170 3525 259 3572 anno
280 3519 437 3574 mortuus
461 3516 512 3571 cst
535 3523 614 3572 cum
639 3501 776 3571 duobus
800 3501 895 3583 filiis,
915 3501 1006 3589 quod
1034 3522 1101 3571 non
1130 3513 1218 3570 esset
1242 3521 1298 3568 ve-

40 3597 116 3666 tttus
139 3592 268 3662 mittere
287 3613 430 3662 manum
457 3591 491 3659 in
516 3589 684 3660 christum
712 3590 856 3658 bomini.

40 3717 44 3730 ·
77 3677 92 3758 ξ
113 3683 187 3751 10.
213 3686 295 3750 Cum
317 3682 382 3750 hac
399 3702 434 3749 re
452 3679 538 3748 nihil
561 3679 767 3768 proficerent
787 3680 861 3768 ejus
887 3677 1086 3758 adversarii,
1107 3677 1201 3748 aliud
1223 3691 1299 3746 teu-

43 3769 134 3832 tatum
146 3781 209 3848 est,
227 3783 266 3839 ut
290 3769 447 3839 redderet
464 3769 630 3838 rationem
647 3789 780 3847 eorum,
800 3789 889 3854 quae
909 3779 995 3846 tum,
1015 3789 1094 3836 oum
1113 3779 1201 3836 esset
1216 3787 1297 3834 can-

42 3847 197 3936 cellarius,
214 3857 440 3928 custodienda
465 3858 663 3946 accepisset,
690 3869 722 3926 et
747 3868 784 3924 ut
803 3877 842 3925 ea
859 3855 1097 4012 expendisset:
1126 3854 1205 3924 licet
1224 3853 1297 3940 jam

43 3949 108 4006 ante
131 3944 264 4030 publice
288 3946 556 4037 pronunciatum
577 3957 677 4024 osset,
696 3946 739 4014 ab
756 3943 892 4032 ejusmo
919 3945 928 4012 i
947 3943 1097 4014 liberum
1114 3965 1193 4013 eum
1212 3941 1296 4011 lore.

46 4023 192 4103 becubuit
216 4035 267 4104 vir
290 4048 430 4106 sanctus
454 4057 495 4103 ex
518 4033 613 4124 gravi
633 4034 751 4103 dolore
768 4033 909 4122 splenis,
926 4044 958 4102 et
979 4046 1092 4102 tamen
1111 4031 1300 4121 urgebatur

47 4124 284 4210 quamprimum
311 4123 452 4193 reddere
476 4125 656 4192 rationem.
679 4120 863 4192 Ferebatur
883 4133 955 4190 tum
984 4144 1045 4212 pro
1070 4134 1173 4200 certo,
1192 4141 1298 4210 quos-

50 4197 115 4301 dam¹
134 4231 170 4279 ex
202 4212 303 4301 regiis
331 4213 365 4280 in
392 4212 467 4301 ejus
495 4211 713 4298 conspirasse
738 4233 869 4290 necem,
889 4210 1061 4298 latamque
1088 4210 1194 4281 luisse
1219 4229 1298 4278 sen-

53 4295 179 4378 tentiam,
201 4300 236 4368 si
260 4301 452 4370 incuriam
479 4299 636 4380 venisset,
657 4312 695 4368 ut
714 4312 774 4368 aut
798 4299 908 4389 capite
936 4299 1151 4390 plecteretur,
1178 4311 1238 4369 aut
1262 4298 1298 4366 iu

4 4433 18 4456 ι
74 4411 83 4432 ⁸
96 4413 159 4472 Vulgo
171 4426 337 4477 s'orttrampton.
