2960 4824
65 311 131 374 llll.
161 311 196 372 ts
424 328 460 373 nc
485 327 511 374 s.
540 327 631 374 auom
658 327 741 373 vino.
770 327 807 372 nr
831 323 927 372 near.
1203 303 1265 366 3:25

93 414 171 499 §t
197 410 306 502 lgitur
329 432 407 480 cum
434 413 580 501 peractis
604 411 768 488 omnibus
799 408 948 501 populus
971 409 1208 482 abscessisset.
1233 428 1307 496 pro·

59 512 233 571 straverunt
261 521 298 570 se
316 511 395 570 ante
419 499 617 592 sepulcrum
646 510 783 571 sanctae
809 498 958 589 Virginis
984 509 1091 568 mater
1116 509 1148 566 et
1171 495 1255 574 filia,
1277 506 1310 563 et

56 600 221 680 coeperunt
243 611 324 659 cum
350 588 514 746 lacavmis
540 589 696 680 flagitare
719 588 939 678 suffragium.
966 591 1099 656 Interea
1121 583 1206 654 dum
1231 605 1308 652 ora-

56 681 141 749 tionis
153 678 336 770 'prolixitas
353 690 406 748 ten
437 679 516 760 itur,
534 699 655 748 somno
673 679 774 746 ,Lucia
799 677 894 766 virgo
919 676 1094 764 arripitur,
1117 687 1149 746 et
1165 672 1257 741 videt
1273 673 1306 742 in

54 789 157 837 somno
183 768 317 837 beatam
343 767 492 856 Agathan
521 766 554 836 in
585 766 698 836 medio
729 764 936 856 Angelorum
973 763 1120 855 gemmis
1151 773 1307 832 ornatam

54 867 194 936 stantem,
218 868 253 925 et
276 855 443 926 dicentem
463 879 469 920 :
490 878 507 921 «
527 859 627 924 Soror
653 875 728 923 mea
747 854 862 936 Lucia,
883 854 977 943 virgo
995 858 1060 922 Deo
1076 852 1207 932 devota,
1225 848 1306 938 quid

53 967 132 1015 ame
149 945 245 1034 petiS,
272 944 363 1033 quod
385 945 459 1034 ipsa
486 945 611 1035 poteris
637 956 808 1034 praestare
832 943 1022 1012 continuo?
1044 947 1126 1012 llam
1156 953 1187 1008 et
1209 938 1307 1026 matri

52 1047 116 1103 tuae
129 1034 214 1104 fides
231 1046 289 1104 tua
307 1033 478 1113 subvenit,
503 1045 536 1103 et
551 1055 629 1102 ecce
654 1032 782 1102 salvata
798 1044 865 1102 est:
897 1043 929 1100 et
945 1031 1035 1101 siout
1064 1051 1123 1120 per
1141 1050 1194 1098 me
1219 1032 1298 1096 Cata

52 1123 195 1192 censium
214 1123 336 1192 civitas
361 1121 570 1192 sublimatur
596 1121 778 1199 adhristo,
805 1121 853 1190 ita
878 1141 937 1211 per
962 1133 992 1189 te
1016 1124 1231 1208 Syracusana
1260 1115 1308 1185 ci·

53 1211 124 1280 ritas
138 1210 374 1281 decorabitur:
409 1211 491 1298 quia
510 1209 706 1296 jucundum
738 1209 870 1279 Christo
897 1209 932 1278 in
958 1221 1016 1279 tua
1040 1207 1234 1298 virginitate
1250 1204 1308 1273 ba-

51 1299 224 1369 bitaculum
241 1299 489 1402 praeparasti.»
503 1301 564 1368 His
574 1298 713 1378 auditis
732 1296 967 1388 expergefacta
983 1297 1130 1367 surrexit
1145 1307 1306 1372 tremens,

50 1401 76 1456 et
91 1388 132 1457 ait
149 1401 250 1458 matri
272 1410 371 1458 suae:
397 1393 536 1456 «Mater
557 1409 643 1466 mea,
681 1399 787 1456 mater
820 1408 906 1466 mea,
927 1408 1006 1456 ecce
1032 1407 1115 1454 sana
1140 1383 1228 1452 sacta
1258 1403 1306 1451 es.

49 1481 101 1545 Per
115 1477 224 1568 ipsam
244 1488 276 1546 te
295 1476 471 1566 deprecor,
497 1497 585 1564 quae
616 1489 646 1546 te
680 1475 822 1545 salvavit
847 1475 919 1544 suis
944 1473 1177 1553 orationibus,
1207 1493 1248 1541 ne
1274 1484 1309 1540 tu

49 1567 121 1634 milri
139 1565 329 1653 aliquando
346 1587 512 1654 sponsum
531 1565 699 1644 nomines,
717 1578 750 1634 et
776 1586 817 1632 ne
842 1577 879 1633 tu
895 1563 976 1633 velis
1002 1563 1044 1632 de
1067 1561 1220 1650 corporis
1242 1561 1307 1630 mei

47 1656 232 1742 posteritate
248 1652 399 1723 fructum
419 1653 635 1723 mortalitatis
659 1655 854 1740 inquirere:
882 1651 940 1722 sed
966 1653 1093 1732 omnia,
1116 1649 1307 1738 quaemihi

47 1742 154 1813 datura
179 1765 259 1814 eras
283 1741 377 1813 eunti
406 1742 447 1811 ad
469 1741 701 1832 corruptionis
727 1763 820 1812 meae
845 1753 1016 1810 auctorem
1040 1741 1214 1817 hominem
1236 1759 1308 1806 rno-

48 1834 194 1912 ntorum,
224 1831 270 1901 da
292 1831 375 1900 milri
400 1831 496 1901 eunti
512 1831 553 1900 ad
582 1827 784 1922 integritatis
806 1851 900 1900 meae
924 1843 1097 1899 auctorem
1122 1827 1307 1898 Dominum

48 1925 150 1992 lesum
173 1921 362 1991 Christum.
384 1943 402 1987 s
1167 1949 1169 1953 ·

83 2011 160 2095 58.
188 2010 252 2080 Cui
279 2020 386 2078 mater
414 2007 488 2097 ejus
512 2007 676 2097 Eutychia
699 2007 766 2077 ait:
795 2007 955 2077 «Omnia
979 2027 1067 2093 quae
1096 2017 1178 2074 sont
1204 2004 1310 2093 patris

48 2097 89 2165 tui
102 2097 255 2169 defuncti
269 2113 347 2166 autc
365 2118 483 2180 novem
498 2119 618 2178 annae,
637 2096 907 2166 incontaminata
923 2094 1131 2174 custodiens,
1146 2091 1307 2181 ampliavi

48 2187 160 2272 potius,
187 2208 294 2274 quam
322 2185 445 2266 minui,
472 2185 505 2253 in
526 2185 744 2275 patrimonio.
763 2189 833 2254 llea
858 2207 937 2254 vero
960 2183 1077 2254 omnia
1103 2202 1190 2268 quae
1216 2193 1305 2260 sunt,

49 2273 89 2342 vel
105 2297 176 2346 esse
198 2287 367 2366 possunt,
390 2275 465 2364 ipsa
491 2274 615 2344 melius
640 2274 739 2343 nosti.
767 2278 811 2342 Te
837 2273 997 2343 coculos
1023 2293 1126 2350 meos,
1145 2283 1177 2339 et
1201 2267 1310 2354 quod-

48 2385 185 2451 cumque
211 2363 275 2434 tibi
301 2362 478 2451 placuerit,
506 2364 547 2432 de
564 2363 640 2432 istis
663 2296 884 2431 facultatibus
904 2361 1017 2432 lacito.
1039 2385 1057 2428 a
1083 2360 1186 2430 Lucia
1203 2357 1307 2426 dixit:

49 2452 169 2534 «ludi,
199 2463 321 2532 mater,
352 2451 536 2521 consilium
563 2473 694 2520 meum:
723 2472 791 2519 non
828 2450 910 2520 satis
939 2456 1004 2520 Deo
1036 2471 1138 2520 carus
1161 2460 1223 2526 est,
1250 2446 1309 2532 qui

46 2537 88 2606 illi
105 2540 166 2612 hoc
183 2540 258 2622 dat,
284 2540 374 2626 quod
392 2561 509 2610 secum
534 2539 621 2610 lerre
637 2561 705 2608 non
728 2550 846 2629 potest,
869 2552 900 2610 et
916 2561 985 2628 quo
998 2539 1071 2629 ipse
1096 2535 1226 2626 perlrui
1243 2555 1308 2604 non

48 2641 154 2714 potest.
182 2628 250 2699 Sed
269 2629 298 2700 si
323 2641 359 2699 tu
376 2630 426 2697 vis
472 2641 580 2698 ratum
607 2650 681 2698 esse
701 2632 776 2709 Deo,
799 2627 862 2698 boc
887 2627 937 2698 illi
962 2629 1018 2709 da,
1045 2649 1113 2716 quo
1132 2623 1258 2715 poteris
1274 2637 1309 2692 tu

46 2717 98 2784 uti.
124 2720 275 2788 Moriens
292 2717 383 2786 enim
407 2651 503 2788 nullo
527 2717 653 2807 poteris
678 2717 747 2802 uti;
765 2729 797 2786 et
821 2716 911 2805 quod
938 2717 1011 2797 das,
1036 2717 1110 2786 ideo
1134 2715 1208 2796 daS,
1229 2712 1312 2799 quia

46 2815 147 2876 tecum
166 2806 257 2876 serre
281 2826 349 2874 non
376 2805 560 2895 praevales.
588 2807 710 2878 Vivens
734 2827 827 2897 ergo,
854 2819 885 2875 et
910 2805 1054 2875 salutem
1083 2805 1132 2873 tui
1156 2801 1310 2891 corporis

44 2890 178 2976 habens,
206 2895 251 2964 da
272 2894 415 2975 Christo,
439 2894 529 2984 quod
548 2895 726 2984 possides:
746 2908 778 2964 et
796 2894 961 2983 quicquid
988 2905 1018 2962 te
1041 2893 1126 2962 mihi
1150 2892 1308 2960 daturam

46 2984 284 3074 spoponderas,
312 2983 361 3052 vel
386 2984 486 3052 etiam
505 2984 693 3085 cogitabas,
721 2983 852 3052 Christo
870 2984 983 3073 incipe
1001 2981 1177 3052 tradere.»
1202 2979 1312 3070 lgitur

46 3091 115 3140 cum
133 3073 289 3160 quotidie
309 3071 351 3141 de
375 3073 429 3142 bis
454 3085 744 3143 sermocinaretur
763 3073 864 3162 Virgo
889 3095 967 3142 cum
995 3085 1113 3150 matre,
1135 3068 1238 3138 fiebat
1260 3088 1310 3136 re·
1405 3082 1410 3108 ¹

45 3179 113 3314 {um
138 3162 337 3243 distractio,
365 3173 397 3230 et
433 3161 585 3248 quotidie
612 3161 873 3232 necessitatibus
905 3180 1094 3250 pauperum
1134 3156 1339 3248 impende.

66 3261 174 3319 antur.

83 3339 100 3424 ἓ
122 3343 164 3412 1.
192 3344 327 3409 Interea
341 3338 424 3407 dum
439 3336 682 3407 distrahuntur
698 3335 849 3427 praedia,
869 3350 900 3405 et
918 3357 1075 3426 gemmae
1099 3333 1308 3410 venduntur,

47 3423 81 3490 ad
108 3428 228 3516 sponsi
251 3427 406 3496 notitiam
440 3427 614 3515 pervenit:
644 3428 740 3513 isque
761 3424 928 3496 sollicitus
959 3425 1071 3514 coepit
1095 3423 1269 3510 inquirere
1292 3445 1311 3490 a

48 3515 170 3610 nutrice
195 3527 334 3585 sanctae
350 3514 483 3596 Luciae,
506 3513 589 3604 quid
607 3514 670 3584 boc
685 3528 784 3596 esset,
804 3513 893 3602 quod
911 3512 1166 3584 distractionem
1190 3531 1310 3599 repen-

49 3611 142 3670 tinam
169 3603 403 3694 praediorum,
420 3615 452 3672 et
467 3624 682 3692 gemmarum
699 3603 863 3674 audisset.
886 3603 945 3671 Cui
969 3601 1050 3672 baec
1076 3601 1192 3671 nutrix
1210 3611 1310 3668 cauta

48 3689 228 3762 confinxit:
256 3695 425 3780 «Sponsa
449 3704 507 3760 tua
533 3693 661 3762 invenit
679 3691 927 3782 possessionem
948 3691 982 3759 in
1009 3690 1199 3770 venalibus,
1224 3709 1313 3775 quae

49 3775 197 3874 millenos
217 3779 417 3870 etamplius
441 3779 571 3850 solidos
589 3793 745 3870 praestet.
772 3783 867 3850 Hanc
884 3801 923 3849 ea
943 3781 977 3847 in
1004 3793 1062 3850 tuo
1087 3777 1225 3847 nomine
1249 3797 1311 3846 cu-

50 3883 136 3950 piens
161 3890 375 3958 comparare,
396 3867 529 3938 videtur
544 3869 719 3956 aliquanta
742 3869 982 3940 distrahere.»
1012 3865 1161 3938 Credidit
1184 3864 1312 3934 stultus

50 3956 174 4048 carnale
200 3958 478 4038 mercimonium,
498 3969 529 4026 et
546 3959 700 4026 animum
720 3957 763 4027 ab
778 3958 997 4048 indagatione
1019 3975 1192 4034 revocans,
1208 3953 1308 4023 etiam

51 4059 113 4194 {pse-
135 4047 248 4136 coepit
271 4059 391 4116 auctor
406 4067 481 4115 esse
507 4045 688 4115 vendendi.
714 4052 753 4116 lt
776 4046 836 4116 ubi
856 4047 1015 4115 universa
1040 4067 1125 4135 pene
1148 4044 1312 4112 distracta

71 4130 159 4202 rdrcit
185 4134 409 4224 pauperibus,
430 4134 556 4216 viduis,
583 4133 760 4224 orphanis,
788 4134 1090 4224 peregrinantibus
1105 4147 1137 4202 et
1153 4137 1217 4201 Deo
1242 4153 1311 4201 ser-

53 4217 211 4316 vientibus
227 4234 377 4313 erogata,
405 4223 565 4314 proponit
580 4221 672 4291 litem
699 4223 881 4311 injudicio
905 4223 1081 4293 Paselrasii
1104 4219 1309 4304 consularis,

53 4301 157 4378 dicens
177 4332 340 4402 sponsam
367 4333 464 4381 suam
491 4311 820 4381 Christianissimam
846 4323 964 4382 contra
996 4312 1087 4402 leges
1113 4311 1223 4380 virere
1247 4315 1311 4380 Au-

55 4409 230 4478 gustorum.
273 4404 380 4482 Quam
419 4399 871 4491 Paschasius.corripiens,
912 4401 1023 4492 coepit
1059 4399 1101 4472 ad
1142 4397 1313 4470 sacrificia
