2932 4812
22 287 91 350 hle.
119 285 160 349 30
445 305 484 352 nu
509 305 536 351 s.
562 305 677 352 sitvsii
701 303 844 352 uterina
1170 289 1233 351 533

20 402 49 458 ut
64 409 147 475 quae
162 387 254 458 bono
270 400 361 459 esset
377 388 516 478 ingenio
532 388 699 480 praedita,
718 389 818 460 facile
837 388 1118 481 apprehenderet,
1146 388 1277 458 fructus

19 477 130 568 dignos
155 475 357 566 disciplinis
381 480 514 548 actione
538 478 750 570 proterebat:
776 499 926 566 cumque
959 499 1035 547 vere
1059 477 1220 548 coelestes
1248 491 1280 549 et

18 565 183 656 lngelicos
208 565 315 657 plane
339 567 480 638 haberet
503 568 658 658 spiritus,
686 568 834 726 insignis
857 565 1054 658 pulcritudo
1078 565 1226 637 micabat
1243 587 1281 636 ei

18 655 124 724 oculis.
149 659 276 745 llagna
310 669 424 727 autem
448 678 489 726 eii
517 667 613 747 parte
641 655 736 725 dorni
774 657 897 727 aiebat.
933 659 976 724 lle
999 655 1179 745 juventute
1203 677 1281 725 vero

19 743 205 834 saepissime
240 745 546 833 conquerebatur,
584 745 726 816 dicens:
763 767 780 812 ιι
809 749 835 815 O
869 745 1071 815 insidiosam
1107 757 1277 824 aetatem,

19 854 95 918 rinae
117 843 174 902 aut
199 832 319 916 laedit,
346 845 407 904 aut
431 834 587 904 laeditur.
615 833 737 903 Pulcra
755 855 808 904 res
825 845 874 904 est
892 847 1061 904 senectus.
1085 833 1145 902 Hei
1171 833 1277 903 mihil

21 920 193 1012 longitudo
218 923 389 1012 temporis
413 944 468 992 me
492 921 660 992 moestitia
686 922 801 1003 afficit,
828 944 916 1010 qnae
947 921 1079 992 tamdiu
1103 934 1281 1010 separata

20 1008 219 1080 coelestibus.
239 1033 258 1077 ii
277 1015 318 1081 Et
335 1023 373 1082 ut
389 1010 495 1081 semel
508 1011 634 1093 dicam,
658 1033 836 1098 nunquam
853 1010 1099 1082 intermittebat
1110 1010 1278 1080 Christum

21 1119 123 1252 il'ocare
140 1098 187 1200 'ad
213 1121 321 1170 suum
343 1099 524 1182 auxilium,
550 1111 582 1170 et
607 1122 720 1190 genua
744 1101 896 1182 lleetens,
924 1098 1036 1168 solum
1055 1099 1282 1189 adspergebat

36 1209 177 1257 nervicis.

62 1259 134 1361 ξ’θ.
159 1282 297 1346 Interea
321 1293 435 1349 autern
453 1299 533 1347 cuni
560 1289 717 1368 parentes
737 1277 977 1357 decessissent,
1000 1289 1139 1366 accepta
1164 1277 1281 1347 haere-

26 1363 131 1446 ditate,
159 1366 357 1457 cogitabat,
387 1365 561 1454 quomodo
587 1378 742 1437 uteretur
764 1367 819 1448 iis,
842 1387 930 1457 quas
953 1365 1111 1448 habebat,
1137 1365 1277 1438 divitiis.

25 1456 110 1522 Erant
126 1475 202 1524 vero
226 1454 384 1556 congesti
409 1456 550 1525 maximi
574 1456 651 1525 auri
670 1467 702 1526 et
718 1457 850 1546 argenti
868 1455 1031 1536 thesauri,
1051 1454 1186 1546 amplae
1205 1477 1281 1546 pos·

24 1541 184 1624 sessiones,
211 1543 317 1613 multi
342 1565 502 1700 pecorum
519 1565 652 1636 greges
675 1565 852 1616 servorum
877 1555 908 1614 et
932 1543 1139 1613 ancillarum
1166 1543 1282 1614 multi-

24 1629 93 1698 tudo
120 1631 342 1702 innumerabi
359 1632 412 1714 is,
440 1633 541 1705 vestis
564 1645 769 1724 sumptuosa
792 1645 824 1702 et
853 1631 1051 1722 magnifica,
1078 1645 1111 1701 ct
1133 1653 1173 1702 ex
1197 1655 1283 1704 auro

26 1731 172 1802 contexta,
193 1733 225 1790 et
242 1720 365 1802 serica,
387 1721 540 1792 mundus
554 1743 694 1805 aureus,
720 1732 905 1792 exornatus
920 1722 1015 1791 omni
1039 1742 1165 1812 genere
1187 1743 1283 1812 gem·

29 1827 168 1890 inarum,
201 1809 445 1900 magnitudine
469 1810 693 1901 resplendens
712 1825 745 1882 et
774 1809 1021 1901 pulcritudine.
1047 1814 1138 1880 Haec
1163 1811 1283 1880 videns

29 1897 224 1990 sanctissima
250 1899 398 1989 Anysia,
425 1897 584 1970 dicebat:
611 1899 828 1984 «Quomodo
852 1899 965 1970 salvae
989 1920 1063 1969 esse
1094 1898 1283 1989 poterimus

31 2003 57 2048 in
84 1987 177 2056 tantis
206 1989 354 2059 terrenis
384 1988 522 2078 copiis?
554 1989 732 2071 Quomodo
762 1999 867 2079 eaput
896 1987 1056 2057 draconis
1091 1988 1283 2058 exuemus?

34 2075 92 2158 lge,
105 2075 265 2146 adversus
280 2077 396 2166 ipsum
409 2089 488 2146 utar
501 2077 576 2166 ejus
592 2078 798 2148 inventione.
816 2076 878 2146 llle
894 2076 1079 2165 quotannis
1093 2097 1129 2147 se
1140 2097 1281 2158 exuens,

35 2177 217 2257 ienovatur3
242 2186 413 2235 exuamus
436 2187 519 2256 ergo
543 2187 605 2238 nos
627 2188 765 2254 quoque
788 2167 901 2236 varias
925 2165 1075 2236 divitias.
1106 2169 1171 2235 Eae
1190 2165 1282 2234 enirn

35 2247 148 2322 divitiae
163 2254 275 2342 magis
293 2255 444 2343 puniunt
467 2275 536 2338 eos,
556 2255 616 2342 qui
636 2255 706 2327 illis
723 2253 811 2324 male
831 2266 1000 2334 utuntur;
1027 2277 1096 2337 θος,
1114 2253 1174 2342 qui
1191 2252 1284 2344 ipsas

38 2341 329 2434 accumulaverunt,
357 2341 527 2414 mulctant
549 2342 644 2413 rabie
668 2343 941 2414 immedicabili:
968 2365 1090 2434 parcos
1114 2355 1227 2412 autem
1253 2355 1285 2411 et

38 2422 194 2500 illiberales
222 2431 299 2502 suis
328 2430 459 2518 laqueis
490 2445 522 2502 et
546 2433 677 2502 retibus
701 2433 891 2523 implicant.
919 2437 1085 2524 Agrorum
1110 2431 1284 2523 possessio

37 2519 166 2612 suggerit
187 2519 477 2610 indignationem,
504 2533 536 2590 et
559 2520 702 2591 inlidam
729 2521 946 2614 vectigalium
965 2522 1188 2603 exactionem,
1208 2543 1285 2611 pro-

35 2605 126 2675 terens
142 2609 288 2678 trutinas
304 2607 409 2678 salsas
433 2621 465 2678 et
480 2609 565 2681 salsa
583 2610 746 2700 pondera.
767 2616 879 2680 Vestes
898 2609 1023 2680 docent
1045 2631 1081 2679 se
1104 2631 1282 2700 perperam

34 2701 61 2790 ⁰¹.
72 2697 212 2789 nequiter
230 2719 360 2788 gerere,
382 2698 573 2789 resolvique
596 2711 628 2768 et
652 2698 801 2768 diffundi
818 2697 963 2770 deliciis.
990 2703 1140 2788 Torques
1156 2711 1188 2768 et
1212 2719 1285 2767 ino-

36 2777 106 2882 niha
123 2783 295 2868 efficiunt,
326 2800 364 2857 ut
387 2789 499 2858 cervix
524 2787 673 2877 superbe
694 2788 867 2878 erigatur,
895 2800 927 2857 et
951 2799 989 2857 ut
1012 2808 1099 2876 quae
1124 2786 1286 2856 laudibus

37 2867 172 2956 trahitur,
190 2875 297 2946 videri
313 2874 492 2947 desideret.
509 2881 588 2968 Age,
600 2899 637 2946 er
661 2897 693 2959 o,
711 2877 754 2946 iis
767 2877 822 2966 pie
836 2888 985 2957 utamur,
1006 2876 1103 2947 beato
1120 2876 1286 2946 llatthaeo

38 2973 184 3056 parentes.
215 2964 435 3034 hominatum
472 2966 506 3035 in
540 2987 598 3035 eas
630 2987 649 3035 o
677 2965 847 3035 tineamus
870 2964 1069 3044 secundum
1101 2976 1283 3046 naturam,

40 3063 217 3147 priusquam
242 3073 302 3123 eae
326 3052 549 3124 dominentur
573 3053 673 3123 nobis
698 3065 830 3142 praeter
856 3065 1036 3123 naturam:
1063 3050 1192 3124 elliciar
1209 3074 1286 3123 vere

38 3130 167 3235 tlomina,
190 3162 246 3210 eas
263 3154 381 3212 sancte
397 3142 667 3212 administrans:
694 3141 798 3212 simul
823 3153 855 3211 et
871 3140 1052 3212 declinans
1069 3163 1120 3224 ea,
1143 3163 1231 3233 quae
1247 3163 1287 3212 ex

39 3239 77 3286 ns
90 3241 248 3314 oriuntur,
275 3230 368 3312 vitia,
387 3243 420 3301 et
439 3230 628 3301 custodiam
655 3232 851 3322 excogitans
876 3231 1097 3314 tutissimam,
1115 3231 1150 3300 in
1169 3231 1286 3301 vidua-

42 3326 113 3392 llffi,
137 3317 367 3407 orphanorum
392 3332 424 3389 et
444 3319 682 3390 mendicorum
703 3331 855 3390 ventrem
885 3331 1058 3408 tamquam
1086 3321 1286 3392 thesaurum

40 3415 85 3466 tas
100 3407 289 3480 recondens.
317 3408 465 3480 Idoneus
484 3408 679 3498 fidejussor,
700 3409 866 3478 hominus
883 3408 1137 3491 universorum,
1158 3429 1225 3478 non
1244 3407 1286 3476 ad

43 3480 165 3573 duplum
195 3517 302 3586 usque
335 3496 553 3568 solummodo
582 3497 721 3588 augebit
752 3510 900 3579 sortem,
934 3497 992 3566 sed
1018 3497 1060 3566 ad
1085 3495 1286 3587 centuplum

44 3589 133 3659 iisque
148 3601 223 3653 ciiin
248 3586 317 3656 vita
341 3597 477 3656 aeterna
494 3585 581 3656 inihi
601 3584 722 3656 foenus
739 3587 887 3656 ad'iciet.
911 3587 968 3656 Pie
983 3607 1287 3670 consummamus;

47 3669 197 3766 tcto-enim
219 3675 435 3765 recipiemus.
453 3674 667 3745 venundatis
689 3609 863 3756 omnilius,
883 3696 1020 3745 crucem
1046 3676 1287 3763 acquiramus;

49 3745 191 3847 liliistum
214 3763 361 3852 expediti
395 3785 606 3851 sequamur;
638 3765 748 3864 ipsam
784 3777 908 3835 terram
944 3765 1056 3834 statim
1089 3787 1167 3834 curn
1202 3776 1291 3834 terra

50 3834 276 3934 lellttqtramus‚
302 3852 415 3923 coelos
442 3875 522 3924 eum
543 3851 680 3944 Angelis
707 3852 915 3924 habitemus.
948 3851 1135 3944 Fugiamua
1154 3852 1292 3942 pericii·

52 3917 136 3997 lesam
158 3937 266 4023 vitam,
285 3953 317 4010 et
332 3941 468 4031 probris
487 3941 623 4032 plenam
642 3965 649 4008 :
675 3952 708 4011 et
732 3940 968 4012 desideremus
992 3957 1178 4022 certarnen,
1197 3937 1290 4026 quod

53 4025 164 4100 Superat
185 4029 360 4100 rationem.
380 4034 462 4100 Cum
480 4030 535 4112 iis,
553 4051 643 4120 quae
662 4051 730 4099 non
751 4031 930 4120 patiuntur
945 4029 1136 4110 interitum,
1156 4048 1293 4127 pergiti-

55 4106 141 4176 tenus
151 4132 197 4194 ee,
212 4115 244 4186 in
259 4139 346 4206 quae
362 4119 453 4190 cadit
467 4120 637 4189 interitus.
656 4120 800 4189 llarime
812 4118 1026 4188 venerandae
1039 4131 1121 4188 sunt
1135 4127 1288 4206 nuptiae,

58 4201 120 4280 llic
133 4207 375 4298 corruptionem
394 4229 610 4296 nequaquam
628 4207 826 4289 conciliant;
843 4227 1108 4298 permaneamus
1123 4206 1193 4275 inte
1220 4226 1288 4286 rae;

61 4289 81 4368 ⁰!
104 4299 150 4366 lul
175 4289 338 4389 lormavit,
369 4317 496 4398 purum
529 4294 733 4398 figmentum
763 4317 1025 4379 conservemus;
1053 4316 1073 4361 a
1104 4227 1289 4384 reprelien-

63 4375 131 4438 sione
143 4375 284 4452 alienum
301 4385 421 4455 Christi
439 4385 677 4458 custodiamus
695 4385 927 4474 signaculum.
943 4389 1111 4472 Agnoscat
1121 4383 1288 4453 Dominus
