2932 4812
8 327 79 392 bEtI.
104 327 145 390 ‘29
309 346 347 392 nn
371 346 397 392 s.
425 345 531 394 rnoiiii
555 344 700 392 naeniae.
727 345 936 396 csnrunnum.
1150 330 1208 394 57⁴

37 432 53 514 ἓ
74 434 145 501 19.
172 427 332 498 «Audiat
355 429 469 518 itaque
488 429 649 498 dominus
675 450 772 500 meus
791 431 975 500 consilium
997 430 1110 500 fidelis
1135 432 1201 511 sui,
1228 432 1257 500 si

7 517 108 606 placet,
126 517 429 587 commonitionem
449 517 606 607 Episcopi
632 518 698 597 sui,
717 518 973 608 castigationem
995 519 1104 620 patris
1128 521 1193 600 sui,
1221 534 1258 588 ut

7 629 58 674 non
75 629 150 676 cum
169 607 401 678 schismaticis
418 605 569 692 aliquam
587 605 762 676 decaetero
778 605 901 678 habeat
920 608 1186 677 familiaritatem
1206 609 1256 677 rel

6 695 280 764 communionem.
306 699 426 765 Notum
456 707 507 765 est
532 694 599 764 fere
621 697 678 764 toti
709 695 849 776 mundo,
874 718 978 784 quam
1000 696 1129 776 devote,
1152 717 1254 782 quam

5 783 171 854 honorilice
192 783 373 853 dominum
392 788 517 874 Papam
536 784 744 873 receperitis,
757 797 925 870 quantum
936 791 1124 856 Romanam
1144 785 1256 854 Eccle-

4 873 73 940 siam
93 872 241 942 foveritis
260 885 292 941 et
314 873 577 942 honoraveritis:
604 887 770 959 quantum
797 874 897 943 etiam
924 874 1087 944 dominus
1111 879 1201 963 Papa
1226 887 1257 943 et

5 961 133 1030 Ecclesia
153 965 309 1032 Romana
327 982 507 1050 personam
530 975 675 1030 vestram
691 961 883 1042 dilexerint,
903 976 934 1031 et
952 963 1204 1040 honoraverint,
1224 975 1255 1030 et

5 1050 30 1115 iii
49 1051 320 1137 quibuscumque
354 1051 527 1140 potuerint
558 1050 749 1119 secundum
784 1055 912 1132 Deum,
943 1074 1001 1121 vos
1029 1051 1253 1121 exaudierint.

5 1138 96 1206 Nolite
112 1161 201 1230 ergo,
221 1139 375 1218 domine,
395 1140 423 1208 si
440 1139 585 1208 salutem
604 1138 739 1208 animae
763 1154 892 1208 vestrae
908 1139 1123 1220 desideratis,
1144 1139 1255 1209 eidem

6 1226 162 1306 Ecclesiae,
180 1228 276 1315 quod
293 1249 394 1298 suum
412 1239 474 1307 est,
494 1227 608 1314 aliqua
627 1228 756 1296 ratione
776 1228 989 1307 subtrahero,
1012 1251 1072 1299 seu
1090 1229 1123 1296 in
1141 1228 1257 1315 aliquo

4 1314 134 1399 justitiae
146 1317 337 1386 contraire:
360 1317 467 1385 immo
483 1314 637 1386 eamdem
654 1316 684 1385 ei
705 1317 737 1384 in
757 1337 861 1406 regno
876 1329 984 1388 vestro
999 1317 1203 1406 permittatis
1218 1316 1257 1385 li-

14 1403 165 1484 liertatem,
184 1427 291 1496 quam
312 1408 345 1473 in
362 1405 439 1474 aliis
464 1404 589 1474 babere
612 1404 839 1494 dignoscitur.
862 1411 1056 1492 llemorque
1081 1407 1155 1474 sitis
1180 1427 1257 1496 pro·

9 1490 154 1573 fessionis,
174 1515 280 1582 quam
312 1493 452 1573 fecistis
482 1506 514 1562 et
563 1493 702 1564 osuistis
727 1494 888 1583 scriptam
916 1516 1020 1584 super
1040 1494 1146 1562 altare
1163 1495 1254 1583 apud

10 1583 337 1662 lesmonasterium,
353 1582 395 1651 de
408 1515 574 1652 servantia
591 1582 760 1652 Ecclesiae
778 1583 831 1652 [lei
852 1582 1005 1652 libertato
1020 1605 1095 1662 sua,
1114 1582 1255 1669 quando

7 1685 202 1742 consecratus
228 1671 345 1741 fuistis
368 1683 401 1740 et
424 1672 587 1740 inunctus
612 1671 645 1739 in
668 1677 789 1762 Regem
808 1694 828 1741 a
846 1671 1105 1762 praedecessore
1126 1686 1253 1742 nostro.

9 1759 169 1829 Ecclesiam
195 1781 334 1847 quoque
359 1761 582 1839 cantuariae,
610 1781 714 1847 aqna
741 1761 988 1850 promotionem
1018 1775 1050 1829 et
1079 1781 1257 1829 consecra-

9 1847 112 1915 tionem
133 1851 338 1934 accepistis,
366 1850 401 1918 in
422 1871 499 1918 eum
527 1861 651 1918 statum
685 1851 871 1919 restituatis
902 1863 933 1918 et
964 1848 1190 1938 dignitatem,
1220 1851 1253 1916 in

10 1936 114 2016 quibus
135 1937 199 2008 fuit
224 1938 438 2028 temporibus
463 1937 764 2028 praedecessorum
793 1950 994 2007 vestrorum.
1023 1937 1256 2007 Possessiones

11 2023 91 2090 etiam
115 2027 152 2094 ad
180 2028 292 2116 ipsam
319 2029 553 2116 pertinenteS,
576 2026 759 2102 ecclesias.
786 2026 900 2100 villas.
923 2039 955 2096 et
979 2027 1142 2116 praedia,
1169 2047 1256 2112 quae

12 2113 235 2196 provoluntate
260 2129 370 2184 vestra
395 2116 633 2194 distribuistis,
655 2137 705 2184 res
721 2137 840 2183 omnes
857 2115 999 2196 ablatas,
1020 2127 1087 2184 tam
1108 2128 1253 2190 nostras,

11 2219 93 2280 quam
109 2203 310 2274 clericorum
330 2218 524 2274 nostrorum
543 2216 575 2272 et
593 2204 772 2283 laicorum,
794 2205 829 2272 iu
855 2204 1026 2294 integrum
1055 2203 1252 2272 restituatis.

12 2289 187 2362 Permittetis
204 2294 308 2362 etiam
328 2314 390 2362 nos
408 2293 513 2362 libere
537 2305 570 2362 et
593 2293 627 2361 in
678 2315 736 2361 nce
755 2292 865 2361 redire
885 2293 925 2361 ad
946 2293 1059 2363 sedem
1088 2307 1253 2370 nostram,

14 2385 39 2438 ct
60 2397 108 2448 nos
127 2382 221 2450 robis
247 2395 423 2468 tamquam
445 2381 624 2451 carissimo
642 2315 782 2450 (iumine
802 2394 833 2449 et
860 2382 942 2470 Regi
971 2381 1117 2449 fideliter
1140 2391 1172 2447 et
1196 2382 1255 2448 dc-

14 2476 71 2530 icte
91 2471 207 2540 servire
225 2472 337 2558 parati
361 2491 484 2540 sumus
504 2470 537 2538 in
556 2470 835 2556 quibuscumque
855 2471 1054 2559 poterimus.
1075 2469 1168 2538 salvo
1195 2471 1255 2537 lio·

13 2571 76 2620 nore
99 2560 147 2626 Dei
170 2572 201 2629 et
227 2558 398 2628 Ecclesiae
423 2564 619 2640 Romanae,
648 2572 680 2626 et
706 2557 826 2626 ordine
853 2573 979 2627 nostro.
1011 2557 1167 2644 Alioquin
1196 2579 1256 2646 pro

11 2655 84 2709 certo
98 2648 219 2728 sciatis,
249 2648 328 2733 quia
354 2647 506 2716 divinam
534 2647 744 2716 severitatem
759 2661 792 2716 et
807 2647 973 2716 ultionem
994 2647 1160 2715 sentietis.
1183 2669 1200 2711 i>

44 2733 156 2814 §Pil
182 2742 255 2806 Hac
280 2736 427 2825 perlecta
452 2735 601 2825 Epistola
625 2736 902 2892 Archiepiscogii,
930 2741 997 2804 Reii
1022 2747 1093 2804 tum
1115 2735 1254 2833 quidem

11 2837 57 2884 nec
85 2822 241 2906 abnuere,
273 2847 334 2894 nec
362 2847 515 2895 annuere
539 2823 657 2904 voluit,
685 2823 742 2893 sed
773 2825 807 2893 in
865 2825 927 2894 iem
961 2825 1095 2893 tertium
1123 2824 1257 2892 distulit

11 2925 201 2994 responsum.
229 2913 379 2983 Tandem
411 2915 576 2983 inunum
603 2913 887 2983 convenientlbus
913 2918 1001 3001 Rege
1025 2925 1057 2981 et
1081 2912 1256 2999 Arcliiepi-

10 3013 94 3082 scopo
108 3000 133 3079 *‚
156 3023 213 3090 per
238 3023 414 3072 summum
438 3002 634 3071 Pontificem
654 3013 686 3070 et
704 3003 864 3070 Pranciae
885 3007 1010 3090 Regem
1028 3023 1103 3090 pax,
1123 3015 1161 3070 ut
1178 3002 1255 3088 qui-

11 3079 70 3149 dcin
91 3088 264 3161 videbatur
286 3091 465 3160 conciliata
500 3102 571 3173 est;
599 3090 825 3179 promisitque
853 3095 922 3159 Reii
950 3111 986 3156 se
1014 3091 1252 3160 restituturum

11 3169 102 3242 ablata
124 3181 262 3260 omnia,
290 3191 323 3250 et
345 3201 433 3266 quae
457 3179 778 3268 lrcbiepiscopatus
806 3200 880 3247 esse
912 3178 1161 3268 probarentur:
1189 3179 1255 3268 ipsi

11 3277 124 3347 quoque
141 3269 402 3357 ilrcbiepiscopo
418 3280 451 3337 et
465 3268 539 3338 suis
555 3269 718 3337 omnibus
733 3279 930 3357 potestatem
953 3265 1031 3336 fecit
1052 3269 1086 3335 in
1111 3288 1254 3358 regnum

13 3355 188 3440 revertendi.
208 3362 275 3426 Cur
297 3371 410 3426 autern
437 3378 504 3427 non
522 3357 634 3427 statim
655 3356 793 3427 redierit
809 3357 1016 3428 vir-sanctus
1032 3357 1066 3424 in
1085 3357 1254 3446 angliam,

14 3454 69 3530 ipse
92 3445 239 3514 Pontifici
266 3447 415 3526 maximo
438 3446 577 3534 scripsit
601 3457 677 3534 post
700 3445 847 3515 reditum
870 3465 993 3514 suum:
1010 3465 1098 3532 quee
1115 3443 1254 3531 quidem

15 3520 122 3597 litterae
153 3546 290 3614 extant,
322 3533 379 3603 scd
420 3546 557 3624 propter
593 3535 756 3624 temporis
791 3534 987 3624 angustiam
1024 3555 1082 3602 eas
1121 3554 1257 3620 quoque

15 3619 99 3683 coacti
123 3642 241 3692 sumus
260 3623 428 3692 omittere.
448 3624 609 3706 Queritur
632 3624 667 3691 in
693 3623 734 3692 iis
760 3623 847 3692 inter
871 3623 954 3702 alia,
975 3627 1099 3710 Regem
1117 3620 1258 3708 Angliae

16 3707 144 3788 aniciis
166 3712 340 3781 conventis
365 3711 539 3792 resiliisse,
566 3710 657 3798 quod
684 3724 797 3781 tamen
825 3733 891 3780 non
915 3725 982 3780 tam
1008 3710 1059 3779 illi
1080 3710 1256 3800 imputan-

18 3783 82 3880 dum
104 3800 211 3880 sentit,
237 3822 342 3888 quam
367 3800 575 3888 quibusdam
602 3798 791 3889 Episcopis,
818 3821 905 3887 quos
937 3800 1040 3869 totius
1064 3799 1258 3868 discordiae
1332 3871 1341 3890 ‚

19 3893 181 3975 incentores
204 3903 318 3960 vocat:
344 3911 492 3976 quorum
513 3889 684 3958 macliinis
703 3889 861 3959 ellectum
880 3888 975 3969 dicit,
992 3901 1030 3957 ut
1047 3892 1116 3957 Rex
1139 3907 1259 3958 omnes

20 3979 107 4046 ipsius
128 3987 157 4043 et
180 3998 321 4048 suorum
347 3977 502 4048 redditus
539 3990 616 4066 post
639 3999 757 4068 paoem
784 3979 817 4046 in
845 3977 939 4046 feriis
959 3981 991 4046 S.
1019 3977 1144 4046 llariae
1169 3981 1260 4066 llag·

22 4045 136 4130 ilnlcnae
157 4062 304 4148 factam,
333 4066 508 4152 usquead
536 4071 568 4135 S.
588 4067 721 4136 Martini
755 4065 877 4136 festum
904 4065 1101 4146 detinuerit,
1129 4077 1256 4134 etium

24 4133 133 4247 demum
157 4151 273 4225 domos
297 4177 422 4224 vacuas
449 4167 481 4224 et
511 4153 631 4226 horrea
666 4154 829 4226 demolita
852 4155 919 4245 ipsi
949 4154 1154 4224 reddiderit:
1179 4153 1258 4245 plu-

26 4241 67 4320 it}
83 4247 169 4328 ctiam
195 4243 362 4313 Ecclesiae
394 4244 650 4314 cantuariensis
682 4245 940 4334 possessiones,
967 4256 1005 4313 ut
1030 4244 1255 4333 promiserat,

28 4327 138 4393 ffilsstme
163 4333 355 4402 restituerit.
389 4332 493 4402 llulta
526 4353 664 4420 quoque
697 4333 763 4404 alia
796 4347 1042 4403 commemorat
1072 4332 1259 4404 insolenter

47 4435 238 4502 'linostimum
248 4459 1137 4514 iniitsrmiaisireric-nareae,oiavfgssrmssaeuneijnitr,snnotrio.
1209 4487 1212 4495 «
