2960 4824
262 285 326 349 356
603 303 641 348 ns
665 291 692 348 s.
720 301 852 348 assuero
877 303 925 348 ar.
953 299 1099 350 rancato.
1329 284 1404 348 llEtl.
1428 284 1459 344 tn

262 392 344 456 lllll.
373 391 595 456 sacrosancta
623 384 805 542 Evangelia
826 407 888 455 sua
909 386 1020 476 ipsius
1041 407 1144 456 manu
1170 385 1339 477 descripta
1357 384 1459 454 fidissi·

220 498 354 547 morum
372 475 536 544 comitum
556 473 628 544 loco
646 475 713 544 assi
743 497 785 544 uo
800 474 893 564 apud
912 497 947 546 se
964 474 1095 557 hahuit;
1114 474 1243 562 quibus
1268 497 1361 554 usus,
1385 474 1459 542 ritio-

220 588 310 667 rum,
339 563 578 665 schismatum,
606 563 857 651 haeresumque
895 576 980 646 tetra
1013 577 1165 635 monstra
1201 564 1354 652 undique
1375 577 1460 632 exter-

220 667 373 724 mrnnrrt.

263 747 325 812 XV.
346 741 390 810 tn
418 746 661 826 Imperatorem
685 741 718 809 in
738 740 865 810 Callias
884 741 1057 812 Pontificis
1081 743 1227 812 Romani
1255 741 1372 812 Liberii
1384 740 1459 828 jussu

219 853 254 903 se
271 829 446 900 transtulit
468 829 496 928 *3
519 851 635 917 aquo,
653 829 854 918 quicquida
881 829 1048 922 legatione
1074 830 1263 920 petebatur,
1283 829 1427 900 obtinuit.

263 924 342 988 xvl.
366 916 509 1074 Templi,
536 918 641 1004 quod,
661 921 882 1008 Imperatoris
906 941 1012 992 suasu
1036 919 1080 990 ab
1108 919 1243 989 Arianis
1267 931 1457 1009 occupatum

218 1006 399 1080 Catholicis
435 1028 593 1078 causum
619 1017 710 1088 erat,
742 1007 831 1078 sores
863 1009 1036 1098 praecanti
1073 1007 1220 1080 Eusebio
1251 1031 1312 1100 per
1335 1030 1370 1077 sa
1391 1007 1459 1094 ipsa·

220 1097 363 1166 mirilico
381 1095 557 1186 patefiunt.

262 1191 360 1256 XVII.
391 1183 550 1274 Dionysio
574 1183 817 1254 Mediolanensi
849 1187 1016 1276 Episcopo
1034 1185 1069 1220 *⁴
1095 1185 1265 1257 Vercellas
1294 1185 1457 1256 adventant

219 1275 352 1346 obviam
380 1273 545 1364 procedit.

263 1367 377 1432 xvltl.
397 1362 442 1431 td
463 1361 712 1432 Mediolanense
729 1363 918 1432 Concilium
935 1363 1000 1446 Μ,
1019 1386 1087 1452 quo
1105 1387 1124 1433 a
1140 1363 1337 1434 Constantio
1352 1373 1458 1432 vocatus

163 1519 182 1562 „
219 1452 405 1543 impietatis
429 1449 524 1520 illius
543 1453 704 1522 conscius
732 1453 782 1522 ire
807 1451 984 1533 noluerat,
1008 1453 1125 1522 audita
1154 1451 1384 1540 quorumdam
1407 1454 1457 1534 Ep:-

222 1561 403 1632 scoporum
437 1539 712 1628 subscriptione,
747 1540 947 1612 testinanter
984 1562 1196 1632 properans,
1225 1540 1411 1610 naviculam
1432 1535 1457 1602 al

219 1631 324 1700 altera
350 1629 503 1698 Siccidae
529 1628 597 1662 aaa*
625 1627 721 1698 llurii
751 1643 846 1719 parte
876 1629 1076 1722 alligatam,
1110 1630 1201 1701 ultro
1231 1631 1300 1700 sibi
1325 1627 1457 1698 divinitu

218 1729 453 1820 occurrentem
484 1718 635 1798 invenit,
675 1739 762 1805 quae
796 1718 940 1790 celerem
977 1719 1279 1792 transmissionem
1314 1719 1393 1788 mire
1421 1711 1457 1780 nl·

232 1823 315 1879 urat.

215 1832 226 1896 l
262 1902 345 1967 lllll.
373 1895 572 1984 Dionysium
600 1893 885 1964 Mediolanensem
912 1897 954 1964 ab
981 1918 1106 1978 errore,
1126 1917 1228 1983 quem
1259 1919 1320 1986 per
1343 1895 1401 1963 rim
1419 1889 1476 1958 nl·¹

220 1987 370 2062 miserat,
391 1985 446 2074 pia
472 1983 609 2054 solertia
627 1983 822 2052 vindicavit.
1475 1953 1476 2024 l

262 2080 329 2144 llll.
353 2079 390 2142 ln
419 2086 588 2142 conventu
622 2072 866 2144 Mediolanensi
890 2074 1086 2143 universam
1113 2073 1247 2144 ltaliam
1279 2072 1411 2143 Arianae
1427 2067 1437 2132 l
1450 2103 1455 2110 ·

218 2165 341 2234 ctionis
372 2163 504 2250 impetu
528 2161 761 2242 laborantem,
795 2183 835 2230 ac
859 2183 945 2250 pene
976 2161 1135 2232 afflictam
1172 2161 1292 2232 divine
1315 2161 1415 2252 erigit,
1438 2169 1474 2224 rt,

219 2252 327 2323 sancti
355 2250 527 2321 Athanasii
556 2271 718 2332 causam,
745 2251 908 2320 omnibns
933 2250 1028 2332 aliis,
1052 2264 1185 2340 praeter
1218 2273 1359 2340 paucos,
1379 2265 1457 2337 oppt·

219 2340 419 2432 gnantibus,
439 2359 502 2408 suo
519 2338 708 2426 patrocinio
729 2337 890 2408 defendit.

263 2434 346 2500 lllll.
369 2427 555 2498 Constantii
580 2427 725 2510 decreto,
756 2428 790 2496 in
817 2441 987 2498 conventu
1012 2427 1272 2510 Mediolanensi,
1299 2429 1342 2498 ob
1370 2445 1455 2515 perpr-

219 2533 316 2590 tuum
334 2529 564 2603 constansque
581 2516 673 2586 Fidei
691 2515 882 2588 Catholicae
901 2518 1142 2608 patrocinium,
1162 2539 1242 2586 cum
1266 2536 1395 2588 summo
1410 2512 1455 2578 tin

219 2608 380 2696 Dionysio
406 2606 571 2694 Episcopo
600 2605 863 2686 Mediolanensi,
894 2605 1042 2693 aliisque
1065 2606 1244 2696 Episcopis
1272 2610 1306 2675 in
1331 2602 1454 2674 exstttm

218 2695 342 2786 pulsus
365 2694 544 2776 Eusebius,
570 2694 703 2766 virtutis
720 2716 802 2766 suae
818 2695 998 2782 exquisitis
1013 2695 1226 2766 cruciatibus
1246 2693 1455 2774 tabennesio

218 2797 388 2875 spectatae
402 2797 433 2852 et
451 2784 611 2873 probatae
630 2783 779 2873 palmam
797 2783 970 2874 egregiam
988 2784 1076 2853 tulit.
1440 2863 1443 2870 Ι

261 2877 361 2942 xxtt.
390 2877 534 2942 Sanctus
559 2873 620 2953 vir,
649 2893 791 2941 excusso
821 2871 970 2962 pulvere,
995 2873 1100 2944 nullis
1125 2873 1314 2943 Constantii
1339 2875 1455 2942 Caesari·¹

218 2961 334 3042 minis,
355 2983 417 3031 nec
441 2982 519 3030 vero
539 2959 727 3032 lucentium
753 2962 955 3032 triariorum
986 2961 1114 3032 strictis
1138 2960 1267 3053 gladiis
1293 2949 1470 3052 perterreb.

217 3061 305 3130 ctus,
325 3051 496 3132 exsilium,
514 3050 613 3140 quasi
633 3050 814 3120 ministerii
840 3051 896 3120 sui
919 3049 1085 3133 officium,
1104 3051 1249 3142 excepit.
1428 3130 1432 3138 ¹

262 3143 378 3209 lllllll.
405 3143 509 3209 Caret
532 3137 641 3208 ferrea
666 3138 835 3221 inclusus,
855 3153 887 3208 at
911 3139 1143 3228 scythopolim
1171 3141 1204 3209 in
1227 3140 1379 3210 exsilium
1399 3153 1455 3228 nr>-

217 3249 288 3309 sus,
310 3229 438 3316 ubique
462 3227 628 3310 locorum,
647 3249 716 3316 quo
731 3229 833 3308 venit,
853 3227 957 3302 rudes
973 3229 1007 3297 in
1026 3227 1106 3298 Fida
1123 3228 1296 3300 Catholica
1316 3229 1471 3298 instruntt

218 3316 370 3388 labentes
387 3315 614 3399 confirmavit;
633 3317 763 3408 iterque
780 3317 856 3405 ejus
881 3338 947 3387 non
970 3317 1037 3388 nisi
1059 3318 1269 3410 praedicatio
1283 3328 1351 3388 erat
1364 3319 1452 3383 rtontn

219 3407 377 3478 brionam
399 3407 581 3478 haeresim.
1464 3426 1471 3525 p

262 3499 369 3565 lllllV.
398 3500 438 3565 Sc
454 3495 592 3586 'thopoli
609 3494 708 3577 *****,
734 3493 875 3584 tosephi
901 3496 1041 3566 Comitis
1064 3496 1166 3567 domo
1192 3497 1248 3586 pie
1271 3501 1451 3580 exceptos.t

218 3598 334 3656 sancto
350 3517 542 3676 Epiphanio
560 3585 727 3666 visitatur,
751 3583 982 3675 legationibus
1007 3609 1028 3655 a
1054 3583 1236 3656 Catholicis
1266 3581 1408 3654 Plebibns
1426 3589 1451 3636 tt

218 3673 362 3746 diversis
386 3675 629 3744 circumrcirca
663 3673 850 3764 provinciis
876 3673 1067 3766 insignium
1097 3674 1189 3744 lamb
1225 3675 1364 3745 virorum
1394 3683 1449 3732 curt

218 3761 374 3834 subsidio
401 3763 567 3854 pecuniae
592 3764 719 3834 missis.
1472 3831 1473 3836 ,

260 3856 353 3922 ttttV.
377 3857 400 3922 l
425 3852 620 3942 Patrophiln
640 3853 764 3922 triano
790 3875 809 3922 e
833 3853 973 3944 Joscplri
999 3852 1102 3923 domo
1130 3852 1297 3934 divulsus,
1318 3849 1348 3918 in
1367 3857 1448 3928 angl·
1472 3851 1473 3854 ’

217 3954 306 4012 stum
324 3939 537 4032 ergastulum
564 3941 796 4024 concluditur,
815 3941 874 4013 ubi
892 3964 1005 4034 genua
1024 3955 1210 4025 contracta,
1237 3943 1383 4012 humeros
1408 3926 1448 3992 tlt·
1470 3993 1472 4030 3

218 4053 366 4120 pressos,
388 4043 492 4120 caput
515 4030 705 4103 demissum
734 4043 899 4122 perpetuo
924 4032 1046 4102 tenuit.
1471 4035 1472 4072 ³

247 4211 257 4230 '¹
272 4213 336 4250 anuo
351 4211 396 4250 tet.

245 4263 270 4288 '⁸
285 4265 307 4302 S.
317 4261 423 4314 Dtonysit
433 4253 614 4322 Mediolanensie
624 4267 663 4314 Ep.
674 4267 766 4312 testum,
776 4267 813 4308 dle
823 4269 848 4308 Mt
859 4269 923 4318 matt,
933 4269 1052 4310 recolitur.

231 4363 233 4369 y
245 4315 285 4341 Μ
302 4317 349 4356 Hoc
360 4317 486 4357 concilium
496 4327 556 4360 anno
566 4321 604 4360 ³55
613 4321 658 4360 tuit
668 4321 801 4362 collectum.

247 4368 301 4394 ''t''
317 4369 405 4414 Italica.
420 4369 487 4410 Meta.

1470 4777 1471 4800 l

243 4421 310 4446 *Ψ*
326 4421 384 4462 Urbs
396 4429 431 4462 nat
442 4425 465 4464 tn
476 4425 614 4475 Palaestine,
625 4429 685 4480 opud
696 4431 772 4471 lucum
782 4431 936 4472 Genoaaroth.
949 4431 1088 4482 appelletur
1096 4429 1165 4472 hodie
1176 4431 1301 4470 lit-Enisa.
