2954 4816
45 274 115 339 DEC.
135 275 175 339 25
439 291 478 338 nrr
510 291 538 340 s.
565 291 704 340 ausonia
724 291 869 338 aaarrax
1181 271 1245 336 ild

43 378 133 446 Erite
155 377 244 446 enirn
269 375 411 456 excedit,
431 377 542 464 capite
568 377 726 445 redimito
742 397 867 446 corona
887 371 1053 462 martyrii.
1071 371 1289 462 Magistratus

42 467 138 552 itaque
161 485 336 535 successor
351 465 382 532 ei
408 465 555 534 mittitur
578 466 766 534 Terentius.
789 463 948 546 Quicum
970 461 1120 550 primum
1144 462 1291 531 venisset

41 553 269 634 Alexandriam,
287 575 426 623 ornnem
453 555 608 624 movebat
633 554 825 633 rudentem,
850 551 994 621 moliens
1012 549 1209 638 Philippum
1228 550 1289 619 tol-

40 643 97 714 lere
117 643 157 712 de
180 643 303 712 medio.
324 641 386 711 Sed
416 643 581 730 quoniam
608 664 674 712 non
703 655 832 732 poterat
857 663 935 710 eum
965 652 1081 727 aperte
1100 639 1290 710 interficere

38 733 218 820 (eratenim
244 731 393 801 civitatis
411 753 558 821 magnus
582 753 680 800 amor
696 733 730 798 in
757 728 983 819 Philippum),
1002 727 1200 798 clanculum
1225 727 1288 796 ad-

39 821 126 891 mittit
140 820 377 911 parrieidium:
399 836 526 890 etcum
551 820 763 907 quibusdam
782 813 871 888 lictis
886 815 1089 888 Christianis
1106 837 1175 884 rem
1195 837 1290 885 man-

38 909 135 980 dasset
155 907 404 996 exequendam,
423 908 464 977 ad
483 908 621 978 caedem
638 923 689 979 est
712 907 898 998 impulsus,
918 929 997 975 curn
1024 905 1088 975 hoc
1112 905 1142 972 ei
1163 905 1290 994 jussis·

38 1012 101 1068 sent
120 1003 354 1089 Imperatores.
382 998 409 1066 li
434 1010 547 1068 autem
562 1019 652 1067 ¹cum
673 996 761 1066 clam
788 995 934 1086 ingressi
957 1007 1070 1064 essent
1094 993 1136 1062 ad
1158 993 1289 1083 Philip-

39 1109 120 1174 pum,
140 1089 308 1158 intentum
340 1085 500 1176 precibus
523 1098 556 1156 et
578 1087 725 1155 orationi
752 1086 793 1155 ad
831 1089 960 1164 Deum,
989 1105 1068 1153 eum
1095 1081 1221 1150 tollunt
1248 1081 1290 1151 de

39 1176 135 1246 medio
149 1177 173 1243 ⁵.
192 1179 328 1246 Timore
350 1197 428 1244 vero
446 1175 588 1244 affectus
604 1174 792 1256 Terentius,
812 1195 854 1244 ne
872 1173 1021 1263 populus
1046 1171 1173 1240 lactum
1190 1191 1290 1272 aegre

39 1263 143 1335 serens.
160 1266 328 1335 adversus
353 1265 465 1354 ipsum
493 1277 697 1344 moreretur,
718 1263 866 1332 maxime
882 1283 961 1330 cum
978 1274 1067 1330 esset
1084 1273 1198 1328 tantus
1215 1281 1290 1348 ejus

39 1375 121 1422 amor
141 1355 173 1424 in
198 1353 414 1442 Philippum,
436 1353 536 1442 jubet
560 1351 806 1443 comprehendi
830 1373 899 1430 eos,
928 1350 988 1436 qui
1014 1351 1128 1438 ipsum
1155 1349 1291 1417 occide-

39 1456 112 1522 rant,
128 1455 160 1513 et
179 1443 308 1530 conjici
332 1442 367 1510 in
393 1461 578 1522 carcerem,
598 1463 632 1510 re
649 1441 727 1511 ficta
744 1439 887 1510 studens
905 1441 952 1507 rei
969 1437 1080 1507 celare
1101 1437 1286 1506 veritatem:

36 1543 62 1598 et
83 1533 252 1601 seminans
283 1531 528 1618 suspicionem,
549 1529 639 1616 quod
667 1553 732 1600 non
761 1527 982 1619 processisset
1005 1526 1126 1596 caedes
1152 1525 1291 1612 exejus

37 1623 196 1691 sententia.
219 1619 347 1690 Deinde
362 1641 440 1688 cum
460 1640 526 1688 non
554 1618 701 1688 multum
730 1617 958 1708 praeteriisset
979 1614 1154 1703 temporis,
1178 1617 1290 1702 Impe-

38 1709 189 1779 ratoribus
207 1710 340 1778 scilicet
357 1709 402 1777 ita
426 1707 703 1788 decernentibus
722 1705 896 1777 eos·solvit
920 1727 939 1774 a
966 1703 1125 1773 vinculis.
1153 1703 1207 1772 Sic
1231 1702 1290 1772 de-

37 1799 121 1867 cessit
144 1799 339 1886 Plrilippus,
368 1819 446 1866 cum
475 1810 542 1866 tres
570 1797 643 1866 dies
669 1796 806 1865 vixisset
834 1807 909 1885 post
939 1793 1075 1883 plagam
1100 1805 1288 1880 acceptam.

40 1888 112 1954 lntra
129 1887 299 1956 civitatem
319 1907 397 1956 vero
420 1885 584 1974 sepelitur
603 1887 635 1952 in
655 1885 739 1964 loeo,
759 1885 819 1971 qui
844 1883 971 1953 dicitur
988 1883 1108 1961 Isium,
1122 1880 1180 1949 ubi
1204 1881 1288 1969 ipse,

39 1995 100 2040 cnm
123 1975 239 2046 adhuc
260 1977 395 2056 viveret,
415 1973 532 2043 aedem
555 1995 687 2043 sacram
710 1971 914 2042 aedificarit.

74 2064 88 2148 ξ
110 2069 176 2138 11.
206 2065 361 2154 Eugenia
389 2077 501 2132 autem
530 2076 604 2152 post
628 2063 862 2150 agnitionem,
889 2081 968 2130 cum
994 2057 1072 2128 aliis
1098 2055 1291 2147 virginibus

38 2150 122 2242 elegit
137 2155 343 2234 castitatem,
362 2165 395 2220 et
419 2153 519 2220 vitam
543 2150 734 2221 secundum
757 2151 941 2220 Christum.
969 2153 1067 2216 Beata
1090 2167 1166 2214 vero
1193 2145 1291 2214 Clau-

42 2238 107 2319 dia,
131 2265 237 2331 qnam
274 2240 423 2330 Philippi
452 2240 591 2327 quidem
618 2261 782 2318 uxorem,
812 2236 985 2328 Eugeniae
1008 2249 1120 2304 antem
1149 2247 1290 2302 matrem

42 2341 120 2398 antea
141 2329 372 2410 ostendimus,
395 2329 496 2398 aliam
524 2349 660 2416 quoque
684 2329 825 2396 domum
843 2325 1036 2395 aedificarit
1059 2322 1101 2392 ad
1122 2322 1292 2410 excipien-

41 2415 92 2483 dos
113 2419 274 2510 hospites,
306 2431 549 2508 praeteream,
576 2439 664 2504 quae
685 2421 756 2504 jam
782 2417 869 2484 lacta
895 2414 1005 2484 luerat
1027 2435 1047 2481 a
1069 2412 1201 2490 marito,
1224 2433 1292 2478 ma-

37 2525 123 2592 gnam
145 2510 213 2577 rim
243 2508 410 2594 pecuniae
440 2507 538 2576 inea
563 2527 768 2576 consecrans
791 2503 832 2573 ad
862 2525 900 2573 ea
925 2499 1177 2591 suppeditanda
1205 2520 1293 2585 quae

36 2610 118 2665 erant
137 2597 332 2666 necessaria
355 2597 398 2665 iis
421 2595 481 2686 qni
499 2595 759 2684 accipiebantur
783 2593 944 2683 hospitio.
964 2589 1026 2660 Sed
1048 2590 1131 2659 haec
1152 2586 1289 2688 quidem

36 2683 96 2764 sic,
126 2699 156 2755 et
192 2687 378 2771 hucusque
412 2685 565 2774 Eugenia
591 2684 693 2752 vitam
721 2705 818 2753 suam
852 2681 901 2751 sic
926 2679 1189 2750 administravit.
1216 2675 1294 2744 Vult

35 2785 132 2841 autern
153 2775 264 2844 oratio
287 2775 363 2864 ejus
386 2793 525 2860 quoque
549 2772 810 2862 praeclariorem
834 2771 921 2839 vitae
946 2769 1072 2838 exitum
1101 2764 1290 2843 ostendere,

36 2862 141 2948 utqui
164 2864 316 2954 insignis
340 2863 440 2931 luerit
464 2883 591 2931 corona
616 2861 783 2950 martyrii.
811 2859 998 2946 Aliquanto¹
1022 2856 1113 2926 enim
1140 2868 1292 2942 ternpore

36 2964 267 3033 postmortem
299 2951 472 3040 Philippi,
503 2951 627 3038 conjux
657 2949 732 3040 ejus
756 2947 895 3018 Claudia
932 2967 1011 3016 cunr
1049 2945 1294 3033 assumpsisset

36 3037 123 3120 lilios,
148 3041 293 3120 libitam,
326 3041 479 3126 inquam,
510 3051 542 3108 et
567 3040 735 3128 Sergium,
763 3050 795 3106 et
821 3050 991 3124 praeterea
1021 3034 1229 3123 Eugeniam,
1256 3032 1291 3099 in

37 3149 183 3216 magnam
210 3133 353 3198 Romam
385 3127 574 3197 revertitur.
599 3127 709 3195 Patria
734 3141 846 3194 autern
876 3147 949 3194 eam
978 3123 1126 3212 benigne
1153 3122 1290 3209 excipit,

35 3228 60 3280 et
81 3221 221 3286 Senatus
247 3223 479 3287 Romanorum
500 3215 573 3299 ejus
598 3214 688 3285 filios
707 3213 803 3305 eligit
819 3213 859 3282 ad
883 3213 1037 3302 insignes
1055 3211 1289 3301 magistratus:

36 3305 153 3374 lbitam
167 3307 308 3393 quidem
333 3303 570 3394 proconsulem
590 3303 817 3393 Carthaginis,
835 3303 990 3459 Sergium
1021 3312 1135 3369 autem
1165 3297 1293 3367 hlrioae

37 3393 215 3476 ricarium;
244 3397 416 3483 Eugeniae
442 3415 518 3464 vero
543 3392 735 3462 sulliciebat
759 3393 841 3460 baec
866 3412 936 3460 soa
958 3389 1111 3479 dignitas
1134 3387 1290 3455 omnium

38 3483 184 3562 maxima,
209 3504 333 3574 nempe
357 3485 476 3564 virtus,
498 3495 530 3551 et
555 3485 620 3552 Deo
650 3493 823 3571 parentem
850 3481 972 3561 vivere,
998 3491 1031 3548 et
1060 3475 1184 3544 habere
1208 3473 1294 3542 alias

37 3588 67 3635 ex
90 3570 227 3641 filiabus
244 3577 459 3650 Senatorum,
486 3592 632 3657 quarum
658 3583 730 3639 erat
754 3568 843 3637 idem
869 3567 962 3637 zelus
985 3581 1018 3636 et
1041 3565 1130 3634 idern
1157 3563 1294 3632 institu-

39 3667 110 3726 tum.
138 3663 230 3729 Inter
252 3682 339 3747 quas
371 3674 443 3729 erat
470 3681 539 3729 una
576 3657 717 3746 reliquis
755 3657 856 3746 longe
893 3654 1129 3746 praestantior,
1158 3673 1193 3721 re
1217 3673 1293 3720 vera

38 3745 241 3840 admirabilis
264 3747 401 3826 Basilla,
421 3769 509 3836 quae
533 3747 679 3817 ducebat
699 3746 867 3836 originem
893 3767 933 3814 ex
957 3746 1294 3842 genere'lmperato·

41 3853 95 3900 ns:
120 3858 208 3923 quae
231 3838 331 3906 etiam
353 3837 566 3926 resplenduit
583 3836 741 3905 similiter
765 3848 867 3921 atque
884 3833 1049 3922 Eugenia,
1067 3845 1156 3899 stout
1180 3841 1294 3928 statim

38 3919 169 3994 dicetur.
191 3931 266 4016 lpse
292 3927 383 3994 enim
409 3948 487 3996 curn
509 3924 692 4002 Christum,
710 3939 742 3993 et
765 3943 854 4011 quae
874 3937 954 3990 sunt
971 3923 1045 4012 ejus
1062 3917 1292 3997 admirabilia,

40 4011 202 4084 anditione
228 4015 426 4103 accepisset,
456 4015 540 4102 quin
573 4015 673 4082 etiam
706 4012 872 4080 audiisset
896 4009 937 4078 de
964 4009 1127 4101 Eugenia,
1156 4006 1293 4075 maximi

41 4101 165 4178 ¹{uidem
192 4101 336 4204 iaciebat
352 4102 392 4172 ad
412 4125 486 4172 eam
513 4103 688 4182 ventitare,
707 4114 740 4170 et
763 4121 837 4170 esse
862 4099 1057 4170 divinornm
1075 4097 1151 4185 ejus
1178 4097 1296 4166 verbo-

44 4205 104 4254 rum
133 4205 313 4280 particeps.

68 4400 106 4440 ¹8.
116 4405 214 4455 Philippi
226 4407 304 4446 natale
316 4407 352 4447 dle
365 4409 388 4446 ts
398 4407 539 4457 septembrls
551 4403 692 4446 celebratur.
