2932 4812
11 287 73 350 Ec.
99 285 134 350 3t
305 305 345 350 on
369 305 398 350 s.
425 304 599 352 sxtvusrno
626 307 705 352 rxax
728 307 766 352 nr
790 305 939 354 conasse.
1151 290 1209 354 594

7 418 15 456 r
43 387 272 458 divinissimis
297 401 434 459 nostrae
449 388 530 459 fidei
551 389 709 470 decretis,
729 391 979 480 compositique
991 403 1073 461 sunt
1096 391 1172 479 ejus
1186 412 1260 461 mo-

2 499 47 558 a,
77 487 110 548 et
129 475 296 547 formatus
320 479 460 548 animus
481 476 523 548 ad
549 477 744 549 institutum
772 479 918 550 virtutis.
940 483 1024 549 cnm
1044 479 1116 570 jam
1144 491 1258 548 autem

23 578 181 666 parasset
206 564 486 648 adolescentiam,
512 579 585 637 erat
611 588 693 657 prae
724 568 867 638 caeteris
895 567 1032 638 deditus
1056 568 1173 639 virtuti
1197 568 1259 638 lxo-

2 654 203 726 vitalitatis:
229 667 263 724 et
285 675 373 742 quos
389 654 582 726 offendebat
604 662 749 727 Romam
776 677 815 726 ex
839 669 978 728 externa
1011 657 1184 728 venientes
1208 678 1258 726 re-

1 745 108 823 ione,
136 764 193 814 eos
217 743 367 832 hospitio
398 743 554 814 lubenter
584 745 797 835 excipiebat:
832 746 882 816 eis
918 767 1074 816 mensam
1105 745 1260 816 hilariter

0 862 15 911 t·
26 853 175 923 ponens,
191 842 226 901 et
241 854 332 919 aqua
354 832 494 903 illorum
521 833 624 924 pedes
647 833 804 915 abluens,
823 834 914 905 etad
934 835 1182 923 quiescendum
1200 855 1259 922 eps

34 920 204 1012 stragulis
226 919 411 992 collocans.
438 927 511 1006 Quo
528 921 656 994 factum
676 935 742 1005 est,
769 935 808 993 ut
823 923 1022 994 Timotheus
1045 923 1259 1013 quidamvir

4 1011 136 1090 minus,
153 1011 215 1097 qui
233 1031 274 1080 ex
285 1011 464 1081 Antiochia
479 1016 607 1083 Romae
622 1013 916 1102 peregrinabatur,
935 1027 967 1083 et
984 1026 1141 1083 sanctum
1160 1033 1258 1101 prae-

4 1099 121 1169 ieabat
151 1098 389 1188 Evangelium,
416 1098 501 1170 forte
523 1100 567 1170 ab
592 1101 655 1170 hoc
688 1101 804 1170 divino
831 1113 924 1190 patre
947 1101 1097 1191 hospitio
1121 1100 1258 1190 accipe·

5 1201 93 1266 tur,
117 1201 147 1258 et
162 1208 243 1258 eum
269 1188 394 1278 hospes
419 1187 602 1280 perfectius
617 1188 798 1271 imbueret,
824 1203 857 1258 et
880 1190 1072 1262 institueret
1096 1190 1131 1258 in
1155 1189 1258 1258 verbo

1 1289 98 1346 ectae
119 1276 212 1346 fidei.
231 1281 302 1347 Non
331 1277 423 1346 enirn
448 1277 574 1359 timuit,
603 1290 640 1348 ut
665 1278 788 1366 reliqui
817 1278 948 1361 fideles,
977 1299 1180 1369 praeconem
1205 1300 1259 1348 sa·

26 1365 108 1436 teris
137 1365 309 1436 dormatis
337 1365 504 1456 excipere,
528 1367 585 1438 sed
616 1365 726 1438 laetus
751 1367 899 1456 hospitio
922 1370 1055 1458 excepit
1077 1390 1170 1448 eum,
1196 1367 1257 1454 qui

4 1470 54 1524 rat
78 1419 234 1542 aequalis
253 1454 438 1544 Apostolis:
465 1468 508 1536 et,
536 1457 565 1524 si
589 1456 767 1545 cognitum
785 1455 906 1527 fuisset
929 1479 1008 1527 eum
1039 1457 1103 1527 hoe
1133 1454 1254 1536 facere,

6 1567 44 1613 ru
63 1565 104 1612 ea
129 1565 166 1612 re
186 1543 268 1633 pati,
290 1542 428 1613 lucrum
453 1544 666 1615 existimans.

24 1635 42 1720 ἕ
65 1637 114 1704 8.
141 1636 354 1703 fumantem
376 1632 573 1704 Timotheus
596 1648 819 1706 announoet
842 1633 946 1724 paulo
962 1633 1114 1724 amplius
1130 1638 1257 1703 Romae

8 1723 135 1790 ivinam
162 1720 393 1811 praedicasset
417 1721 718 1813 praedicationem,
750 1735 783 1794 et
811 1723 937 1794 multos
969 1723 1012 1793 ab
1035 1743 1151 1793 errore
1174 1745 1257 1793 eon-

1 1811 137 1880 'ertisset
168 1809 212 1880 ad
238 1809 417 1910 pietatem,
445 1809 569 1880 deinde
599 1825 777 1900 propterea
811 1812 932 1883 fnisset
959 1812 1254 1900 comprehensus,

5 1911 15 1966 t
40 1898 136 1968 valde
159 1911 316 1988 punitus,
334 1911 367 1968 et
391 1898 494 1990 longo
522 1911 673 1989 tempure
702 1900 848 1971 traditus
875 1902 908 1970 in
934 1900 1139 1980 custodiam,
1163 1911 1196 1969 et
1220 1901 1256 1968 in

1 1987 43 2056 lla
66 1999 272 2070 maceratus,
291 1999 323 2056 et
347 1988 485 2058 tandem
508 1999 686 2059 truncatus
710 1991 843 2081 capite:
871 1990 990 2060 beatus
1020 1989 1189 2079 sylvester
1215 2009 1258 2057 ne

0 2089 58 2146 nst
74 2077 255 2148 decessum
280 2075 422 2164 quidem
442 2076 606 2147 destitita
630 2099 693 2148 sua
709 2079 745 2147 in
768 2090 953 2169 martyrem
977 2077 1177 2149 allectione:
1197 2076 1257 2149 sed

8 2165 130 2236 mltum
150 2165 265 2256 posuit
284 2164 402 2248 studii,
422 2179 460 2238 ut
482 2166 558 2255 ey'us
576 2187 703 2255 corpus
729 2167 869 2238 tolleret.
886 2173 1120 2257 Tyrannorum
1143 2167 1258 2253 itaque

1 2254 220 2326 rudelitatem
246 2275 314 2324 non
339 2255 576 2336 extimescens
604 2276 830 2337 aeneorum,
855 2257 914 2345 qui
938 2257 1187 2335 observabant,
1216 2275 1258 2324 ne

6 2355 175 2432 nartyrnm
201 2363 346 2431 corpora
365 2343 612 2414 mandarentur
636 2345 845 2435 sepulturae,
873 2345 979 2416 ullam
998 2344 1129 2415 ducens
1156 2345 1257 2413 ratio-

1 2451 75 2524 em,
102 2430 277 2522 profunda
308 2445 405 2502 nocte
422 2431 561 2514 vadens,
588 2432 649 2502 ubi
680 2433 784 2504 situm
817 2447 889 2503 erat
912 2456 1039 2524 eorpus
1068 2431 1254 2522 martyris,

1 2521 213 2592 inscientibus
237 2520 400 2591 omnibus
424 2521 457 2590 id
476 2521 603 2611 rapuit,
625 2534 658 2592 et
677 2521 820 2592 domum
844 2522 932 2593 tulit.
951 2527 990 2592 Et
1009 2534 1091 2592 tunc
1115 2521 1255 2609 quidem

1 2621 51 2676 ‘ota
67 2622 166 2680 nocte
189 2629 270 2680 cum
295 2608 373 2680 aliis
398 2609 526 2681 sanctis
542 2610 666 2680 cecinit
690 2611 850 2700 hymnos,
869 2613 929 2698 qui
949 2622 1124 2682 canuntur
1148 2611 1182 2678 in
1204 2631 1258 2676 se-

0 2697 134 2768 ruitura.
164 2703 241 2768 Post
265 2697 348 2768 haec
371 2709 499 2783 autem,
526 2698 622 2769 fideli
638 2700 788 2786 quadam
810 2699 954 2770 muliere
975 2701 1151 2824 impensas
1173 2719 1257 2787 sup·

0 2786 168 2867 editante,
198 2786 439 2858 sanctissimus
453 2792 582 2858 Romae
612 2789 803 2879 Episcopus
827 2789 1001 2858 Mileiades
1042 2842 1053 2869 ,
1081 2785 1257 2858 Timotheo
1327 2832 1339 2857 .

0 2875 175 2946 edificavit
199 2875 405 2965 martyrium
422 2875 468 2955 ’ἦ
492 2877 526 2945 in
548 2898 617 2964 quo
640 2876 801 2968 deposuit
824 2877 909 2948 illud
934 2899 1061 2968 corpus
1078 2875 1253 2965 martyris.

29 2966 45 3050 ἓ
66 2970 107 3038 tl.
139 2964 239 3034 Urbis
263 2976 378 3034 autern
394 2965 588 3036 Praefectus
603 2987 682 3036 curn
698 2966 956 3036 sanctissimum
972 2964 1258 3057 apprehendisset

1 3053 208 3140 ''ytvestrum
236 3054 280 3124 ab
294 3075 334 3124 eo
350 3053 506 3145 exigebat
525 3055 692 3125 Timothei
710 3053 900 3135 facultates,
919 3066 956 3125 ut
979 3057 1040 3143 qui
1064 3075 1142 3124 enm
1162 3053 1255 3211 apud

0 3161 23 3208 e
38 3141 184 3233 hospitio
207 3143 402 3232 exciperet:
424 3154 457 3213 et
480 3143 548 3212 nisi
564 3165 633 3220 eas,
649 3143 681 3213 ei
696 3143 842 3224 dicebat,
860 3142 1007 3224 dederiS,
1033 3156 1066 3213 et
1089 3164 1168 3214 acce
1194 3163 1256 3211 ens

16 3227 51 3299 iis
73 3231 332 3313 sacrificaveris,
361 3244 466 3303 tuum.
483 3252 611 3322 eorpus
630 3252 832 3302 consumam
853 3233 948 3301 omni
971 3253 1096 3333 genere
1120 3230 1255 3321 suppli-

8 3317 128 3406 ·iprum,
145 3335 180 3391 et
204 3334 376 3410 postremo
401 3333 432 3390 te
456 3320 639 3410 subjiciam
664 3321 765 3390 morti
797 3320 997 3390 miserabili.
1026 3324 1170 3390 Sanetus
1195 3342 1256 3388 au-

9 3427 52 3476 em
73 3410 198 3480 mentis
221 3410 332 3480 oculis
359 3409 522 3481 Praefecti
541 3421 683 3480 mortem
714 3409 928 3500 praevidens,
954 3407 1196 3500 Evangelicum
1223 3409 1254 3477 ei

5 3496 78 3566 edit
101 3519 330 3590 responsum:
370 3503 444 3569 flue
475 3509 590 3580 nocte,
632 3497 772 3579 diseno,
799 3501 949 3569 animum
976 3523 998 3568 o
1030 3509 1060 3569 te
1100 3507 1257 3590 repetunt

14 3585 75 3653 luc.
99 3593 170 3672 xu):
198 3609 287 3677 quae
303 3599 416 3657 antem
437 3587 589 3657 minatus
605 3608 652 3666 es,
676 3609 742 3655 non
770 3586 884 3656 licebit
904 3588 945 3657 nd
971 3588 1126 3658 ellectum
1145 3587 1255 3657 dedu-

2 3689 73 3770 cere.
91 3679 150 3748 llis
172 3677 273 3747 urbis
287 3676 481 3747 Praefectus
498 3677 734 3758 conturbatus,
745 3677 845 3766 jubet
869 3688 1027 3746 sanetum
1049 3677 1166 3746 ferreis
1182 3677 1256 3746 vin-

5 3765 53 3856 cio
75 3764 230 3846 vinculis,
249 3778 281 3834 et
307 3776 378 3836 tuto
402 3765 436 3833 in
463 3765 617 3835 interiori
633 3767 762 3835 servari
785 3765 953 3836 custodia.
971 3771 1010 3835 Et
1033 3765 1090 3835 ille
1114 3765 1255 3852 quidem

7 3850 95 3945 luerat
116 3854 286 3934 inclusus;
306 3852 636 3925 Praefectusautem
653 3854 750 3924 urbis
780 3852 966 3944 prandens,
992 3876 1072 3924 eum
1099 3856 1130 3924 ei
1152 3854 1256 3944 piscis

9 3940 104 4009 tuisset
122 3943 323 4035 appositus,
348 3943 565 4013 comedebat:
593 3965 632 4016 os
655 3956 768 4013 autem
797 3943 930 4032 gutturi
958 3942 1052 4012 illius
1083 3942 1253 4022 infixum,

11 4039 71 4094 tntu
89 4051 145 4100 uec
169 4045 242 4102 arte
267 4031 457 4101 medicinae
475 4044 587 4122 posset
610 4031 727 4114 evelli,
760 4053 822 4100 nec
848 4031 1041 4122 praestigiis
1065 4031 1257 4100 incantato·

16 4126 83 4192 rum,
105 4140 181 4190 cum
204 4142 330 4210 magno
354 4119 470 4190 dolore
494 4120 641 4190 velocem
667 4121 698 4189 ei
724 4131 865 4190 mortem
885 4119 1008 4191 attulit.
1029 4118 1138 4189 Media
1162 4118 1255 4186 enim

16 4213 99 4284 llll-²,
115 4231 191 4280 cum
214 4231 283 4278 non
312 4221 423 4299 posset
447 4209 599 4299 amplius
622 4209 710 4279 ferre
733 4209 899 4292 dolorem,
917 4207 1110 4299 exspiravit.
1128 4212 1199 4277 Hoc
1215 4206 1257 4275 iis

38 4359 168 4430 Llletdaalea,
177 4376 224 4421 vel,
233 4375 322 4423 nouus.
330 4373 473 4417 Melchiadea
485 4373 649 4424 continentum
660 4373 733 4427 gestit
743 4375 771 4418 ttb
783 4383 845 4416 anno
855 4375 894 4414 att
905 4381 980 4422 usqne
990 4372 1020 4413 xd
1029 4381 1066 4412 xn.
1081 4373 1127 4414 att.

69 4417 174 4474 Temptunx
183 4427 286 4476 actticat,
296 4429 358 4476 quod
366 4428 465 4478 Martyrt
474 4429 574 4470 dicatur.
