2960 4824
58 305 123 370 tet.
145 307 176 369 ll
455 325 495 372 ns
519 325 546 372 s.
573 324 708 372 otuinus
732 326 856 373 srrurrs
1185 309 1250 374 267

55 409 147 498 posuit
172 409 408 490 excelsiorem,
433 423 465 478 et
488 409 719 480 crassitudine
742 410 965 489 validiorem,
1000 411 1141 498 basique
1163 426 1196 480 et
1219 433 1295 480 eae·

54 499 115 566 reris
137 497 473 587 magnificentiorem,
490 513 523 568 et
546 499 588 568 de
613 497 709 568 illius
736 499 900 588 patientia
922 513 955 570 et
979 498 1158 569 tolerantia
1182 504 1295 590 lmpe-

53 598 174 656 retorem
191 586 339 657 reddidit
361 587 552 656 certiorem.
570 589 676 674 Atque
700 587 785 657 baec
808 587 947 674 quidem
973 588 1180 670 sufficerent,
1207 610 1296 674 quae

50 693 114 742 sunt
129 675 275 764 piurima
290 689 322 744 et
339 676 487 745 maxime
502 675 545 745 ad
561 678 672 745 sancti
691 677 792 746 vitam
809 676 1069 758 ostendendam,
1084 691 1118 745 et
1133 678 1293 767 gretiam,

50 785 132 848 quem
153 765 225 853 ipse
249 788 268 833 a
293 769 356 848 lleo
380 778 452 835 erat
474 779 665 834 assecutus.
698 765 813 834 Oratio
844 777 957 835 autem
984 765 1068 834 baec
1093 787 1197 856 parva
1221 787 1296 836 esse

50 851 274 933 considerans,
298 869 332 923 et
356 865 531 940 temquem
556 852 722 922 elementa
748 875 786 922 ac
812 853 983 944 principia
1015 875 1104 940 quae
1134 867 1216 924 sunt
1241 853 1296 923 bis

52 939 130 1031 longe
153 941 294 1026 rnay‘ora‚
314 954 473 1032 properat
496 941 681 1010 declarare.

83 1033 97 1115 ἐ
118 1033 180 1101 18.
207 1030 303 1100 Venit
327 1031 430 1118 paulo
447 1043 523 1119 post
537 1028 678 1116 quidam
696 1029 738 1099 ad
756 1042 927 1108 sanctum,
950 1030 1058 1100 Thrax
1078 1030 1217 1120 quidem
1236 1052 1295 1120 ge·

50 1139 121 1198 nere,
143 1132 251 1188 aetate
267 1132 379 1188 autem
400 1140 516 1198 senex,
541 1119 601 1206 qui
621 1141 661 1188 ex
677 1118 870 1189 scribendis
893 1119 1127 1190 contractibus
1151 1120 1218 1188 sibi
1244 1121 1293 1188 vi·

49 1219 123 1274 ctum
144 1207 306 1297 parabat:
333 1226 455 1298 νομικὸν,
481 1207 516 1276 id
540 1219 614 1288 est,
637 1207 722 1298 legis
751 1207 924 1297 peritum,
951 1221 1073 1278 vocant
1103 1208 1233 1278 Graeci.
1260 1213 1293 1277 ls

52 1291 137 1363 lilium
160 1296 274 1366 ferens
297 1299 499 1387 unigenam,
526 1297 623 1384 quia
647 1295 800 1386 maligno
815 1295 1032 1366 detinebatur
1048 1297 1184 1387 spiritu,
1211 1318 1292 1366 oum

49 1403 109 1450 eum
123 1386 289 1473 posuisset
308 1385 349 1454 ed
374 1385 585 1466 columnam,
604 1396 637 1454 et
652 1385 683 1454 ei
699 1384 871 1475 lacrymae
895 1385 1047 1456 lluebent
1062 1407 1102 1455 ex
1123 1385 1244 1467 oculis,
1261 1397 1295 1455 et

47 1471 180 1560 adjunxit
202 1474 319 1554 verba,
347 1474 510 1563 lacrymis
528 1473 638 1563 magis
664 1473 886 1544 miserabilia.
913 1474 1162 1554 «limenun,
1188 1495 1293 1560 quam

49 1561 268 1632 multasfletus
285 1563 432 1632 babebat
448 1562 665 1632 occasiones:
693 1575 863 1642 naturam,
890 1562 1064 1644 canitiem,
1090 1563 1154 1633 lilii
1178 1563 1293 1633 adnle-

47 1651 198 1731 scentiam,
217 1651 310 1739 quod
334 1665 472 1752 propter
494 1671 575 1721 eum
599 1650 713 1722 solum
742 1651 923 1730 laboraret,
953 1653 1043 1738 quod
1075 1651 1175 1744 louge
1204 1664 1294 1722 esset

50 1738 205 1822 proiectus,
233 1753 267 1810 et
292 1762 410 1828 megnr
440 1739 573 1810 itineris
598 1740 731 1809 labores
755 1754 843 1810 esset
872 1761 1067 1829 perpessus.
1087 1740 1189 1827 idque
1213 1762 1293 1810 cum

47 1839 116 1894 esset
133 1849 213 1916 puer
236 1829 498 1910 daemoniacus,
523 1838 556 1898 et
584 1841 675 1898 tante
700 1842 788 1898 esset
816 1829 890 1919 ejus
915 1828 1044 1898 vexatio
1067 1841 1100 1897 et
1126 1828 1294 1899 immode-

49 1915 159 1983 ratio.»
182 1921 320 1987 Etcum
348 1930 518 2018 postremo
542 1916 742 1997 addidisset,
764 1937 838 1986 esse
850 1917 923 2006 jam
949 1917 1159 1988 tricesimum
1184 1919 1291 1998 diem,
1313 1971 1318 1982 .

47 2021 76 2068 er
88 2025 147 2090 quo
163 2026 285 2076 nomen
306 2005 401 2076 illius
419 2005 592 2096 malignus
616 2005 781 2076 clamaret
797 2006 953 2094 spiritus,
972 2006 1048 2094 ejus
1062 2007 1214 2084 enimus,
1230 2007 1291 2091 qui

49 2087 125 2161 lacile
144 2097 344 2164 movebatur
364 2093 611 2175 misericordie,
628 2094 740 2184 ipsius
765 2094 954 2165 statim-est
972 2093 1143 2192 misertus.
1166 2092 1294 2176 Quidni

49 2181 119 2249 enirn
139 2183 372 2253 misericordie
390 2183 580 2253 movendus
597 2195 670 2252 erat
689 2183 812 2252 Christi
829 2182 1045 2271 discipulus?
1061 2205 1078 2248 «
1097 2187 1131 2252 Si
1148 2195 1183 2250 tu
1198 2203 1291 2272 ergo,

49 2267 145 2358 inquit,
169 2273 285 2342 eredis
304 2272 386 2353 fore,
406 2283 445 2342 ut
460 2294 520 2360 per
536 2293 592 2340 me
616 2285 757 2341 senetur
772 2283 852 2342 tuus
876 2270 983 2352 lilius,
1005 2271 1144 2341 debitur
1161 2271 1222 2341 tibi
1239 2292 1292 2338 se·

52 2358 171 2429 cundum
192 2361 300 2431 iidem
327 2374 470 2441 tuam»
494 2371 527 2430 et
550 2361 654 2430 simul
671 2381 749 2430 eum
765 2359 871 2447 jussit
897 2361 1005 2449 poteri
1025 2360 1098 2431 oleo
1115 2382 1135 2428 a
1151 2361 1291 2440 sanctis,

55 2444 165 2538 quiillic
181 2464 295 2520 erent.
313 2449 409 2532 Quod
434 2471 513 2518 oum
533 2448 659 2518 laetum
680 2461 780 2528 esset,
804 2449 916 2518 statim
937 2449 1077 2536 quidem
1093 2469 1172 2518 enm
1194 2448 1293 2516 humi

51 2533 111 2614 pacit
129 2559 262 2608 saevum
289 2539 527 2616 daemonium,
542 2559 692 2628 eumque
715 2535 811 2606 valde
829 2536 991 2607 laniatae
1008 2538 1145 2608 lacerat.
1167 2536 1293 2608 Deinde

53 2639 147 2718 magne
168 2649 248 2696 voce
273 2649 355 2696 cum
382 2627 478 2696 luctu
501 2625 676 2697 clemens:
699 2649 716 2692 a
743 2625 906 2715 Egredior
933 2626 1012 2707 beu,
1046 2625 1184 2725 inquit,
1199 2647 1294 2714 egre·

48 2705 148 2780 dior.»
172 2720 255 2786 Cum
281 2715 357 2784 dies
371 2717 444 2805 jam
470 2715 604 2785 adesset
627 2727 780 2794 oetevus,
802 2715 864 2784 ubl
884 2713 1130 2791 daemoniacus
1151 2735 1290 2804 nigrum
1357 2725 1360 2732 ’

47 2809 70 2864 ot
88 2819 271 2874 concretum
301 2805 506 2874 evomuisset
536 2803 754 2961 sanguinem,
781 2801 922 2890 gloriosi
946 2803 1054 2874 Petris
1078 2817 1220 2873 sanatus
1244 2812 1295 2872 est

48 2890 189 2974 precibus,
215 2908 248 2963 et
268 2915 379 2964 sanus
397 2906 430 2962 et
448 2904 537 2962 recte
552 2913 587 2963 se
627 2891 745 2974 chene,
772 2913 835 2961 sno
861 2893 948 2981 patri
972 2906 1023 2962 est
1047 2892 1204 2961 traditus.
1231 2890 1294 2960 Ille

44 2989 134 3047 eutem
152 3001 229 3051 eum
255 2982 448 3070 accepisset
467 2981 593 3057 lilium,
614 2982 731 3070 lingue
748 2979 888 3067 quidem
907 2980 1065 3050 utebatur
1080 2982 1123 3050 ad
1140 2981 1293 3069 agendas

45 3067 167 3148 gratiam
192 3069 361 3160 lacrymis
384 3091 475 3150 vero,
501 3069 545 3138 ad
572 3069 750 3140 laetitiam.
787 3073 874 3138 Sunt
896 3070 987 3138 enim
1017 3069 1119 3137 etiam
1146 3067 1294 3138 laetitiae

46 3151 209 3242 lacrymae,
234 3159 380 3246 quando
403 3179 577 3228 summam
606 3159 716 3228 enimi
742 3157 993 3246 aegritudinem
1025 3179 1181 3227 summae
1205 3157 1296 3226 exci-

46 3241 152 3322 pientes
173 3247 336 3327 laetitiae‚
363 3247 490 3316 nubem
519 3268 608 3334 quac
634 3248 820 3338 premebat,
846 3248 1004 3342 protinus
1027 3245 1234 3334 depulerint,
1261 3255 1295 3314 et

46 3335 169 3403 naturali
199 3338 354 3406 lluxione
383 3335 613 3424 lacrymarum
646 3357 731 3406 usae
760 3334 889 3403 luerint
916 3358 998 3405 oum
1023 3334 1206 3423 voluptate.
1239 3333 1294 3403 Sic

46 3436 112 3491 ouer
133 3443 195 3493 non
221 3425 338 3495 solum
363 3437 505 3494 curatur
534 3445 554 3493 e
584 3424 674 3494 mulo
703 3424 890 3508 daemone;
916 3424 975 3493 sed
999 3424 1101 3492 etiem
1129 3423 1294 3492 continuo

44 3521 172 3580 ornatur
186 3514 355 3583 adversus
371 3513 568 3593 daemones,
594 3535 673 3584 cum
691 3526 786 3602 pater
802 3525 877 3600 post
892 3513 1104 3582 curationem
1130 3533 1209 3580 eum
1228 3514 1294 3580 Deo

44 3613 260 3692 ¹obsecrasset,
280 3613 315 3672 et
331 3614 367 3671 ut
388 3601 617 3672 monasticum
642 3603 807 3671 amictum
832 3611 866 3670 et
891 3603 994 3671 vitam
1015 3601 1216 3690 susciperet,
1243 3597 1292 3666 el·

46 3685 164 3780 lecisset,
189 3706 221 3759 et
246 3689 384 3761 medico
406 3691 561 3781 corporis
579 3711 657 3760 eum
685 3691 892 3770 tradidisset,
912 3703 945 3760 et
966 3701 1128 3780 rogasset,
1148 3701 1186 3756 ut
1205 3699 1296 3788 esset

45 3781 122 3842 ¹stram
144 3779 300 3850 medicus
323 3780 478 3848 enimse:
518 3780 578 3866 qtri
609 3779 710 3849 etiem
743 3800 852 3869 purus
887 3779 929 3848 ad
969 3800 1094 3867 purum
1124 3789 1291 3858 accessit,

46 3863 117 3956 omni
145 3869 343 3938 mundanae
372 3869 460 3938 vitae
488 3868 605 3938 relicta
636 3869 795 3938 vanitate.
832 3872 903 3938 Hoc
930 3866 1069 3957 quidem
1096 3866 1160 3936 luit
1184 3887 1295 3936 unum

45 3955 210 4032 rjusmodi:
232 3957 380 4027 alterum
400 3970 527 4036 autem,
545 3977 584 4025 eo
606 3977 673 4027 non
691 3956 849 4027 inferius.

77 4038 180 4123 tit).
198 4046 342 4115 cuidam
361 4051 458 4136 Cyro,
477 4046 537 4134 qui
564 4046 661 4135 prius
684 4045 825 4132 quidem
846 4043 912 4115 luit
930 4049 1080 4124 Praeses‚
1102 4053 1217 4132 postea
1232 4065 1295 4144 au·

49 4133 265 4222 reascendit
288 4134 393 4204 etiam
418 4135 461 4204 ad
493 4133 608 4204 sedem
637 4135 875 4225 Episcopalem
900 4133 1047 4204 civitatis
1070 4134 1105 4201 in
1131 4133 1292 4222 Phrygia,

50 4229 89 4280 ltu
112 4239 228 4291 nomeu
251 4238 324 4293 eret
348 4223 540 4314 Cotyajum.
566 4235 599 4291 et
629 4223 673 4292 ab
704 4222 764 4292 illo
785 4235 902 4313 postea
925 4222 1130 4294 discesserat
1155 4234 1294 4311 propter

53 4308 206 4380 llomdem
233 4325 358 4382 motem
384 4313 556 4382 adversus
581 4331 661 4381 eum
692 4311 929 4391 calumniam,
956 4323 1029 4380 erat
1057 4310 1128 4380 lille
1154 4310 1294 4380 nomine

56 4386 233 4468 tlerandria.
261 4407 305 4472 Ea
336 4401 456 4472 eodem
489 4400 591 4470 modo
617 4411 689 4470 erat
712 4401 851 4482 allecta,
876 4417 946 4486 quo
975 4399 1034 4470 ille
1061 4421 1164 4487 quem
1196 4398 1294 4490 prius
