2972 4826
175 297 238 361 950
492 315 530 360 nn
555 315 582 360 s.
609 315 741 361 ruinani
768 313 851 361 vina.
879 315 915 360 nr
940 315 1033 360 naar.
1243 293 1326 356 otte.
1366 293 1424 356 lo

132 401 364 470 revertebatur
379 398 518 489 Papiam
532 423 539 480 ;
564 400 598 468 in
616 421 684 485 qua
702 400 842 490 triginta
858 413 891 470 et
907 421 1026 470 novem
1045 399 1146 469 annis
1161 396 1423 486 Episcopalem

132 489 333 558 cathedram
364 487 523 578 possedit.
553 487 676 558 Habita
700 501 880 560 secuturae
904 501 980 578 post
1004 489 1139 558 tertium
1170 485 1259 555 diem
1282 485 1427 556 obitus

132 578 186 647 sui
212 601 229 646 a
256 582 288 646 S.
312 581 396 666 Syro
421 576 635 658 revelatione,
656 578 825 648 immenso
849 577 994 648 laetatus
1018 577 1156 667 gaudio,
1180 575 1284 644 biduo
1308 575 1428 646 intra

133 666 311 736 Basilicam
331 669 362 734 S.
383 666 513 735 Nazarii
537 667 728 737 consistens
753 666 908 758 pervigii,
933 667 1029 736 tertia
1052 666 1118 746 die,
1147 666 1334 734 blissarum
1359 687 1429 735 so-

132 754 257 823 lemnia
283 753 471 833 celebrans,
484 755 661 825 ⁸0mnibas
695 755 890 836 benedixit,
912 778 953 826 ac
977 755 1180 834 sacerdotes,
1208 753 1427 834 ministros,

131 854 342 944 cunctosque
365 842 507 914 clericos
530 843 736 914 coelestibus
760 844 921 932 alloquiis
949 845 1160 922 admonens,
1188 841 1228 910 ad
1261 840 1431 912 lucidae

131 932 322 1000 mansionis
347 932 541 1000 beatissime
567 933 702 1002 transiit
725 932 935 1002 habitacula.
956 939 1096 1002 Sanctus
1119 952 1197 1001 vero
1216 931 1296 1019 ejus
1321 953 1431 1002 exu-

131 1021 203 1090 vias
227 1021 260 1086 in
286 1019 404 1088 eadem
434 1020 575 1090 Basilica
603 1021 788 1092 honorilice
814 1043 918 1111 prope
943 1023 1048 1092 altare
1073 1031 1275 1110 posuerunt,
1310 1035 1431 1091 sexto

131 1107 214 1178 Idus
238 1109 425 1190 Februarii,
448 1109 508 1178 ubi
527 1132 605 1180 ossa
624 1111 699 1200 ejus
723 1111 946 1200 quiescentia,
970 1123 1160 1202 praestante
1186 1113 1263 1188 Deo,
1296 1109 1434 1181 virtu-

131 1196 223 1266 tibus
249 1197 370 1267 llorent
389 1212 492 1286 atque
517 1199 706 1269 miraculis.

223 1563 585 1666 tttssttttttttt
620 1567 659 1666 S.
697 1565 994 1668 tottttan
1032 1564 1317 1668 vtnttttts

355 1839 496 1888 rucronn
521 1841 696 1888 annonario
721 1820 737 1852 *
762 1841 868 1889 urano
892 1825 911 1888 3
942 1829 1000 1901 περὶ
1022 1830 1164 1902 στεφάνων.

239 2053 396 2122 Martyria
409 2019 569 2110 aaronem
582 2056 706 2112 meruit
721 2070 810 2112 anno
825 2057 968 2124 probab.
986 2057 1050 2112 303
1066 2086 1102 2096 —
1117 2054 1295 2124 Hispana.

426 2307 585 2378 Germine
610 2306 735 2377 nobilis
757 2306 890 2376 Eulalia
909 2307 955 2390 ⁸,

383 2395 498 2466 ltortis
514 2409 548 2465 at
563 2395 678 2466 indole
695 2395 853 2477 nobilior,

383 2485 567 2554 Emeritam
591 2483 642 2519 *⁴*
663 2506 760 2554 saera
785 2486 879 2576 virgo
903 2505 1015 2566 suam,

382 2573 487 2662 Cujus
502 2572 545 2642 ab
560 2573 664 2642 ubere
684 2573 860 2664 progenita
880 2586 942 2654 est,

381 2660 524 2731 Ossibus
543 2675 653 2746 ornat,
674 2683 789 2733 amore
806 2662 898 2732 colit.
929 2661 933 2668 '

425 2760 604 2830 Proximus
627 2759 772 2830 occiduo
793 2759 890 2830 locus
906 2773 967 2841 est,

381 2848 445 2932 Qui
462 2847 538 2918 tulit
556 2848 619 2918 hoc
639 2848 745 2919 decus
768 2870 787 2918 e
814 2849 959 2939 regium,

382 2938 469 3007 Urbe
488 2949 617 3026 potens,
638 2937 775 3027 populis
789 2871 966 3027 locuples:

381 3025 443 3096 Sed
466 3047 564 3116 mage
589 3027 758 3116 sanguine
783 3026 951 3116 martyrii,

380 3115 607 3204 virgineoque
632 3127 751 3204 potens
768 3113 878 3184 titulo.

424 3211 611 3281 Curriculis
635 3211 746 3282 tribus
764 3222 867 3300 atqua
891 3231 1023 3290 novem,

380 3305 459 3370 Tres
484 3299 625 3389 hyemes
645 3313 766 3386 qnater
789 3301 957 3392 attigerat,

379 3393 461 3458 Cum
479 3389 666 3479 crepitante
688 3395 772 3479 pyra
789 3387 939 3478 trepidos

379 3478 511 3547 Terruit
530 3499 651 3567 aspera
667 3477 859 3560 carnifices,

380 3565 596 3655 Supplicium
622 3566 688 3636 sibi
712 3565 813 3636 dulce
833 3579 916 3636 rata.

422 3667 499 3733 lam
516 3662 657 3733 dederat
674 3664 770 3752 prius
787 3663 967 3743 indicium,

379 3750 529 3822 Tendere
549 3774 584 3822 se
602 3754 710 3822 Patris
729 3752 771 3822 ad
788 3751 934 3822 solium:

379 3845 444 3910 llec
460 3863 521 3910 sua
549 3839 703 3911 membra
717 3839 829 3911 dicata
851 3853 933 3920 toro,

379 3933 456 4018 lpse
475 3929 667 4018 crepundia
684 3929 868 4018 repulerat,

379 4017 509 4088 Ludere
527 4019 642 4090 nescia
659 4017 804 4108 pusiola.

148 4249 161 4276 ⁸
176 4249 285 4292 auratum
299 4247 440 4292 nudantia·
456 4251 570 4296 clamem.
585 4252 784 4301 caesaraugustae
800 4250 823 4292 ln
838 4252 951 4303 Htspenta
965 4253 1046 4298 natue.
1063 4247 1101 4290 vir
1118 4249 1281 4302 consuler-tn,
1300 4267 1430 4315 «μμ,

123 4301 192 4344 Poeta
202 4301 357 4350 cartae-nus,
367 4313 427 4343 anuo
437 4305 476 4344 tta
485 4302 535 4344 vttt
545 4305 641 4346 iunctm
650 4309 693 4348 ena
757 4341 760 4348 .

149 4356 176 4384 ⁸⁸
190 4353 284 4397 Eulelte
297 4355 357 4406 hisp.
375 4359 460 4396 Otnttra.
1095 4362 1098 4371 '

149 4409 191 4436 ⁸⁸⁸
207 4405 281 4460 vulgo
292 4409 385 4457 utenda,
395 4409 451 4450 urbs
462 4409 622 4457 celeberrtma,
633 4411 678 4452 sub
688 4409 798 4454 Romula
808 4411 998 4462 Imperatorum.
1007 4408 1143 4453 lacetanis·
1153 4413 1237 4462 eaput.
