3046 4838
240 295 280 360 ld
603 313 641 360 nn
666 313 693 360 s.
716 312 820 362 sutoro
844 313 893 360 nr.
920 313 1051 362 novrou.
1327 297 1410 362 DEC.
1436 297 1447 360 l

195 394 419 484 purissimum
438 410 539 484 atque
567 395 709 466 rutilum
736 396 835 467 aulae
859 397 962 489 Regis
986 409 1260 488 praesentaretur
1284 397 1453 468 metallum

192 484 406 574 (nesciebant
427 488 518 556 enim
545 485 653 576 Eligio
679 486 857 576 praedium
876 508 951 556 esse
974 486 1204 576 concessum),
1228 487 1305 558 totis
1330 487 1456 556 viribus

195 572 308 644 triduo
333 574 382 644 vel
410 574 595 664 quatriduo
620 575 727 645 labori
757 576 971 658 insistentes,
1004 576 1101 646 nulla
1127 588 1302 667 poterant,
1330 581 1394 646 lleo
1422 575 1455 644 id

196 661 445 753 praepediente,
468 678 538 735 arte
561 663 705 746 efficere,
731 663 840 735 donec
854 666 899 736 ab
918 665 1027 756 Eligio
1055 666 1279 754 praeveniens
1304 665 1454 743 nuntius,

193 773 281 842 opus
297 766 455 843 coeptum
472 754 699 844 interciperet,
718 755 861 845 ejusque
877 754 911 825 id
927 754 1081 825 dominio
1095 767 1277 826 revocaret.
1295 759 1369 824 llox
1380 776 1457 844 ergo

194 854 232 910 ut
256 840 319 910 lroc
339 843 539 915 nunciatum
559 855 621 926 est,
640 844 774 914 eunctis
795 843 860 914 loci
884 843 979 914 illius
1003 843 1129 914 accolis
1156 842 1400 923 exultantibus
1427 854 1458 912 et

194 951 282 1020 opus
295 930 479 1022 perlectum
491 944 553 1012 est,
568 945 601 1002 et
616 931 693 1022 ejus
703 933 823 1002 ditioni
833 933 1073 1003 commissum.
1088 937 1161 1015 Quo
1175 933 1209 1003 in
1224 933 1297 1005 loco
1310 934 1456 1023 primum

194 1041 234 1088 ac
260 1021 476 1110 potissimum
502 1021 651 1100 virorum
674 1022 731 1090 Dei
751 1021 940 1094 construxit
965 1022 1209 1094 monasterium
1224 1023 1259 1087 *ε
1277 1023 1337 1093 ubi
1358 1023 1457 1091 etiam

195 1107 320 1179 lbbate
336 1111 531 1191 constituto,
560 1111 686 1180 multos
705 1132 744 1180 ex
769 1111 842 1182 suis
868 1111 1062 1182 vernaculis
1090 1111 1310 1202 manciparit.
1344 1111 1458 1180 Plures

194 1218 384 1285 quoqueea
410 1199 553 1270 diversis
573 1199 757 1290 provinciis
786 1199 961 1288 usquead
990 1214 1126 1271 eentum
1156 1215 1188 1269 et
1207 1200 1457 1292 quinquaginta
1506 1201 1507 1228 ³

195 1288 382 1358 monachos
402 1289 631 1390 congregavit,
658 1288 880 1377 redditusque
897 1301 1016 1371 terrae,
1035 1291 1096 1377 qui
1118 1289 1297 1360 affluenter
1322 1301 1458 1379 possent

194 1375 361 1460 sufficere,
388 1376 566 1468 delegavit.
586 1384 663 1468 lpse
680 1400 758 1449 vero
774 1391 865 1449 tanta
891 1401 927 1449 se
943 1378 1132 1460 devotione,
1156 1391 1317 1468 tantoque
1345 1400 1458 1448 amore

192 1465 302 1535 eidem
325 1466 398 1537 loco
422 1467 612 1558 impendit,
641 1481 678 1538 ut
707 1467 870 1556 quicquid
898 1467 1024 1538 babere
1071 1467 1225 1548 otuisset,
1251 1467 1458 1557 quicquida

193 1558 283 1646 Rege
306 1555 463 1657 adipisci,
482 1555 646 1644 quicquid
664 1556 769 1649 digne
787 1578 1003 1647 comparare,
1035 1491 1086 1627 illi
1110 1555 1309 1638 destinaret,
1334 1556 1459 1627 additis

192 1645 293 1714 etiam
323 1643 404 1727 illis,
433 1645 599 1734 quicquid
624 1659 801 1737 magnates
826 1668 888 1716 sua
919 1658 1039 1737 sponte
1062 1647 1094 1716 ei
1119 1645 1232 1738 largiti
1252 1660 1377 1719 essent.
1405 1645 1457 1713 Vi-

193 1733 291 1803 deres
313 1733 475 1824 plaustris
496 1735 570 1805 vehi
594 1757 709 1818 onera,
736 1735 875 1826 copiosa
897 1736 1047 1818 vascula,
1077 1748 1149 1806 tum
1178 1757 1295 1818 aenea,
1325 1749 1396 1805 tum
1422 1734 1458 1802 li-

193 1843 292 1980 pnea,
329 1823 452 1894 usibus
482 1823 619 1894 illorum
658 1825 859 1897 necessaria.
893 1831 979 1895 Turn
1003 1845 1140 1915 quoque
1165 1827 1389 1906 vestimenta,
1415 1823 1454 1893 ad

207 1923 318 1982 ectum
343 1913 532 1996 attinentia,
558 1926 591 1984 et
615 1914 814 1985 linteamina
838 1925 941 2002 atque
964 1936 1129 2006 mappas:
1150 1915 1208 1984 sed
1232 1926 1266 1985 et
1282 1933 1456 2011 sacrarum

195 1999 370 2072 volumina
386 2003 633 2094 scripturarum
654 2002 815 2093 plurima.
844 2004 993 2092 Denique
1011 2005 1144 2085 omnia,
1173 2003 1371 2074 monasterii
1390 2023 1458 2099 usn

194 2091 258 2160 bus
284 2093 486 2174 necessaria,
504 2091 691 2173 intantum,
719 2105 756 2162 ut
783 2093 933 2182 improbi
951 2093 1094 2180 quidam
1119 2114 1158 2164 ea
1181 2113 1299 2178 eausa,
1328 2094 1458 2183 ingenti

193 2179 321 2250 invidia
339 2181 648 2254 inflammarentur.
669 2182 842 2272 cogitabat
865 2194 980 2252 autem
1000 2182 1059 2252 ille
1075 2183 1227 2274 seipsum
1252 2181 1391 2252 demum
1411 2177 1458 2248 illi

194 2269 392 2427 dmancipare
417 2272 644 2354 monasterio,
673 2272 738 2340 nisi
763 2293 842 2343 eum
879 2270 994 2340 diviua
1026 2271 1237 2364 dispensatio
1262 2271 1361 2342 alteri
1388 2269 1459 2339 loco

218 2370 407 2432 estinasset.

236 2449 255 2535 ἕ
278 2452 352 2521 ffl-
379 2455 487 2533 Quem
500 2449 542 2521 ad
561 2451 673 2521 locum
690 2451 791 2520 etiam
809 2450 881 2542 ipse
894 2449 1034 2532 accessi,
1060 2461 1092 2521 et
1109 2461 1237 2521 mutarn
1252 2449 1326 2520 illie
1347 2467 1462 2518 sacrae

194 2536 332 2627 regulae
367 2539 616 2610 observantiam
641 2539 729 2612 vidi.
764 2552 801 2610 ut
835 2561 919 2630 pene
944 2539 988 2608 sit
1019 2539 1085 2608 vita
1117 2538 1305 2630 singularis
1331 2536 1457 2607 eisdam

194 2627 371 2697 monachis
403 2651 483 2718 prae
516 2627 658 2700 caeteris
682 2627 810 2700 Galliae
834 2629 1062 2700 monasteriis.
1090 2633 1146 2700 Est
1173 2639 1287 2698 autem
1320 2645 1460 2716 congre-

193 2716 284 2806 gatio
306 2717 408 2787 etiam
435 2739 526 2788 nune
553 2739 689 2808 magna,
708 2717 853 2788 diversis
869 2719 1057 2808 gratiarum
1079 2718 1223 2788 lloribus
1242 2730 1376 2787 oruata.
1393 2719 1458 2784 Ha·

194 2807 318 2874 beatur
334 2805 381 2875 ibi
397 2819 430 2878 et
452 2807 600 2878 artilices
626 2806 778 2897 plurimi,
805 2807 1018 2877 diversarum
1043 2809 1168 2876 artium
1196 2806 1312 2897 periti:
1334 2807 1393 2893 qni
1426 2803 1456 2870 in

195 2893 316 2964 tllrristi
335 2895 455 2967 timore
475 2895 625 2987 perlecti,
642 2917 777 2985 seraper
789 2896 829 2966 ad
848 2896 1078 2968 obedientiam
1101 2910 1183 2966 suut
1201 2895 1322 2986 parati.
1342 2892 1460 2966 Nullus

195 2983 242 3053 ibi
266 2985 449 3072 quicquam
473 2986 651 3076 proprium
673 2985 737 3054 sibi
763 2985 931 3056 vindicat:
954 2984 1026 3066 sed,
1045 2997 1084 3055 ut
1106 2986 1141 3054 iu
1168 2984 1307 3055 lctibus
1340 2983 1461 3074 legitur

194 3073 444 3163 Apostolorum,
463 3088 544 3144 sunt
567 3074 709 3144 omnino
732 3074 895 3146 omnibus
919 3075 1036 3144 omnia
1064 3074 1275 3144 communia.
1305 3077 1362 3144 Est
1386 3091 1460 3170 vero

195 3163 290 3232 locus
314 3163 388 3253 ipse
404 3177 472 3234 tam
493 3163 626 3245 fertilis,
646 3177 784 3253 tamque
804 3185 980 3244 amoenus,
1001 3175 1039 3233 nt
1055 3185 1134 3234 cum
1155 3163 1234 3252 quis
1257 3184 1297 3232 eo
1312 3163 1457 3238 divertit,

195 3253 283 3322 inter
297 3274 475 3342 pomorum
494 3275 647 3333 nemora,
666 3267 698 3322 et
722 3254 899 3324 hortorum
916 3252 1121 3322 amoenitate
1147 3251 1300 3330 virentia,
1328 3253 1361 3322 in
1380 3250 1459 3318 haec

194 3342 224 3411 ei
243 3342 345 3412 verba
371 3341 474 3414 libeat
500 3343 656 3434 protinus
686 3363 929 3434 prorumpere:
959 3347 1066 3426 Οιιαηι
1093 3345 1215 3434 pulcra
1246 3339 1462 3436 tabernacula

195 3443 264 3512 tua,
289 3434 401 3514 Jacob,
433 3443 464 3502 et
484 3435 627 3503 tentorio
652 3443 723 3515 tau,
751 3436 877 3502 lsrael:
907 3443 944 3502 ut
968 3435 1075 3501 valles
1098 3429 1462 3525 accommodatiora

188 3524 298 3612 jemla
320 3522 440 3612 (litoius
468 3525 603 3614 irrigui,
627 3532 663 3590 ut
693 3523 923 3602 tabernacula,
954 3543 1040 3612 quoe
1062 3523 1142 3610 fimet
1171 3522 1340 3602 llomiaas,
1365 3537 1460 3610 quasa

195 3611 288 3680 cedri
300 3635 403 3702 prope
418 3635 525 3703 aquas
547 3612 661 3701 (Nam.
681 3611 781 3700 xxiv).
801 3616 846 3680 ue
871 3611 996 3680 talibus
1014 3631 1073 3700 per
1090 3609 1305 3680 Salomonem
1318 3608 1457 3678 dicitur:

194 3701 400 3772 Hoditocula
420 3703 591 3858 pastorum
618 3701 851 3770 benedicentur
873 3701 1033 3790 (Proser.
1060 3699 1123 3788 111).
1151 3703 1207 3768 llst
1230 3710 1345 3768 autem
1371 3693 1459 3765 idem

194 3789 396 3859 coenobium
448 3791 514 3860 aud
538 3789 690 3881 procula
713 3790 888 3859 Lemovica
912 3791 999 3860 urbe
1016 3788 1133 3870 situm,
1153 3809 1210 3857 sea
1226 3787 1360 3858 circiter
1385 3781 1459 3852 mil-

196 3877 287 3947 libus
311 3877 352 3946 ad
379 3878 514 3970 plagam
534 3879 667 3949 distans
686 3879 924 3948 meridianam.
943 3878 1100 3948 Ambitur
1117 3899 1194 3947 vero
1219 3877 1252 3946 in
1275 3873 1458 3947 rotundum

197 3987 296 4036 muro
320 3987 386 4037 non
411 3968 551 4056 quidem
579 3966 725 4058 lapideo,
756 3967 815 4038 sed
845 3967 935 4038 losse
962 3989 1042 4058 sepe
1070 3966 1226 4048 munita,
1253 3959 1460 4036 decerpsere

195 4055 383 4126 stadiorum
416 4059 561 4128 habente
585 4057 734 4147 spatium
761 4057 796 4126 in
821 4058 981 4128 circuitu.
1012 4061 1058 4127 Er
1090 4076 1160 4126 uno
1187 4055 1325 4144 quidem
1359 4052 1458 4121 latere

197 4146 383 4216 munituro
411 4146 493 4216 timo
506 4145 661 4226 flumine,
677 4145 734 4216 cui
754 4169 852 4216 mous
876 4146 1031 4217 excelsus
1048 4145 1132 4216 silva
1145 4157 1296 4236 opertuS,
1312 4167 1351 4214 ac
1367 4157 1458 4238 prae·

196 4246 296 4324 rupta
319 4168 417 4305 valtlb
442 4257 544 4326 rupes
577 4235 744 4304 imminet.
772 4239 880 4306 Omne
909 4248 1022 4306 autem
1055 4235 1204 4325 spatium
1240 4244 1455 4324 monasterti,

196 4321 320 4392 diversi
344 4323 478 4412 generis
505 4325 644 4395 arbores
675 4323 861 4414 pomiferae
880 4335 1073 4415 occupant:
1108 4325 1225 4412 sicque
1249 4322 1319 4393 illic
1347 4331 1457 4408 segnis

223 4450 235 4474 *
249 4453 314 4492 Anno
328 4451 373 4491 631.
