2960 4824
42 287 112 348 out.
138 285 174 349 ll
271 303 309 348 oa
333 303 378 348 ss.
404 301 617 361 attonsione..
645 301 801 350 nuraorra
826 303 862 349 nr
886 301 953 350 soc.
981 302 1037 348 uu.
1182 283 1245 346 345

41 401 147 477 pastor,
175 407 236 476 pro
255 387 376 456 ovibus
393 389 480 456 mori
506 401 645 478 paratus
664 409 755 457 sum.
778 387 921 456 Proinde
945 385 1129 456 instantius
1151 405 1290 454 oremus
1387 447 1388 452 ,

39 497 87 564 pro
104 475 251 546 inimicis
271 475 408 556 nostris,
430 475 574 546 salutem
593 475 662 546 illis
679 489 835 566 optantes
853 491 1028 565 tamquam
1052 473 1222 544 amicis.»

72 566 86 651 ᾗ
110 569 150 636 2.
172 568 295 635 Sancta
309 586 446 652 quoque
462 565 635 654 Eutropia,
653 586 818 656 germana
842 586 917 646 sua,
932 563 1092 653 expansis
1106 563 1140 630 in
1154 561 1289 632 coelum

39 653 193 732 manibus,
214 652 349 743 plebem
365 675 426 742 pro
446 654 577 723 viribus
591 654 634 723 ad
654 653 857 744 martyrium
875 652 1088 743 provocabat.
1109 656 1195 721 Dum
1209 671 1289 739 ergo

37 740 229 812 furibundus
252 763 463 832 paganorum
490 743 639 832 impetus
664 743 819 820 irrueret,
847 741 898 810 vir
924 755 1076 820 sanctus,
1105 740 1288 808 comitante

36 829 143 911 lurore,
159 851 238 900 cum
266 830 406 920 hymnis
421 844 453 900 et
477 832 620 900 canticis
645 831 895 921 spiritualibus,
914 830 955 900 ad
979 830 1101 900 ostiam
1127 828 1289 898 basilicae

37 930 155 988 unctae
178 919 238 988 Dei
263 917 444 990 Genitricis
461 920 596 1000 Mariae,
614 941 718 1008 quam
745 933 887 990 matrem
912 918 1003 989 sedis
1027 939 1110 988 suae
1126 915 1290 986 fundave-

36 1021 87 1088 rat,
108 1007 270 1077 occurrit.
296 1013 438 1095 Moxque
453 1019 491 1077 ut
507 1007 649 1078 ferratas
673 1008 763 1078 acies
790 1007 883 1090 vidit,
912 1030 1018 1078 manu
1038 1006 1212 1078 silentium
1239 1005 1289 1072 in-

35 1095 150 1178 dicens,
169 1097 240 1166 ait:
271 1121 284 1160 ι
305 1099 331 1166 0
356 1095 498 1167 nutibus
514 1096 641 1168 divinis
659 1097 827 1178 ministra,
848 1096 1021 1176 fortitudo,
1048 1116 1155 1183 quare
1170 1107 1289 1164 contra

36 1197 176 1255 naturam
196 1187 372 1256 humanae
388 1185 607 1267 conditionis,
635 1187 811 1256 victoriam
837 1197 965 1255 vestrae
989 1185 1168 1274 dignitatis
1186 1183 1218 1250 in
1236 1203 1289 1251 ra-

33 1271 111 1340 biem
130 1274 356 1344 ¹conuertitis?
372 1279 455 1344 llam
480 1275 549 1344 veri
560 1275 651 1365 juris
676 1274 797 1345 titulus
816 1273 991 1362 quondam
1019 1273 1186 1343 nobilium
1217 1269 1288 1339 bel-

35 1359 164 1431 latorum
189 1363 383 1452 inscriptus
405 1373 494 1431 erat:
525 1369 663 1433 Parcere
686 1365 869 1434 humilibus
884 1373 915 1432 et
930 1363 1097 1432 debellare
1119 1361 1285 1451 superbos.

32 1454 65 1517 Et
79 1471 149 1520 ecce
173 1450 273 1541 plebs
298 1452 501 1534 Christiana,
539 1457 604 1521 Deo
629 1473 690 1522 suo
723 1453 868 1523 humilis
891 1464 923 1520 et
951 1450 1082 1529 devota,
1110 1449 1229 1518 vestris
1254 1448 1287 1515 in

33 1540 262 1629 conspectibus
281 1552 459 1629 prostrata,
488 1541 723 1611 remissionem
750 1553 966 1632 peccatorum
993 1561 1102 1626 usque
1129 1538 1172 1608 ad
1198 1558 1288 1606 mor-

33 1639 86 1695 tem
102 1629 269 1699 obediens
284 1641 468 1718 exspectat.
486 1629 709 1698 Poenitemini
721 1643 754 1698 et
779 1652 837 1699 vos
862 1651 922 1732 pro
947 1627 1135 1698 sceleribus
1153 1626 1285 1702 vestris,

33 1719 123 1786 lteum
141 1739 261 1788 verum
279 1730 514 1807 agnoscentes,
538 1739 580 1787 ne
598 1717 683 1787 forte
701 1717 892 1805 indignatio
916 1717 992 1806 ejus
1014 1737 1103 1802 quae
1128 1737 1187 1805 per
1216 1735 1285 1794 vos,

32 1803 100 1874 liliis
123 1806 160 1874 fit
185 1807 230 1875 ad
257 1807 505 1895 correptionem
536 1807 669 1889 salutis,
698 1806 792 1876 vobis
817 1806 860 1875 sit
890 1805 1100 1896 stipendium
1127 1815 1289 1874 tartareae

33 1892 262 1991 damnationis.
290 1893 386 1976 Quod
415 1897 444 1964 si
467 1916 545 1964 oves
570 1917 679 1976 meas,
708 1908 942 1986 perseverante
972 1893 1158 1981 impietate,
1184 1913 1289 1979 quae-

34 1982 95 2052 ntis
119 1983 305 2063 trucidare,
334 2005 387 2051 me
405 1985 555 2072 primum
580 2006 640 2074 pro
658 1984 754 2074 ipsis,
775 1984 948 2053 victimam
971 1981 1108 2050 divinae
1133 1983 1289 2070 majesta·

35 2069 77 2168 tis,
110 2071 223 2154 libate,
255 2083 295 2140 ut
323 2072 450 2172 pariter
471 2071 569 2161 digni
600 2072 811 2142 beatitudine
834 2072 971 2142 coelesti
986 2091 1178 2140 mereamur
1199 2069 1289 2136 inve-

34 2159 134 2226 ntri.»
159 2162 222 2230 His
248 2159 362 2240 dictrs,
385 2183 465 2231 cum
495 2161 528 2229 in
554 2163 707 2230 oratione
733 2173 923 2250 prostratus
948 2181 1084 2230 versum
1105 2158 1198 2226 hunc
1230 2154 1288 2224 de-

33 2259 188 2318 cantaret:
215 2249 380 2318 Adhaesit
404 2251 520 2318 ouimc
537 2272 614 2318 mea
641 2249 711 2340 (Ps.
745 2250 834 2339 ll8),
867 2248 958 2318 illico
988 2245 1188 2336 gladiatoris
1219 2245 1289 2314 ictu

34 2351 188 2422 sequente,
216 2360 258 2407 ac
283 2338 394 2428 capite
418 2350 585 2418 truncato,
609 2339 749 2409 verbum
773 2337 962 2408 sanctitatis
979 2338 1022 2406 ab
1045 2357 1102 2406 ore
1131 2332 1289 2404 decollati

35 2444 90 2492 non
113 2425 257 2508 destitit,
285 2426 343 2495 sed
376 2426 644 2496 immortalitatis
676 2427 877 2498 sententiam
904 2447 1008 2512 quam
1039 2425 1151 2511 petiit,
1180 2421 1289 2492 adim-

37 2510 143 2600 plendo
159 2516 359 2605 impetravit
383 2514 520 2584 dicens:
547 2517 685 2616 Vr'or'dca
707 2539 759 2586 me
778 2517 959 2585 secuudum
981 2516 1118 2584 Verbum
1143 2523 1250 2582 tuum.

68 2604 147 2687 §8-
173 2610 302 2675 Sancta
319 2624 397 2673 vero
413 2605 587 2693 Eutropia,
616 2605 735 2673 videns
759 2605 850 2674 circa
868 2627 904 2674 se
929 2603 1136 2693 impietatem
1169 2621 1288 2669 eorum

33 2689 220 2781 mitigatam,
258 2691 302 2763 ob
329 2693 482 2783 corporis
503 2694 557 2763 sui
584 2693 872 2782 pulcritudinem,
906 2713 1010 2780 super
1038 2689 1286 2760 interfectorem
1358 2759 1359 2764 ,

32 2780 202 2852 sacerdotis
228 2780 412 2850 insiliens:
438 2786 560 2861 «Heu,
588 2781 739 2851 crudelis
772 2795 926 2872 tyranne,
953 2781 1016 2854 ait.
1043 2779 1125 2866 quid
1154 2777 1291 2848 fecisti?

32 2869 176 2956 bagnum
204 2870 264 2940 Dei
289 2869 400 2939 virum
426 2870 578 2960 indignis
602 2871 771 2974 jugulasti
791 2871 963 2950 manibus,
986 2881 1018 2938 et
1043 2891 1097 2936 me
1114 2868 1176 2937 tihi
1205 2868 1289 2936 abu-

33 2957 157 3050 tendum
176 2963 360 3030 reservas?
377 2957 495 3028 Divina
513 2971 545 3029 te
557 2959 629 3048 jam
643 2981 786 3048 Jamque
802 2958 944 3028 damnat
964 2957 1167 3026 sententia.»
1181 2962 1287 3039 Quem

32 3053 70 3110 tta
89 3045 129 3115 ad
147 3047 356 3137 martyrium
380 3068 483 3116 suum
512 3069 720 3137 provocans,
748 3048 838 3117 saltu
867 3047 1056 3134 repentino,
1084 3047 1191 3136 raptis
1217 3045 1289 3134 pal-

33 3133 151 3216 pebris,
180 3157 251 3205 non
277 3134 445 3206 foeminea
468 3136 614 3218 virtute,
648 3135 707 3207 sed
742 3136 859 3206 divina
887 3135 1039 3216 ultione,
1073 3134 1191 3204 oculos
1215 3133 1290 3222 ejus

32 3221 159 3304 evulsit;
180 3224 373 3311 maluitque
396 3223 530 3314 gladios
555 3227 831 3313 persequentium
853 3225 1040 3303 sustinere,
1068 3245 1172 3309 quam
1197 3221 1290 3290 dele-

32 3311 225 3384 ctationibus
252 3335 465 3404 paganorum
505 3313 723 3383 assentiendo
748 3335 900 3403 peccare.
933 3311 1027 3381 lllico
1061 3312 1167 3401 igitur
1193 3331 1289 3379 sacro

34 3393 293 3490 lusosanguine,
319 3401 467 3491 palmam
499 3403 653 3492 martyrii
673 3424 752 3471 cum
780 3423 944 3493 germano
968 3422 1051 3480 suo,
1086 3411 1118 3468 et
1147 3399 1290 3467 caeteris

33 3490 145 3559 sanctis
170 3489 300 3560 ibidem
325 3489 655 3580 triumphantibusa
681 3491 823 3561 Domino
848 3489 1047 3580 promeruit.

54 3577 83 3670 ¹l
104 3583 144 3650 1.
166 3578 410 3649 Universorum
432 3592 545 3648 autem
570 3580 703 3668 expleta
725 3578 829 3650 caede
857 3591 1074 3658 sanctorum,
1102 3587 1208 3644 terror
1231 3597 1288 3646 su-

35 3655 176 3760 bruneus
200 3689 323 3738 omnes
347 3679 581 3758 persecutores
599 3667 781 3739 wandalos
805 3669 939 3746 invasit,
966 3687 1047 3735 cum
1069 3677 1206 3756 propter
1221 3666 1289 3733 vir-

35 3753 111 3850 ginis
126 3755 322 3839 audaciam,
341 3768 373 3826 et
389 3759 447 3826 Dei
464 3755 630 3827 ultionem
648 3779 752 3844 quam
772 3756 1037 3846 prospiciebant,
1057 3765 1130 3824 tum
1153 3765 1290 3844 propter

36 3855 110 3910 acres
131 3845 306 3924 coelestes,
337 3865 424 3932 quas
453 3858 571 3916 contra
596 3867 632 3915 se
655 3845 822 3915 dimicare
846 3844 1050 3924 sentiebant,
1083 3853 1155 3911 tum
1185 3841 1288 3910 etiam

38 3943 156 4018 propter
173 3933 373 4004 horribilem
399 3933 564 4015 sonitum,
590 3955 692 4021 quem
714 3934 749 4003 in
766 3934 916 4004 Ecclesia
936 3931 1141 4012 audiebant,
1169 3931 1215 4000 ita
1237 3943 1287 4011 ut,

38 4014 146 4090 relictis
162 4022 297 4112 spoliis,
319 4022 587 4092 irrevocabiliter
610 4021 825 4112 aufugerent.
859 4023 994 4112 stoque,
1023 4030 1181 4090 manente
1207 4019 1290 4088 civi-

40 4109 90 4174 tate
114 4110 263 4181 solitaria
289 4110 385 4201 (nam
411 4109 530 4181 fideles
551 4111 767 4181 incursiones
786 4110 1027 4182 Wandalorum
1055 4110 1290 4199 pertimescen-

42 4197 142 4274 tesad
165 4199 334 4270 montium
362 4200 574 4270 munitiones
603 4199 854 4290 confugerant),
882 4201 948 4270 sub
977 4197 1132 4268 custodia
1157 4209 1288 4268 tantum

43 4284 175 4435 tupelica
200 4295 385 4377 llartyrum
419 4289 467 4358 ibi
495 4310 640 4380 corpora
668 4289 914 4360 servabantur:
947 4291 1051 4357 itaut
1078 4287 1112 4355 in
1132 4285 1290 4356 noctibus

43 4383 57 4430 t
86 4393 165 4465 ange
196 4375 354 4448 eoelestia
384 4376 896 4468 conspicerenturluminaria,
922 4390 954 4446 et
985 4376 1183 4446 suavissimi
1215 4374 1290 4446 soni
