2954 4816
240 316 304 382 392
595 335 633 380 nu
658 333 776 380 vrorum
800 335 932 384 narnus
956 335 1066 382 norrun
1304 315 1378 380 bnt.
1397 313 1428 376 ll

195 430 233 490 tu
256 421 444 508 vituperes:
466 416 556 505 quod
591 419 841 508 vituperaverit,
852 433 902 492 «tu
926 420 1058 490 laudes.
1084 424 1154 488 Non
1179 417 1313 488 esthon
1337 416 1430 506 palpa-

198 509 264 578 tiva
290 506 566 578 dissimulatione
592 507 800 589 tacendum,
833 530 914 578 curn
944 508 1087 578 viderim
1115 507 1282 598 quosdam
1309 518 1431 574 vestmm

197 597 300 667 tantis
317 597 550 686 impatientiae
567 596 718 666 stimulis
741 598 876 687 agitari,
904 610 941 667 ut
957 597 999 668 ad
1019 598 1148 688 primas
1164 595 1373 666 correctionis
1390 615 1432 662 vo

195 707 263 766 ces,
292 707 359 754 nnn
384 685 495 755 solum
521 685 788 768 excusationem,
807 687 864 756 sed
882 686 1113 756 defensionem
1131 685 1327 756 exhibeant:
1342 697 1370 752 ct
1384 685 1433 750 nisi

195 774 431 864 disciplinaris
460 775 554 864 vigor
577 775 781 856 obviaverit,
809 775 850 845 ad
877 776 1047 845 tumultus
1074 787 1106 844 et
1125 775 1244 865 jurgia
1274 772 1431 864 prosilitur.
1468 815 1473 867 t

196 869 287 934 llaec
311 877 362 932 est
389 863 548 952 impietas
568 865 718 933 maxima
747 865 780 932 in
810 869 928 945 Deum,
955 863 1118 934 delictum
1149 863 1346 942 maximum,
1369 879 1434 946 quac
1467 892 1472 937 3

196 953 248 1021 vir
271 951 416 1041 simplex
435 965 467 1021 et
495 965 632 1033 rectuS,
659 967 691 1022 et
718 975 802 1042 puer
834 954 967 1022 Domini
992 975 1129 1022 summa
1157 951 1434 1039 circumspectione
1467 950 1471 1026 f

196 1039 331 1111 devitat.
345 1039 640 1128 Elegantissimam
656 1063 761 1130 super
774 1043 828 1110 liis
839 1043 1128 1132 comparationem
1140 1041 1275 1111 inducit
1286 1040 1433 1141 propheta.
1465 1052 1471 1155 p

196 1151 299 1217 quam
318 1128 360 1198 de
377 1131 527 1198 sacrario
553 1132 667 1199 Sancti
688 1132 835 1221 Spiritus
859 1131 1087 1222 absportavit:
1114 1131 1175 1211 lbi,
1199 1131 1322 1218 inquit,
1347 1129 1435 1196 habnt
1466 1158 1471 1193 r

196 1219 328 1306 foveam
357 1219 502 1288 herveius
523 1219 607 1375 lm
630 1224 698 1302 34).
730 1221 886 1290 Hericius
910 1222 937 1291 si
969 1219 1182 1310 apprehendi
1206 1241 1244 1288 se
1268 1218 1381 1288 sentiat
1401 1213 1435 1280 vel
1467 1240 1471 1249 ·

196 1306 360 1397 contingi,
388 1307 433 1375 ita
457 1329 519 1376 con
537 1308 708 1377 ertissima
732 1309 932 1399 spinositate
961 1309 1126 1378 densatus
1148 1321 1218 1388 est,
1246 1321 1285 1377 ut
1312 1305 1435 1390 undique

197 1395 524 1484 compunctionibus
547 1410 580 1466 et
603 1396 732 1466 aculeis
756 1399 929 1468 vestiatur.
961 1403 1042 1467 Cum
1073 1419 1150 1466 vero
1179 1419 1216 1465 se
1247 1395 1436 1466 solitudinem
1465 1408 1470 1491 t

196 1483 357 1574 adeptum
384 1497 490 1576 putat,
509 1500 614 1575 caput
636 1488 757 1576 aperit,
775 1489 881 1557 exerit
900 1486 1012 1574 pedes,
1038 1500 1070 1555 et
1088 1485 1330 1555 vivificatorios
1353 1493 1437 1552 motus
1465 1500 1471 1553 t

197 1571 300 1730 plana
320 1573 597 1644 deambulatione
614 1575 836 1646 demonstrat.
857 1577 889 1644 Si
906 1576 984 1663 quis
1001 1575 1250 1663 supervenerit,
1274 1574 1381 1644 statim
1401 1591 1438 1638 ce

209 1661 334 1731 errima
360 1658 534 1734 velocitate
549 1676 652 1752 caput
668 1687 747 1733 cum
766 1665 912 1756 pedibus
931 1665 973 1734 ad
994 1665 1136 1733 interius
1153 1664 1390 1734 absconditum
1405 1679 1438 1724 re-

197 1763 372 1838 portatur,
399 1765 438 1820 ut
462 1773 490 1820 sr
517 1751 614 1820 illum
642 1764 755 1821 tenere
785 1754 956 1832 volueris,
991 1753 1088 1843 prius
1114 1753 1232 1822 videas
1264 1751 1437 1841 sanguinem

197 1853 307 1920 tuum,
334 1863 437 1928 quam
456 1862 583 1930 corpus
603 1863 718 1910 suum.
738 1843 791 1912 Sic
810 1857 843 1911 et
864 1843 1050 1932 peccatoris
1073 1857 1177 1931 caput
1196 1847 1280 1912 oum
1308 1839 1435 1930 pedihus.
1467 1837 1472 1883 ὲ

196 1929 338 2000 intentio
366 1951 446 1999 cum
471 1931 616 2011 actione,
642 1953 661 1999 a
691 1945 867 2019 pastorum
897 1929 1129 2001 sollicitudine
1159 1941 1400 2020 prospectatur,
1419 1935 1438 1989 et
1466 1990 1471 2009 ,

195 2019 285 2174 pund
307 2016 376 2088 lere
399 2019 555 2088 omnium
582 2020 798 2107 peccantium
825 2021 945 2090 vitium
968 2032 1031 2100 est,
1057 2041 1135 2090 oum
1161 2021 1206 2089 ab
1231 2019 1390 2088 omnibus
1407 2013 1437 2077 vi·
1466 2050 1471 2093 t

219 2119 366 2189 eatur,a
394 2107 531 2176 nemine
554 2107 712 2177 aestimat
731 2131 766 2178 se
787 2109 905 2178 videri.
930 2109 964 2179 Si
989 2109 1107 2178 vitium
1134 2128 1293 2178 resecare
1316 2103 1429 2177 studeas
1469 2108 1470 2114 ’

194 2207 227 2264 et
243 2196 443 2264 intentionis
468 2197 646 2286 ingressus
670 2219 748 2267 cum
771 2198 916 2268 actionis
939 2197 1148 2288 egressibus
1170 2197 1368 2266 correctivis
1389 2213 1438 2260 na-

195 2285 299 2354 nibus
316 2283 583 2374 deprehendere,
604 2287 718 2354 statim
737 2287 908 2357 Ciceronis
927 2287 1122 2375 eloquentia
1142 2298 1346 2356 renovatur:
1362 2301 1438 2350 excu-

195 2387 292 2443 satur
319 2385 351 2444 et
379 2372 586 2454 detenditur,
612 2374 704 2461 quod
730 2377 894 2465 opponis:
921 2376 1096 2446 accusaris
1122 2386 1155 2444 et
1181 2373 1379 2450 offenderis,
1400 2387 1439 2466 qtn

196 2464 371 2552 proponis.
399 2467 589 2553 interrogat
605 2463 647 2531 de
664 2463 748 2544 loco,
776 2465 817 2533 de
842 2480 1006 2554 tempore,
1032 2463 1170 2551 quando
1194 2461 1328 2533 sactum
1352 2461 1438 2529 luent.

194 2562 227 2620 et
243 2572 352 2622 novus
368 2549 569 2621 dialecticus
582 2565 695 2622 exerta
712 2552 830 2654 lingua
848 2553 1063 2644 prorumpit:
1083 2553 1116 2621 in
1136 2553 1293 2622 medium
1312 2559 1440 2642 parentes

194 2639 347 2721 advocat,
367 2640 636 2730 patrocinatores
655 2655 799 2728 quaerit,
823 2645 957 2733 gravari
977 2663 1013 2712 se
1028 2641 1174 2731 judicat,
1203 2641 1337 2710 indicat
1358 2659 1390 2706 se
1405 2654 1439 2700 re·

193 2750 386 2809 cessurum,
413 2728 583 2817 malleque
608 2729 707 2812 mori,
734 2751 838 2818 quam
866 2731 935 2822 pati
960 2731 1062 2800 talia:
1089 2742 1122 2800 et
1144 2751 1235 2816 quae
1257 2729 1378 2806 vidisti,
1401 2743 1440 2790 ne·

194 2839 298 2906 gans:
325 2829 357 2886 et
388 2839 477 2904 quae
507 2839 574 2887 non
597 2818 692 2899 vidit,
719 2819 753 2888 in
781 2833 811 2888 te
834 2820 987 2890 convicia
1009 2832 1220 2908 retorquens.
1250 2819 1308 2888 Sic
1332 2817 1441 2904 spinam
1472 2857 1473 2860 ,

195 2907 313 2987 sentis,
332 2919 364 2975 et
380 2907 517 2998 culpam
545 2907 681 3064 perdis:
703 2909 822 2978 odium
850 2909 1010 2989 incurris,
1039 2930 1100 2978 nec
1123 2907 1292 2996 corrigis:
1316 2919 1439 3003 etqueu
1472 2947 1473 2979 ,

194 3007 300 3064 totum
328 3007 441 3064 tenere
466 3007 545 3086 puta
573 3018 623 3077 aa,
651 3009 757 3065 totum
779 2998 920 3070 amittis.
948 2998 1047 3068 Vides
1069 3018 1173 3084 quam
1200 2995 1383 3085 multiplici
1398 3009 1442 3057 cu-

194 3082 388 3240 mplosditate
412 3085 506 3155 rivus
530 3085 592 3156 iste
616 3085 709 3154 omni
736 3085 881 3167 homini,
907 3099 940 3156 et
965 3087 1112 3156 maxime
1135 3096 1254 3155 nostro
1278 3082 1397 3160 ordini,
1418 3095 1442 3142 st
1471 3125 1472 3162 r

195 3173 291 3242 inun
322 3174 373 3242 itl
1471 3211 1472 3246 r

237 3263 255 3349 ᾗ
278 3265 357 3335 ¹⁰.
384 3261 533 3345 Quintus
552 3274 602 3331 est
625 3260 788 3331 exultatio
813 3263 846 3331 in
874 3263 1032 3352 peccatis.
1060 3267 1085 3333 0
1105 3261 1308 3331 detestanda
1325 3254 1440 3354 laetitia.

192 3361 224 3418 et
248 3350 281 3419 in
308 3351 509 3440 sempiterni
533 3351 662 3420 doloris
687 3351 857 3421 tristitiam
884 3351 1116 3432 demutanda,
1140 3351 1175 3419 in
1203 3349 1352 3442 peccatis
1373 3353 1442 3414 sicut

193 3439 434 3512 invirtutibus
458 3440 621 3510 exultare.
648 3443 767 3510 Nonne
792 3438 1035 3511 latrocinantes
1058 3453 1090 3510 et
1113 3439 1300 3510 facinorosi
1321 3435 1439 3524 quique·
1470 3503 1471 3510 ,

191 3550 270 3598 cum
288 3541 442 3599 votorum
461 3528 711 3618 plenitudinem
722 3537 974 3616 assequuntur,
987 3551 1053 3600 non
1072 3550 1107 3599 se
1123 3529 1269 3629 capiunt
1284 3547 1360 3618 prae
1375 3541 1441 3612 gau·¹

191 3616 260 3698 dio,
281 3620 326 3687 ita
344 3619 459 3700 etiam,
486 3630 524 3688 ut
548 3617 697 3687 audeant
723 3617 788 3708 ipsi
817 3617 988 3688 divinitati
1014 3618 1142 3708 gratias
1168 3616 1368 3686 immutire?
1393 3613 1439 3691 pm
1469 3651 1470 3660 ¹

191 3729 266 3776 mim
289 3709 531 3796 malefecerint,
555 3710 737 3786 laetantur,
756 3717 787 3776 et
803 3711 963 3778 ecuttant
986 3709 1022 3776 in
1044 3707 1141 3776 retra
1158 3707 1324 3797 pessimis,
1342 3699 1439 3770 cudent

189 3817 290 3886 super
315 3819 367 3866 eos
386 3798 554 3877 corbones,
582 3807 613 3865 et
637 3799 673 3866 in
705 3798 816 3954 ipnem
840 3797 1039 3887 dejicientur
1064 3795 1176 3897 (Pron.
1205 3817 1230 3864 rr
1254 3805 1287 3864 et
1311 3797 1360 3861 rs.
1383 3783 1437 3866 39).

190 3883 253 3954 Sed
278 3896 311 3954 et
335 3885 428 3956 rivus
443 3885 518 3967 iste,
537 3905 640 3972 quam
660 3906 705 3954 un
733 3906 793 3954 osa
817 3886 1005 3954 refluxione
1030 3905 1174 3954 miseros
1193 3884 1381 3952 animantes
1400 3869 1439 3940 0l·

188 3971 322 4053 fundat,
343 3973 467 4043 melius
483 3973 705 4055 conscientia,
732 3995 836 4060 quam
861 3973 1058 4062 eloquentia
1081 3970 1351 4062 comprehendit.

232 4065 340 4150 §lt
369 4067 489 4132 Sextus
516 4075 567 4133 est
597 4062 683 4133 alios
711 4061 833 4132 dooere
860 4062 902 4132 ad
937 4062 1080 4132 malum.
1115 4065 1205 4131 Haeo
1238 4045 1437 4140 doctrinale

189 4150 351 4222 cathedra
371 4149 586 4243 pestilentiae
602 4150 788 4234 derivatur,
806 4174 911 4240 quam
937 4151 1125 4222 detestatur
1148 4162 1181 4220 et
1205 4147 1369 4239 reprobat,
1391 4155 1437 4222 qut

188 4239 287 4310 docet
303 4240 477 4310 hominem
492 4240 685 4310 scientiam.
705 4243 850 4328 Oquam
870 4241 905 4310 in
925 4262 1012 4311 vano
1028 4239 1155 4329 accipit
1177 4238 1326 4308 animam
1342 4243 1434 4328 suan,

188 4327 248 4416 qni
268 4328 415 4399 aliorum
441 4329 577 4399 animas
602 4340 744 4398 venator
760 4330 804 4398 ad
823 4340 980 4412 mortem,
1005 4330 1066 4419 qui
1090 4327 1194 4398 trahit
1216 4334 1347 4417 peccata
1364 4321 1435 4409 siout

189 4418 328 4508 longam
347 4431 483 4500 restem,
508 4418 569 4505 qui
589 4417 709 4488 miscet
733 4419 939 4510 sanguinem
959 4417 1133 4508 sanguini,
1160 4416 1218 4487 eui
1241 4433 1306 4484 non
1329 4401 1434 4478 suffici
1467 4391 1468 4446 l
