3046 4838
69 292 172 358 batt
320 311 358 358 nx
382 312 431 360 ss.
456 311 635 372 nvrronvro,
662 312 808 372 susurro,
836 311 904 360 nro.
932 313 988 360 un.
1204 299 1245 362 65

70 393 257 464 Christianum
272 387 345 465 e‘sse
359 419 400 466 ao
417 397 502 486 stipe
516 408 668 488 egentem
681 421 691 482 ;
706 409 739 467 et
755 396 896 468 veniens
912 397 946 465 in
966 397 1115 468 Coelium
1137 414 1289 469 montem

68 481 98 550 ad
117 485 217 554 dream
236 485 488 566 Carbonariam,
508 487 633 556 mansit
648 486 698 556 ibi
715 485 929 556 mendicans.
948 491 1031 557 Cum
1056 500 1172 557 autem
1198 502 1292 558 tran·

67 571 135 640 siens
154 593 224 642 oum
249 573 350 643 sociis
379 573 498 644 Edrias
526 574 760 664 eleemosynas
783 587 955 666 erogaret,
982 576 1150 646 Maximus
1176 577 1291 647 volens

66 660 180 748 experiri
196 682 235 729 an
250 661 306 731 ille
320 673 422 744 esset,
440 684 542 749 quern
558 675 747 750 quaereret,
766 663 836 733 ait:
856 685 875 731 a
891 669 954 733 Per
977 665 1161 746 Christum,
1187 687 1290 752 quern

65 748 151 828 credo,
179 771 253 840 rogo
274 762 311 820 ut
333 749 469 821 faciatis
494 751 765 822 misericordiam
786 774 891 842 super
915 765 1098 844 egestatem
1129 775 1291 822 meam.»

65 836 252 907 lunoldrias
269 839 431 910 misertus
447 839 555 922 illius,
570 841 676 931 jussit
690 862 726 910 se
746 839 846 911 illurn
864 863 899 910 se
925 843 972 910 ui.
995 847 1033 911 lt
1049 841 1131 911 dum
1150 843 1294 912 intraret

64 925 185 1007 domum,
205 927 368 999 llaximus
387 929 574 1018 corripitur
593 951 613 998 a
634 928 813 1011 daemone,
832 942 865 999 et
889 863 1071 1000 clamavit:
1099 932 1202 1001 «viri
1222 931 1290 1014 Dei,

62 1034 109 1102 ego
123 1013 299 1108 divulgatae
314 1040 394 1088 sum
414 1017 533 1088 vestri:
561 1017 658 1088 video
674 1033 779 1108 super
801 1041 854 1087 me
879 1019 992 1108 ignem
1018 1019 1291 1089 densissimum:

62 1117 134 1172 orate
154 1127 206 1194 pro
229 1126 291 1188 me,
317 1107 403 1194 quia
428 1106 565 1176 oruoior
584 1107 708 1198 igne.»
734 1111 820 1188 llox,
847 1105 916 1176 illis
942 1109 1121 1179 orantibus
1144 1131 1224 1178 oum
1246 1108 1294 1176 la·

62 1192 163 1279 erynis
175 1207 204 1262 et
216 1196 449 1266 sternentibus
464 1217 511 1276 se,
532 1197 700 1266 Maximus
716 1208 857 1266 curatus
873 1208 934 1265 est.
954 1201 1107 1283 Cumque
1123 1196 1295 1267 elevarent

62 1299 123 1348 eun
136 1280 172 1350 de
193 1293 296 1368 terra,
329 1284 482 1354 clamare
512 1287 645 1374 eoepit:
672 1289 847 1354 «Pereunt
870 1284 1013 1356 deorum
1033 1285 1204 1367 cultores;
1231 1307 1294 1376 ego

63 1367 235 1456 baptismum
267 1386 354 1460 peto.
381 1397 399 1440 a
425 1377 600 1444 Duxerunt
626 1395 704 1443 eum
737 1373 779 1443 ad
805 1373 944 1445 beatum
970 1374 1206 1476 Stephanum,
1234 1373 1296 1462 qui

63 1454 139 1526 illum
153 1460 313 1542 emdiens,
333 1461 477 1532 demum
494 1461 677 1551 baptizavit
692 1485 699 1542 ;
717 1461 895 1551 laetusque
910 1463 1124 1534 Christianus
1141 1463 1297 1534 habitare

63 1545 221 1618 volnituna
244 1572 324 1620 cum
355 1550 529 1640 Stephano
555 1550 722 1642 Episcopo
751 1550 882 1639 aliquot
907 1551 1040 1622 diebus.
1067 1556 1146 1622 Post
1170 1551 1297 1622 multos

63 1644 154 1703 autem
175 1635 236 1706 dies
251 1639 442 1727 requisitus
457 1639 626 1710 Maximus
643 1641 966 1710 commentariensis
985 1654 1017 1711 et
1034 1661 1100 1710 non
1123 1642 1295 1722 inventus,

66 1723 213 1794 nunciatur
225 1727 417 1809 Valeriano,
437 1729 552 1818 ipsum
569 1727 697 1798 laetum
721 1749 796 1800 esse
812 1729 1067 1808 Christianum:
1090 1731 1162 1817 qui,
1183 1729 1299 1800 missis

65 1808 299 1887 ahisexborinio
315 1817 356 1886 in
378 1816 520 1887 domum
536 1817 624 1907 ejus,
647 1817 852 1888 invenerunt
872 1841 951 1888 eum
973 1831 1181 1908 prostratum
1199 1840 1300 1889 oran-

67 1909 136 1997 tem:
157 1915 365 1994 tenentesque
395 1905 567 1975 duxerunt
590 1905 632 1975 ad
658 1905 889 1988 Valerianum,
916 1907 973 1976 oui
997 1907 1077 1977 ille:
1105 1908 1220 1989 «Sia,
1246 1907 1301 1976 in-

69 1999 137 2071 quvt,
153 2006 287 2065 caecatus
312 2016 355 2064 es
373 1994 548 2084 pecuniis,
575 2009 613 2064 ut
634 1995 923 2084 promissionibus
947 1997 1016 2068 tuis
1032 2018 1087 2067 me
1103 1995 1265 2066 falleres?
1282 2017 1301 2063 v

75 2077 103 2142 lt
115 2079 265 2153 barinus:
294 2107 314 2150 a
336 2087 533 2164 Hactenus,
561 2083 697 2171 inquit,
727 2083 851 2154 caecus
867 2083 936 2154 sui:
965 2084 1066 2153 modo
1083 2083 1301 2154 illuminatus

76 2162 160 2233 video.
173 2191 260 2240 v-v
278 2177 360 2256 Quo
377 2171 510 2242 lumine
523 2175 569 2240 l»
595 2172 707 2258 inquit
730 2171 800 2242 ille.
821 2172 1008 2263 Respondit
1025 2172 1214 2242 Maximus:
1234 2177 1301 2241 «In

73 2249 126 2321 fide
148 2258 254 2329 domim
279 2261 396 2331 nostri
419 2265 502 2331 lesu
527 2260 699 2330 Christi.»
724 2265 819 2330 Tune
844 2262 952 2332 iratus
977 2260 1178 2332 Valerianus
1198 2260 1304 2350 jussit

70 2361 133 2440 enm
150 2349 351 2439 praecipitari
372 2371 433 2438 per
448 2361 599 2444 pontem.
626 2353 745 2419 Postea
768 2361 881 2421 autem
898 2371 1026 2439 eorpus
1043 2351 1220 2420 inventum
1239 2353 1304 2420 En-

71 2429 160 2502 sebvus
180 2440 331 2528 sepelivit
361 2438 396 2506 in
416 2438 617 2509 coemeterio
638 2437 787 2520 Callisti,
816 2441 869 2508 via
898 2439 1021 2529 Appia,
1049 2439 1183 2508 decimo
1209 2439 1305 2508 tertio

69 2517 200 2596 valandus
213 2526 396 2598 Februarii
412 2527 439 2593 ¹⁵.

96 2611 167 2696 §C
189 2620 262 2687 Post
291 2616 381 2685 haee
405 2614 630 2696 Valerianus,
660 2618 786 2706 magud
809 2615 965 2687 adhibita
990 2615 1181 2709 diligentia,
1211 2615 1306 2686 misit

62 2703 246 2792 septuaginta
262 2704 421 2794 milites:
448 2704 508 2791 qui
531 2705 688 2774 inventos
708 2705 906 2786 Eusebium,
934 2703 1097 2788 adriam,
1124 2704 1306 2786 Paulinam

61 2798 84 2854 et
106 2787 206 2874 lilios,
233 2805 417 2881 tentosque
440 2791 659 2863 adduxerunt
681 2792 724 2862 ad
750 2798 874 2862 Porum
898 2794 1096 2882 Trajanum.
1124 2789 1307 2894 Marcellus

61 2896 121 2945 vero
133 2877 296 2954 diaeonus
320 2901 506 2952 occurrens
529 2881 747 2972 exprobravit
768 2882 956 2958 Valeriano,
974 2883 1066 2970 quod
1091 2885 1196 2954 amici
1222 2903 1309 2952 verr·

60 2965 123 3065 tatis
141 2971 179 3040 ab
202 2971 262 3042 illo
283 2971 377 3059 jussi
402 2972 472 3042 sint
498 2971 615 3040 teneri.
642 2977 735 3042 Tunc
760 2971 999 3042 Secundianns
1023 2977 1170 3074 Togatus
1195 2972 1307 3042 dixit:

20 3111 21 3138 ἶ
59 3057 136 3125 «Ero
156 3071 203 3130 est
232 3059 461 3140 Christianus,
488 3059 575 3130 sicut
598 3072 631 3129 et
655 3059 757 3129 isti.»
779 3061 1003 3130 lntromissus
1029 3081 1180 3150 primurn
1206 3067 1310 3132 Euse-

58 3139 121 3214 bius
138 3148 334 3239 presbyter:
360 3147 581 3238 interrogavit
605 3169 684 3218 eum
713 3147 848 3218 ludex:
875 3153 960 3219 «Tu
983 3171 1020 3218 es
1040 3149 1100 3236 qui
1124 3150 1311 3248 conturbas

60 3232 185 3304 Urbem?
206 3241 335 3308 'lamen
359 3235 495 3308 declara
527 3257 652 3308 nornen
684 3249 795 3308 tuum.
825 3259 842 3304 a
867 3243 952 3307 Tum
979 3238 1075 3328 ipso:
1104 3239 1311 3307 «Eusebius

20 3389 21 3412 ἶ
59 3319 138 3391 dloor
150 3337 180 3394 et
191 3325 419 3416 presbyter.»
445 3331 538 3395 Tune
562 3324 674 3396 Judex
699 3325 871 3416 praecepit
895 3347 974 3396 eum
997 3325 1181 3426 segregari,
1207 3338 1241 3426 et
1259 3323 1313 3391 in-

20 3421 21 3456 1
59 3411 180 3483 tmmitti
202 3415 365 3486 Edriam:
391 3414 452 3502 qui
472 3415 672 3504 ingressuS,
700 3428 840 3506 rogatus
864 3413 907 3485 de
932 3435 1070 3484 nomme
1095 3413 1309 3496 su0,d1x1t:

20 3497 21 3506 ’
60 3498 213 3572 vldrias:
239 3525 329 3592 quae
357 3503 530 3594 requiris,
557 3502 607 3572 vel
634 3502 767 3574 tardius
792 3515 1021 3594 pervenerunt
1046 3503 1089 3573 ad
1112 3517 1191 3574 te.»
1217 3508 1313 3572 Tune

59 3585 170 3658 ludex:
198 3597 272 3662 «Ex
294 3613 376 3680 quo,
395 3591 519 3680 inquit,
535 3591 614 3682 jure
633 3591 695 3662 tibi
711 3592 926 3662 abundantia
945 3592 1145 3663 divitiarum
1162 3604 1194 3660 et
1213 3613 1315 3682 pecu-

20 3677 22 3696 *
61 3673 180 3748 uiarum
199 3679 385 3763 affluentia,
403 3692 442 3751 ut
455 3679 601 3752 seducas
625 3679 791 3782 populum
805 3683 852 3749 t»
871 3681 1059 3771 Respondit
1083 3679 1222 3752 adrias:
1243 3683 1315 3750 ‹vln

20 3703 22 3832 l
62 3765 183 3856 nomine
207 3770 341 3840 Domini
366 3770 433 3839 mei
451 3768 538 3840 Jesu
562 3768 697 3851 Chusa,
717 3769 760 3838 de
776 3769 892 3841 labore
908 3777 1099 3860 parentum
1109 3791 1276 3841 meorum.
1297 3792 1317 3835 a

20 3869 22 4006 p
61 3848 151 3951 ludex
165 3855 269 3932 dixit:
297 3861 418 3949 «Ergo
441 3858 470 3928 si
486 3869 667 3950 parentum
684 3858 748 3929 tibi
764 3857 990 3960 haereditates
1009 3859 1149 3930 relictae
1164 3871 1319 3959 sunt‚·tu

20 4007 22 4034 i
64 3955 256 4092 :pusulam
283 3961 398 4018 etnon
416 3945 459 4017 ad
484 3947 742 4018 subversionem
767 3947 914 4018 aliorum
941 3959 990 4018 utv
1018 3948 1169 4020 debes.»
1195 3948 1318 4018 hdrras

20 4087 21 4100 ,
68 4043 156 4122 nrt:
188 4057 203 4102 v
229 4035 276 4106 ad
302 4048 466 4108 meamet
488 4035 639 4106 liliorum
671 4057 825 4106 meorum
857 4036 1039 4106 utilitatem
1071 4035 1255 4127 expendo,
1287 4047 1321 4104 et

20 4143 22 4222 j
68 4129 180 4210 tsstegre
204 4137 237 4195 et
266 4125 341 4196 sine
368 4123 489 4195 fraude
517 4136 604 4194 utor.
635 4147 654 4192 a
684 4124 792 4194 ludex
823 4125 931 4196 dixit:
966 4127 1124 4196 «Habes
1148 4125 1240 4196 filios
1269 4123 1319 4193 vel

20 3527 22 3552 l

20 3573 22 3582 .

20 3637 22 3654 t

20 4301 22 4322 r
89 4280 99 4302 ⁸
111 4281 331 4330 neumnensium
345 4271 458 4328 invtsttar
474 4285 545 4328 ettam
558 4282 628 4328 bodie
645 4283 711 4328 toeux
721 4285 929 4336 mxtmhxubltto
938 4295 1045 4340 comare,
1053 4287 1125 4330 tituto
1137 4287 1230 4328 tantum
1241 4295 1322 4336 super·

20 4365 21 4400 3
72 4331 123 4378 “tta
131 4337 157 4375 a:
164 4339 281 4382 nonaum
292 4338 416 4386 ananius,
427 4340 456 4380 aa
465 4347 556 4380 uanam
564 4341 611 4380 aaa.

20 4423 22 4500 ἶ
139 4420 273 4481 Surdus·
292 4419 376 4482 Vttae
391 4417 444 4483 SS.
460 4417 550 4480 -vat
565 4415 628 4478 xtt.
1200 4477 1203 4484 1
1224 4415 1245 4476 g
