2954 4816
26 306 86 371 ott.
106 307 157 372 ts
380 326 418 372 ns
442 327 469 372 s.
496 325 669 374 nnasntstr
695 325 838 372 urnrvan
1094 317 1098 326 '
1132 309 1198 374 ll3

22 409 181 496 asperitate:
207 408 262 480 sed
282 408 372 480 cedit
394 411 509 500 potius
533 411 646 481 verbis
671 408 833 480 mollibus
849 423 882 480 et
899 409 1054 499 placidis,
1081 423 1113 480 et
1137 422 1241 481 attra-

22 497 90 566 hitur
104 495 225 577 officiis,
241 519 281 566 ea
301 498 353 566 via
370 500 442 589 ipse
459 520 595 586 quoque
617 498 821 588 ingreditur.

50 589 119 671 59.
143 591 178 656 llt
200 587 349 678 primum
373 587 511 677 quidem
539 588 641 656 trium
668 586 773 656 simul
802 585 884 666 lacit,
911 585 1117 677 periculum,
1137 589 1241 658 simul

19 672 174 744 laudanset
195 674 405 747 admonens:
426 699 444 742 e
466 681 549 746 Cum
574 676 608 746 in
635 676 730 746 vobis
755 675 900 757 videam,
915 675 1047 757 dicens,
1066 689 1098 746 et
1121 678 1240 747 llorem

17 765 117 844 aetatis,
132 776 161 833 et
182 765 328 854 speciem
345 766 510 855 corporis,
539 777 571 834 et
594 785 777 855 generosos
802 778 973 854 praeterea
999 765 1153 852 spiritns,
1184 767 1244 853 qni

16 871 65 919 non
79 854 178 922 minus
190 853 417 943 resplendent,
435 876 539 942 qnam
556 869 693 923 externa
710 854 831 942 gretia:
847 853 1036 941 quinetiam
1052 855 1242 924 audiverim

17 961 58 1008 ros
73 962 134 1012 esse
151 942 266 1023 bonas,
292 955 325 1012 et
340 943 439 1012 bonis
463 957 661 1032 prognatas,
687 955 720 1012 et
741 956 912 1031 praeterea
936 942 1091 1013 doctrina
1107 965 1244 1031 quoque

16 1049 66 1095 nnn
81 1029 279 1100 mediocriter
293 1031 456 1112 excultas,
484 1053 544 1121 per
563 1031 656 1114 deos,
684 1052 819 1101 moveor
844 1054 911 1102 non
931 1054 1034 1121 parva
1052 1033 1153 1102 vestri
1180 1033 1243 1102 mi-

15 1117 175 1200 sericordia,
195 1121 224 1189 si
240 1119 284 1190 de
303 1121 357 1191 his
381 1119 543 1192 omnibus
566 1133 599 1190 et
615 1119 657 1190 de
672 1131 781 1190 vestra
795 1142 933 1208 quoque
959 1123 1025 1191 vita
1041 1122 1182 1192 venietis
1206 1125 1240 1190 in

15 1205 182 1292 periculum,
210 1219 243 1278 et
275 1230 343 1278 non
370 1209 465 1298 prius
489 1209 628 1296 aliquod
655 1209 784 1278 bonnm
802 1210 845 1278 de
876 1209 1072 1299 vobisipsis
1102 1211 1243 1300 capietis

16 1293 173 1366 consilium.
198 1300 269 1368 Hac
292 1298 383 1366 enim
402 1297 443 1366 de
458 1319 563 1370 cansa
587 1320 645 1368 vos
661 1318 797 1386 quoque
814 1297 904 1368 volui
930 1311 1008 1368 ante
1026 1321 1140 1370 meum
1158 1321 1242 1370 con-

16 1395 136 1470 spectum
157 1399 186 1455 et
210 1408 268 1457 vos
288 1386 479 1468 convenire,
501 1399 550 1467 nt,
570 1407 649 1456 cum
682 1409 722 1456 ex
748 1407 812 1466 me,
839 1399 929 1456 etex
959 1387 1055 1458 vobis
1080 1389 1165 1477 ipsis
1189 1410 1241 1468 ea,

16 1485 218 1568 queeoportet
250 1475 428 1564 potueritis
458 1473 660 1566 intelligere,
686 1474 886 1546 abstineatis
912 1475 1052 1562 quidem
1081 1477 1125 1546 ab
1161 1477 1243 1547 insi·

16 1562 153 1712 pentibus
168 1563 444 1654 cogitationibus,
471 1563 538 1634 diis
566 1575 679 1634 autem
704 1563 852 1635 offeratis
879 1565 1101 1646 sacrificium,
1128 1578 1160 1634 et
1184 1587 1245 1655 per

34 1667 72 1726 or,
92 1649 162 1736 quid
186 1673 252 1720 non
281 1653 362 1722 boni
389 1651 483 1722 vobis
510 1653 596 1743 ipsis
623 1653 845 1743 comparetis,
872 1651 1015 1723 deorum
1040 1654 1241 1736 amicitiam,

18 1755 100 1806 neam
112 1737 385 1821 benevolentiam,
405 1741 533 1832 gloriere
549 1740 811 1822 abundantiam,
831 1763 976 1831 sponsos
991 1741 1115 1831 dignos
1133 1757 1244 1813 vestra

18 1823 219 1911 pulcritudine,
246 1829 386 1899 divitius
409 1843 441 1898 et
462 1830 663 1920 voluptates,
681 1843 713 1900 et
735 1830 900 1918 quicquid
930 1831 964 1898 in
993 1829 1059 1899 vita
1079 1828 1158 1900 lelix
1185 1832 1243 1902 bo·

18 1931 134 2000 numque
145 1930 193 1987 est
207 1931 239 1988 et
257 1917 402 1988 videtur.
427 1941 446 1985 a
937 1995 939 2000 ⁸

49 2003 142 2086 §lit
171 2007 216 2076 ld
242 2007 328 2078 haec
361 2019 474 2078 autern
501 2029 553 2087 ea,
585 2028 672 2095 quae
696 2019 769 2076 erat
801 2009 910 2099 maior
938 2021 1035 2088 natu,
1061 2008 1247 2078 vocabatur

19 2109 74 2157 vero
86 2097 192 2186 tgape
207 2118 298 2185 quae
314 2095 473 2166 studebat
484 2117 620 2183 qnoque
635 2095 741 2165 videri
757 2097 867 2187 prima
879 2097 1060 2167 dilectione
1073 2097 1109 2164 in
1124 2100 1244 2178 Deum,

18 2195 74 2274 cnm
94 2185 285 2255 verecundia
304 2187 453 2256 miscens
467 2183 605 2256 dicendi
623 2184 825 2267 libertatem,
841 2197 874 2255 et
898 2185 993 2256 lebra
1011 2186 1151 2255 honeste
1166 2207 1246 2274 ape·

20 2285 101 2336 nens:
121 2294 136 2337 e
153 2272 261 2356 llulla,
291 2273 413 2362 inquit,
441 2275 526 2345 rutio
549 2273 611 2344 tibi
638 2273 853 2364 persuadeat,
879 2295 899 2344 o
924 2279 1130 2366 Imperator,
1154 2273 1245 2362 quod

20 2373 66 2421 nos
83 2358 119 2428 vel
140 2375 247 2432 metus
266 2363 499 2452 perterruerit,
525 2375 585 2432 aut
611 2363 786 2452 persuasio
811 2363 1024 2446 inescaverit,
1047 2377 1106 2434 aut
1133 2364 1245 2434 inten-

19 2452 82 2543 tatae
99 2449 337 2550 suppliciorum
358 2452 482 2532 minae,
509 2464 569 2521 aut
585 2451 675 2521 bona
693 2453 879 2542 proposita,
898 2465 957 2522 ant
974 2453 1166 2542 Juventntis
1186 2452 1247 2522 mi-

18 2537 248 2631 supradicant
272 2540 527 2610 commiseratio
548 2539 804 2629 pulcritudinis,
832 2554 891 2611 ant
911 2540 1073 2630 splendor
1097 2539 1245 2631 generis,

18 2619 231 2698 nobvsomnino
256 2629 477 2720 persuaserit,
505 2641 543 2699 ut
566 2627 697 2716 aliquid
717 2628 818 2699 molle
838 2644 870 2699 et
894 2629 1079 2700 delicatum
1105 2629 1248 2699 omnino

17 2711 178 2804 cogitemus,
206 2719 337 2788 nedum
363 2730 400 2787 ut
427 2718 597 2788 dicamus.
626 2717 688 2788 Sed
714 2718 797 2788 baec
826 2718 966 2806 quidem
999 2719 1074 2807 ipsa
1098 2718 1149 2788 vel
1176 2739 1249 2788 ma·

16 2813 79 2867 tina
94 2805 294 2891 persuadent
317 2819 459 2876 mortem
485 2819 715 2888 contemnere,
742 2806 834 2895 quod
862 2819 909 2877 tot
932 2806 1032 2877 bonis
1057 2829 1077 2876 n
1103 2811 1168 2877 Deo
1193 2830 1248 2878 or·

16 2899 95 2982 natae,
119 2905 148 2963 at
173 2908 238 2965 mm
275 2893 394 2964 multis
417 2895 609 2964 commodis
636 2908 856 2985 praestantes,
884 2895 1041 2966 omnium
1070 2895 1249 2968 absurdis-

16 2979 450 3074 smnvideremur'cogitare,
467 2989 496 3054 si
522 2989 640 3065 Deum,
667 2984 726 3071 qui
739 3007 779 3064 ea
791 2984 896 3070 dedit,
920 3007 981 3054 nos
997 2985 1251 3056 inconsiderate

15 3061 163 3160 admodum
187 3084 220 3142 et
242 3075 379 3163 ingrate
405 3074 666 3174 negaverimus:
692 3085 725 3142 et
743 3095 809 3143 non
833 3095 885 3156 ea,
913 3095 1001 3162 quae
1025 3072 1068 3143 ab
1092 3095 1131 3144 eo
1155 3097 1248 3146 acce-

14 3167 108 3256 pimus,
132 3159 164 3228 in
180 3162 226 3232 iis.
245 3183 337 3248 quae
362 3183 423 3252 pre
448 3183 522 3251 ipso
545 3182 712 3264 passurae
738 3184 881 3244 sumus,
908 3162 1123 3234 occasionem
1151 3164 1247 3234 bene·

14 3238 152 3329 velentiae,
176 3264 359 3338 certaeque
381 3264 414 3321 et
438 3249 572 3322 stabilis
588 3250 666 3321 fidei
692 3250 946 3323 duxerimus.»

44 3330 132 3413 tlt.
155 3342 249 3410 Hanc
278 3339 440 3427 loquendi
465 3338 655 3411 libertatem
682 3339 948 3430 supramodum
972 3338 1166 3410 admiratus
1182 3345 1248 3430 ‘ly-

13 3431 121 3516 ttttnus,
143 3439 174 3497 ct
188 3441 286 3499 ratus
301 3449 376 3498 esse
400 3429 584 3508 insaniam,
611 3431 643 3498 el
656 3451 731 3500 eam
747 3429 794 3500 ita
813 3428 1005 3518 appellans,
1032 3449 1072 3498 ex
1096 3451 1133 3499 se
1148 3426 1249 3518 plane

14 3497 311 3613 laciensJudicium,
331 3522 479 3608 dgepem
495 3516 636 3606 quidem
656 3539 723 3588 uon
750 3519 888 3588 tentavit
900 3517 1067 3608 amplius
1094 3516 1249 3588 secundo

14 3605 96 3667 tutem
110 3607 208 3690 Jussit
222 3605 308 3678 sisti
321 3606 522 3690 secundem,
538 3616 571 3676 et
587 3608 699 3683 verbis
715 3627 792 3676 eam
815 3621 866 3678 est
889 3607 1043 3678 adortus.
1064 3610 1249 3696 Postquam

13 3695 67 3777 sero
85 3688 335 3783 th'usquoque
359 3693 529 3778 similiter,
554 3703 587 3765 et
618 3695 742 3766 deinde
772 3696 889 3767 tertiae
921 3695 1115 3786 desperavit
1140 3707 1251 3766 muta-

16 3775 119 3876 bilem,
146 3796 318 3872 postremo
342 3783 482 3854 dicens:
506 3788 631 3856 »llaec
655 3783 802 3856 audacia
828 3799 939 3856 vestra
963 3807 1017 3856 res
1044 3806 1128 3856 nnsa
1153 3784 1252 3855 nulla

17 3873 39 3922 ll
56 3861 130 3966 llis
159 3893 264 3960 quam
299 3872 441 3957 inflictis
471 3875 675 3956 tormentis,
702 3874 944 3954 curabuntur,
965 3897 983 3940 v
1010 3807 1086 3943 illas
1111 3873 1252 3964 quidem

19 3961 120 4052 copim
150 3959 183 4030 in
207 3981 404 4032 carcerem:
430 3963 505 4052 ipse
529 3975 644 4034 autem
671 3964 705 4031 in
732 3963 905 4053 supplicio
935 3961 1188 4033 considerando
1213 3983 1253 4032 ac

20 4047 184 4128 squirense
208 4050 412 4120 versabatur
434 4052 563 4133 animo,
590 4073 714 4122 novam
752 4052 904 4140 aliquam
930 4063 963 4122 et
988 4051 1089 4210 lonpe
1119 4051 1253 4142 gravis-

22 4137 108 4224 smam
129 4137 175 4208 eis
199 4151 344 4210 mortem
369 4140 524 4210 invenire
548 4140 771 4211 contendens
789 4145 882 4224 Quae
905 4162 984 4212 vero
1006 4163 1046 4211 ve
1084 4155 1162 4210 ante
1178 4161 1253 4210 cer-

22 4216 125 4302 ttnma,
141 4229 254 4298 animo
267 4241 300 4300 et
313 4229 470 4299 instituto
489 4241 561 4300 erut
575 4251 695 4302 eorum
715 4230 912 4300 certationis
933 4230 1039 4311 socia,
1058 4229 1247 4311 Anastasia,

24 4311 51 4359 ⁸³
66 4323 132 4387 luae
152 4330 385 4399 consueverat,
413 4339 481 4388 non
502 4320 657 4390 cessabat
681 4317 941 4401 adsuefacere,
968 4319 1080 4390 verbis
1109 4319 1250 4408 quidem

25 4396 169 4474 accendens
191 4406 233 4478 ad
258 4421 457 4490 certamen,
485 4407 621 4500 reipsa
651 4421 766 4479 antem
795 4430 915 4480 earum
943 4430 1062 4480 curam
1101 4431 1247 4500 gerens:
