2932 4812
253 287 317 350 6l8
575 303 613 350 nii
637 305 665 350 s.
693 303 890 352 ιιιιιιιιιιιιιιιιο
915 303 1115 351 concessoris
1208 299 1210 307 ·
1300 281 1365 346 lili.
1385 281 1410 342 ll

210 392 244 458 ιἰι
267 389 480 457 abscondito:
500 400 530 456 ct
556 393 655 456 Potor
683 399 772 468 tuus,
801 392 863 478 qui
883 391 973 458 videt
997 391 1030 458 t'n
1059 390 1243 466 abscondito,
1266 385 1357 454 reddet
1376 384 1415 449 titi

208 477 342 566 (illattli.
362 476 419 566 vi).
447 477 535 546 llinc
551 490 613 558 est,
631 477 722 564 quod
744 477 786 546 de
805 477 990 546 electorum
1018 477 1168 547 Ecclesia
1182 497 1233 567 per
1251 473 1414 543 Psalmistin

210 565 359 636 dicitur:
385 568 497 635 Omnis
522 569 635 656 gloria
663 569 736 656 ejus
758 569 833 656 filia
861 571 989 656 Regum
1020 567 1062 636 oh
1086 569 1175 634 intus
1198 566 1257 654 (Pr.
1283 561 1341 650 ll).
1361 557 1416 626 lilia

210 655 341 812 quippe
361 660 506 743 Regum,
523 667 575 724 est
598 667 716 723 sancta
741 654 901 734 Ecclesia,
925 656 1066 744 quaein
1087 655 1176 724 bono
1191 667 1234 724 est
1250 673 1337 742 opere
1352 647 1418 744 spiti-

212 758 269 814 tua
288 745 358 814 ium
379 743 577 833 principum
596 743 849 834 praedicatione
873 755 1055 834 generata:
1082 765 1171 831 quae
1193 743 1264 812 dum
1288 739 1359 810 sein
1376 755 1418 802 iir-

212 833 344 903 tutibus
360 844 498 901 sanctae
516 832 785 902 conversationis
809 847 951 914 exercet,
972 833 1055 920 quia
1081 853 1140 920 per
1157 833 1214 901 hoc
1231 829 1286 899 soli
1306 833 1357 896 lteo
1375 825 1418 920 plt-

213 943 289 991 cere
305 921 429 1002 studet,
452 941 519 991 non
548 919 630 990 loris
654 922 813 1010 gloriam,
842 921 900 990 sed
922 923 1016 991 intus
1035 921 1149 991 habet.
1176 921 1230 990 llic
1252 918 1360 988 Paulus
1375 927 1416 978 aii:

214 1014 329 1080 Gloria
340 1021 454 1079 nostra
474 1011 555 1080 liaeo
580 1021 638 1090 cst,
663 1012 886 1078 testimonium
902 1012 1121 1080 conscientiae
1137 1022 1259 1080 nostroe
1273 1012 1315 1092 (2.
1333 999 1415 1078 dor-tl·

136 1179 140 1186 ¹
214 1099 362 1168 Gloriam
381 1121 480 1168 suam
498 1097 679 1188 Apostolus
696 1099 931 1169 testimonium
956 1099 1186 1169 conscientiae
1201 1105 1355 1166 memorat.
1371 1107 1416 1174 qut

213 1187 348 1256 latiores
368 1188 437 1257 oris
462 1187 564 1256 alieni
584 1209 649 1255 uon
668 1201 845 1277 appetens,
870 1188 958 1257 vitae
986 1209 1067 1258 suae
1090 1187 1216 1278 gaudia
1233 1199 1315 1256 eitra
1341 1189 1420 1272 senet·

214 1279 329 1365 ipsum
347 1297 473 1366 ponere
498 1277 688 1366 ignorabat.
711 1275 921 1346 Occultauda
950 1290 1031 1346 sunt
1047 1298 1141 1365 ergo,
1163 1276 1275 1345 fratres
1289 1269 1420 1343 carissimi

213 1365 303 1434 hona
323 1385 411 1450 quae
427 1365 576 1455 agimus,
597 1387 640 1434 oe
656 1365 739 1434 haec
757 1366 792 1434 in
812 1365 917 1454 hujus
942 1367 1029 1435 vitae
1053 1366 1176 1435 itinere
1192 1366 1316 1434 incaute
1329 1369 1422 1451 portit-

213 1466 284 1553 tes‚
317 1453 594 1522 latrocinantium
619 1455 805 1544 spirituum
829 1455 1028 1524 incursione
1082 1453 1253 1524 erdanius.
1276 1457 1346 1522 Ecce
1366 1462 1422 1514 riu

213 1542 269 1610 hic
289 1542 511 1612 beatissimus
531 1543 582 1611 vir
605 1543 855 1624 Barbatianus,
877 1543 981 1631 cujus
1005 1476 1107 1614 hodie
1131 1543 1231 1614 nohis
1252 1541 1371 1612 festinus
1388 1551 1422 1598 itt·

214 1629 291 1730 talis
316 1629 438 1711 illuxit,
462 1652 529 1700 non
555 1629 728 1701 humanae
753 1631 866 1701 laudis
890 1631 1035 1722 gloriam
1058 1633 1166 1721 petiit.
1194 1621 1423 1720 nonlaiorcsht

213 1741 347 1789 minum
374 1720 566 1800 allectavit,
594 1741 661 1790 non
693 1719 736 1788 de
762 1721 910 1790 ostensis
934 1732 981 1790 tot
1013 1721 1191 1790 miraculis
1221 1735 1364 1811 apparere
1382 1729 1423 1796 ipa

213 1807 383 1878 mirabilis
412 1808 538 1890 voluit,
563 1829 628 1877 non
658 1807 701 1878 de
728 1807 862 1878 collatis
888 1811 988 1879 totio
1010 1808 1196 1900 languidos
1219 1798 1423 1890 beneficiislii·

213 1917 336 1966 manae
353 1897 588 1966 retributionis
605 1897 798 1986 praemium
816 1898 1033 1988 exspectavit:
1048 1899 1252 1986 quin-etiam
1268 1883 1423 1967 medicinati

212 1986 361 2055 exercitii
380 1984 622 2076 praetendebat
639 1986 800 2076 speciem,
818 1999 856 2057 ut
870 1985 1104 2057 clarissimum
1123 1987 1257 2061 virtutis
1272 2007 1342 2056 suae
1356 1986 1423 2076 pisid

213 2074 392 2144 obfuscare
421 2075 578 2144 nitorem.
607 2079 646 2144 Et
672 2075 763 2144 velut
791 2097 955 2166 magnum
980 2076 1066 2145 coeli
1086 2089 1218 2147 astrum
1236 2077 1347 2144 nubem
1362 2077 1423 2160 utlft

213 2163 307 2233 tibus
323 2165 396 2234 suis
414 2163 559 2233 curabat
580 2185 776 2254 opponere,
798 2175 837 2234 ut
864 2164 947 2233 dum
970 2166 1087 2234 minus
1112 2165 1154 2234 ad
1183 2165 1335 2234 exteriora
1356 2151 1423 2246 radii*

213 2274 295 2322 suae
311 2251 399 2322 lucis
415 2252 632 2342 expanderet,
660 2253 759 2340 quasi
780 2253 934 2340 undique
965 2253 999 2320 in
1029 2255 1214 2343 semetipso
1235 2253 1391 2322 collectus.
1407 2257 1423 2303 t

212 2353 400 2429 conspectu
417 2341 545 2410 aeterni
567 2340 654 2412 Solis
695 2341 807 2410 lenius
823 2341 983 2412 eluceret.
1049 2377 1055 2389 ·

253 2433 275 2587 3
299 2436 345 2502 6.
375 2429 468 2499 Libet
484 2441 611 2510 autem,
634 2363 862 2512 dilectissimi,
883 2430 1042 2518 pulcrum
1064 2431 1203 2500 divinae
1219 2424 1425 2520 dispensationis

213 2540 251 2588 or
278 2519 368 2620 inem
391 2518 543 2588 studiose
559 2520 780 2608 perpendere,
804 2519 959 2589 videlicet
982 2517 1129 2608 qualiter
1157 2520 1359 2610 omnipotens
1376 2515 1427 2578 [tiis

214 2607 254 2676 ad
279 2606 546 2676 illuminandam
572 2621 705 2677 noctem
737 2609 824 2678 vitae
855 2608 1062 2698 praesentis,
1090 2606 1206 2679 stellas
1234 2631 1311 2678 suas
1332 2607 1360 2674 in
1377 2589 1426 2666 tttll

214 2696 334 2766 faciem
355 2697 498 2774 mittere,
522 2709 555 2764 et
580 2717 641 2784 per
667 2698 846 2766 castutius
871 2696 992 2766 mundi
1013 2696 1178 2766 decernat
1200 2697 1366 2788 caliginem
1383 2683 1427 2754 illu·

215 2797 321 2856 strare
338 2809 344 2850 :
364 2797 402 2854 ut
418 2785 501 2854 dum
524 2783 691 2875 fulgentia
708 2797 799 2854 astra
814 2785 947 2855 radiare
965 2807 1025 2876 per
1039 2785 1125 2855 coeli
1140 2785 1279 2856 climata
1293 2781 1426 2869 cerninus·

214 2875 381 2972 inoll'enso
407 2875 490 2963 pede
514 2874 627 2962 operis
652 2875 715 2944 iter
733 2887 868 2945 nostrae
895 2875 1005 2944 noctis
1024 2873 1257 2944 ambulemus.
1277 2875 1357 2944 Sicut
1374 2875 1428 2934 tull

161 3043 164 3049 ‚
214 2975 405 3032 matutinus
437 2961 583 3043 luciler,
610 2963 716 3032 solem
749 2963 982 3052 praecedens,
1009 2965 1052 3034 ab
1080 2964 1239 3034 orientali
1265 2963 1351 3053 prius
1369 2953 1428 3046 plag

214 3050 412 3140 consurgit,
439 3051 564 3120 deinde
593 3052 776 3121 meridiani
804 3052 953 3122 climatis
983 3054 1162 3142 superiora
1192 3049 1428 3122 conscendito

214 3153 562 3240 extremumquoque
579 3162 708 3230 pronus
728 3142 762 3208 in
781 3140 965 3210 occiduum
984 3163 1079 3210 axem
1101 3144 1220 3232 vergit,
1241 3143 1289 3213 sic
1305 3136 1428 3218 nimirum·

214 3249 264 3298 sic
280 3228 501 3300 beatissimus
519 3229 696 3299 consessor
713 3229 836 3300 Christi
860 3229 1098 3311 BarbatianuS,
1118 3230 1160 3299 de
1177 3227 1377 3300 antiochenis
1388 3218 1430 3288 ltl·

214 3317 292 3399 hus,
311 3315 404 3385 uode
422 3316 593 3388 oriundus
617 3317 738 3400 luerat,
770 3318 861 3399 exiit,
887 3331 919 3387 et
938 3323 1081 3388 Romam
1109 3321 1345 3409 pertransiens,
1368 3303 1429 3382 milti

214 3427 287 3474 eam
308 3405 555 3476 miraculorum
578 3406 654 3476 luce
680 3406 840 3498 perludit.
865 3408 1043 3477 ¹Postremo
1063 3413 1260 3478 Ravennam
1279 3425 1374 3496 usque-
1390 3410 1430 3486 pii·

214 3496 368 3594 veniens,
388 3495 573 3574 Christum,
593 3497 653 3583 qui
673 3509 723 3566 est
748 3496 795 3566 sol
813 3496 980 3597 justitiae,
1000 3495 1162 3586 plurimis
1187 3497 1356 3566 hominum
1378 3499 1431 3578 iiten·

215 3583 306 3654 tibus
330 3583 530 3654 introduxit.
557 3585 754 3654 Antiochiae
779 3585 909 3654 scilicet
938 3584 1120 3676 splendore
1140 3588 1195 3654 sui
1217 3597 1311 3656 ortus
1329 3577 1424 3654 emicuit

214 3676 341 3741 Romae
360 3673 529 3760 plurimos
550 3672 728 3762 signorum
750 3673 924 3764 igniculos
947 3674 1085 3774 sparsit,
1109 3675 1229 3744 urbem
1251 3695 1326 3745 vero
1348 3676 1430 3758 ltatrjssj

216 3782 295 3830 nam
317 3760 410 3832 velut
440 3783 566 3832 occasu
594 3763 819 3832 sacratissimi
843 3763 898 3833 sui
921 3763 1036 3833 obitus
1061 3761 1255 3833 illustravit.
1284 3768 1328 3832 lta
1350 3759 1431 3842 ιιιιιιίι

215 3851 439 3920 sacratissimi
455 3850 561 3952 hujus
576 3850 651 3934 viri,
673 3850 763 3920 velut
780 3851 856 3920 novi
874 3851 1057 3942 splendore
1074 3851 1220 3933 lucileri,
1237 3854 1271 3920 in
1290 3849 1432 3920 iritusiu

217 3939 414 4030 praecipuis
439 3939 639 4029 regionibus
664 3951 755 4010 totus
779 3940 896 4010 rutilat
915 3939 1081 4021 mundus,
1108 3940 1249 4012 dumio
1274 3940 1334 4009 alia
1356 3920 1431 4002 nicil

215 4028 316 4128 plaga
335 4028 412 4115 ejus
429 4029 582 4098 cernitur
601 4041 707 4107 ortus,
726 4031 761 4097 in
786 4029 853 4098 alia
873 4029 1130 4116 quodammodo
1151 4029 1284 4099 videtur
1305 4033 1430 4111 ascensu-³·

216 4137 249 4182 ιιι
268 4117 365 4186 tertia
382 4115 575 4187 celebratur
598 4139 753 4191 occasus.
782 4124 830 4198 Et,
860 4118 950 4188 sicut
966 4117 1008 4188 de
1031 4119 1253 4208 compatriota
1268 4117 1337 4205 ejus
1353 4113 1432 4195 beatis·

215 4202 303 4301 simo
326 4203 550 4294 Apollinare*
570 4206 604 4274 in
622 4207 690 4276 alio
706 4227 864 4276 sermone
882 4207 954 4296 jam
972 4205 1134 4289 diximus,
1162 4229 1264 4296 quam
1291 4214 1365 4274 recte
1382 4195 1432 4262 hut*

218 4286 350 4358 luciferi
368 4313 491 4362 nomen
517 4295 688 4385 congruit,
715 4295 775 4384 qui
800 4301 943 4366 Romam
970 4297 1159 4387 ingressus,
1179 4299 1321 4388 primurn
1339 4289 1432 4354 viniis

242 4409 254 4434 *
269 4411 290 4450 S.
301 4415 442 4462 apollinarii
451 4419 519 4460 Hert.
532 4418 585 4461 vti·
593 4419 694 4462 habetur
704 4423 729 4462 lu
739 4423 789 4463 Vol.
799 4433 837 4470 vu,
846 4432 898 4474 pag.
910 4424 956 4470 lta,
965 4423 1009 4464 otc.
