2960 4824
42 265 107 330 unt.
137 265 171 330 t3
393 283 430 330 nu
454 285 480 330 s.
508 282 603 332 uucrx
629 284 712 330 vino.
740 285 777 330 un
801 284 896 330 uanr.
1171 267 1235 332 327

69 369 143 453 §a
169 373 261 438 Tunc
277 366 468 438 consularis
487 369 592 458 jussit
614 369 726 440 venire
743 367 895 448 lenones,
922 377 954 438 et
979 367 1118 438 tradidit
1141 389 1217 439 eam
1238 369 1278 438 il-

37 453 76 534 lis,
96 455 227 525 dicens:
255 456 433 526 «lutitate
458 457 624 548 populum
644 457 687 526 ad
705 457 894 526 castitatem
912 455 998 544 ejus
1025 471 1057 528 et
1080 457 1181 527 tacite
1202 481 1276 528 eam

36 543 132 613 tandiu
153 543 265 627 illudi,
292 545 400 614 donec
426 559 559 616 mortua
584 549 779 616 nunciatur.
800 569 817 613 »
837 550 876 616 nt
904 546 964 615 ubi
989 567 1063 614 eam
1092 558 1278 637 coeperunt

34 633 99 700 nelle
119 633 247 704 trahere
260 633 303 702 ad
323 634 479 724 lupanar,
496 646 588 704 tanto
603 635 752 725 pondere
768 633 840 704 fixit
855 656 929 704 eam
952 635 1100 724 Spiritus
1119 641 1274 717 Sanctus,

33 733 59 787 ut
79 723 204 810 penitus
223 724 349 792 moneri
374 746 439 792 non
461 736 584 815 posset.
612 723 814 794 decedentes
839 735 951 792 autem
978 723 1083 792 simul
1111 725 1211 794 multi
1236 745 1278 793 ex

30 809 131 890 allicio,
158 811 372 900 impellentes
395 825 427 882 et
451 813 634 892 trahentes,
662 811 867 882 deficiebant
882 811 1018 891 sudore,
1045 826 1078 881 et
1102 814 1197 904 virgo
1213 818 1278 882 Do'-

30 900 98 966 mini
120 901 308 970 immobilis
331 901 548 972 consistebat.
568 907 662 972 Tunc
688 902 856 970 miserunt
877 899 976 970 funes
1003 901 1035 968 in
1064 923 1188 972 manus
1203 901 1277 988 ejus

28 999 53 1055 at
72 988 177 1076 pedes
199 1003 233 1058 et
251 1004 437 1078 coeperunt
456 1010 575 1060 omnes
601 991 727 1080 pariter
743 989 887 1068 trahere,
914 1003 946 1058 et
971 988 1030 1057 illa
1053 990 1153 1076 quasi
1179 1012 1278 1061 mons

28 1077 194 1147 immobilis
225 1079 456 1168 permanebat.
484 1085 602 1165 ltaque
638 1077 816 1168 angustari
840 1079 951 1178 coepit
984 1077 1213 1158 PaschasiuS‚
1244 1090 1277 1148 et

27 1186 159 1236 moerore
183 1165 342 1248 deficere
370 1181 402 1236 et
426 1170 556 1238 vocavit
588 1189 717 1258 magos,
744 1181 777 1236 et
793 1188 983 1256 aruspices,
1009 1180 1042 1236 et
1071 1167 1277 1256 templorum

27 1256 160 1323 omnium
187 1255 393 1338 sacerdotes,
409 1258 469 1344 qui
492 1254 632 1343 quidem
651 1277 771 1326 omnes
792 1255 993 1324 exercebant
1017 1257 1278 1344 superstitiones

27 1364 93 1412 snas
113 1354 230 1414 contra
246 1367 335 1425 eam,
363 1358 401 1416 ut
417 1357 624 1415 moveretur:
652 1343 708 1414 sed
729 1346 775 1414 ita
791 1345 1013 1434 permanebat
1037 1344 1103 1414 lixa
1122 1365 1276 1435 corpore,

25 1445 55 1498 ut
72 1435 199 1521 penitus
223 1434 301 1522 esus
321 1434 462 1524 vestigia
492 1457 559 1503 non
586 1446 813 1502 moverentur.
842 1439 936 1500 Tunc
964 1433 1168 1503 Paschasius
1200 1432 1279 1503 lotio

25 1541 83 1588 narn
108 1456 268 1611 perfundi
290 1522 407 1609 jussit,
439 1521 582 1593 credens
606 1521 698 1610 quod
730 1520 909 1590 maleficiis
942 1533 1045 1590 staret
1076 1521 1277 1591 immobilis.

27 1613 92 1675 ltem
114 1611 265 1680 adducta
289 1624 370 1679 sunt
399 1612 506 1682 multa
535 1611 631 1701 paria
661 1611 794 1692 boum,
821 1622 858 1678 ut
886 1609 929 1678 ab
954 1609 1040 1696 ipsis
1065 1609 1276 1692 traheretur,

25 1709 50 1762 et
69 1699 204 1768 omnino
230 1700 357 1769 moveri
379 1721 446 1769 non
473 1712 612 1790 poterat.
643 1700 727 1772 Dicit
750 1721 831 1790 argo
855 1698 885 1766 ei
903 1698 1127 1768 Paschasius:
1150 1704 1279 1782 «Quae

26 1801 90 1854 sunt
111 1789 172 1857 ista
198 1788 370 1858 maleficia
394 1793 474 1858 tual
493 1813 509 1856 n
531 1791 633 1858 Lucia
653 1789 760 1856 dixit:
788 1793 893 1856 «Ista
918 1787 1083 1856 meleficia
1106 1809 1174 1856 non
1195 1800 1280 1858 sunt

27 1895 95 1953 mea,
121 1877 177 1946 sed
200 1877 370 1947 beneficia
388 1879 456 1948 Dei.
477 1877 716 1948 »Paschasius
741 1876 842 1946 dixit:
863 1899 880 1942 c
898 1879 991 1958 Quae
1005 1877 1089 1945 ratio
1106 1889 1168 1957 est,
1188 1877 1280 1963 quod

28 1964 120 2048 puella
136 1965 285 2067 fragilis,
312 1989 332 2036 a
358 1966 451 2036 mille
475 1979 578 2036 tracta
610 1965 821 2046 hominibus,
846 1987 911 2031 non
945 1966 1147 2034 moverisln
1178 1967 1281 2034 Lucia

27 2050 110 2120 dixit:
133 2059 202 2124 «St
226 2054 295 2124 alia
326 2055 441 2124 decem
476 2055 585 2124 millia
608 2054 805 2135 adduxeris,
831 2052 974 2122 audient
999 2053 1083 2138 mihi
1114 2054 1280 2142 Spiritum

26 2145 166 2214 Sanctum
184 2144 380 2212 dicantem:
403 2145 528 2216 Cadent
545 2167 566 2214 a
584 2147 689 2213 latare
713 2153 769 2212 too
792 2144 907 2222 milla,
933 2151 965 2210 at
985 2141 1095 2210 decern
1118 2144 1233 2211 millio
1258 2165 1280 2211 o

26 2230 221 2302 dentristuis
241 2231 383 2322 (Psalm.
410 2233 479 2324 90).
501 2256 518 2299 »
1124 2317 1129 2330 ι
1187 2318 1193 2328 ι

58 2319 123 2404 ξῖ.
145 2321 384 2408 Torquebatur
401 2323 514 2412 itaqua
527 2321 643 2390 animo
664 2319 879 2400 Paschasius,
902 2331 936 2388 et
951 2319 1038 2388 iuter
1057 2331 1280 2408 cogitationes

27 2409 222 2479 atriseerum
257 2410 491 2479 cruciamenta
520 2409 703 2478 clamabat.
731 2409 790 2477 Cui
816 2409 912 2492 beata
938 2408 1031 2496 virgo
1056 2408 1122 2476 ait:
1156 2405 1279 2488 «Quid

26 2499 198 2568 cruciaris?
215 2497 307 2580 Quid
327 2499 528 2588 perdiversa
549 2497 672 2568 mentis
686 2511 763 2567 tuae
781 2509 948 2566 tormenta
973 2497 1167 2583 torqueris?
1183 2501 1278 2564 Tem·

27 2582 103 2666 plum
122 2588 176 2656 Dei
193 2609 253 2656 me
276 2609 350 2656 esse
366 2588 393 2656 si
420 2585 582 2677 probasti,
604 2587 677 2676 jann
699 2586 817 2655 crede:
844 2584 873 2654 si
899 2605 966 2653 non
994 2585 1158 2675 probasti,
1186 2584 1280 2654 disce

27 2675 166 2762 uagis.»
191 2675 400 2747 Paschasius
425 2697 502 2744 vero
535 2696 573 2743 eo
600 2674 709 2764 magis
740 2672 948 2754 anhelabat,
975 2675 1066 2761 quod
1100 2673 1142 2743 de
1166 2673 1280 2762 seipso

26 2761 114 2829 nisum
130 2765 196 2833 sibi
223 2763 376 2834 exhiberi
400 2763 570 2832 cernebat.
598 2769 692 2832 Tunc
718 2763 832 2852 ignem
851 2763 943 2832 eirea
969 2763 1078 2852 ipsam
1101 2763 1279 2852 copiosum

26 2845 87 2917 lecit
108 2852 264 2932 accendi,
292 2853 338 2922 ita
358 2866 396 2921 ut
419 2852 542 2942 picem,
569 2865 600 2921 et
630 2851 790 2934 resinam,
817 2863 849 2920 et
879 2849 1012 2922 larveus
1036 2852 1148 2922 oleum
1176 2873 1281 2940 super

25 2959 84 3007 eam
105 2941 284 3028 jactarent.
304 2948 343 3012 tlt
367 2941 425 3011 illa
441 2942 475 3010 in
502 2941 640 3010 nomine
654 2939 787 3010 Domini
806 2941 912 3010 nostri
935 2946 1018 3010 lesu
1039 2941 1163 3010 Christi
1189 2941 1281 3010 stetit
1383 3021 1386 3025 ,

26 3025 206 3113 immobilis,
235 3031 354 3101 dicens
377 3030 431 3098 ei:
453 3053 470 3098 a
489 3035 557 3120 Ego
576 3030 690 3118 rogavi
718 3029 900 3098 Dominum
920 3051 1032 3098 meum
1051 3029 1167 3100 lesum
1185 3028 1280 3098 Chri-

25 3127 110 3199 stum,
131 3133 168 3188 ut
188 3120 282 3209 ignis
301 3119 362 3188 iste
389 3139 454 3188 non
480 3117 677 3188 dominetur
693 3119 727 3187 in
747 3139 810 3200 me,
831 3131 869 3186 ut
894 3117 954 3184 tibi
985 3117 1152 3188 insultent
1173 3119 1279 3187 confi-

25 3200 124 3275 ‹lentes
147 3209 180 3276 in
210 3207 354 3277 Christo.
378 3213 417 3276 Et
440 3207 516 3276 ideo
544 3207 644 3296 petivi
676 3205 833 3276 inducias
855 3205 1011 3294 martyrii
1037 3207 1114 3286 mei,
1144 3220 1183 3276 ut
1206 3228 1280 3276 cre-

26 3287 166 3384 dentibus
191 3297 350 3366 timorem
377 3295 529 3366 tollerem
559 3296 740 3386 passionis,
770 3308 802 3364 et
826 3316 894 3363 non
919 3293 1139 3364 credentibus
1164 3315 1278 3365 vocem

27 3382 240 3455 insultationis
265 3384 484 3454 auferrem.»
565 3437 567 3440 -

58 3471 130 3556 ξδ.
156 3479 254 3544 Tunc
278 3473 457 3563 angustari
481 3471 703 3542 Paschasium
723 3493 788 3540 non
811 3471 956 3543 terentes
973 3473 1076 3541 amici
1100 3471 1188 3560 ejus,
1206 3471 1279 3560 gla-

26 3554 104 3628 dium
132 3561 166 3632 in
184 3563 261 3652 ejus
285 3563 414 3633 viscera
446 3562 554 3652 mergi
579 3559 743 3631 lecerunt.
771 3562 881 3650 Igitur
906 3583 1084 3650 percussa,
1111 3559 1280 3649 quamdiu

29 3644 124 3730 noluit,
142 3652 265 3735 oravit;
284 3651 452 3738 quamdiu
468 3650 585 3730 voluit,
603 3649 751 3719 allocuta
768 3664 818 3718 est
833 3648 967 3718 turbam
984 3649 1277 3730 circumstantem,

28 3729 146 3828 dicans:
167 3764 186 3806 a
208 3739 389 3812 annuncio
405 3740 500 3810 vobis
525 3760 643 3829 pacem
670 3737 840 3808 Ecclesiae
865 3739 922 3807 ltei
952 3737 1130 3820 redditam,
1151 3736 1281 3806 Diocle-

30 3835 101 3892 tiano
124 3827 165 3898 de
190 3850 297 3918 regno
314 3851 377 3900 suo
401 3829 541 3918 dejecto,
569 3841 601 3896 et
620 3826 825 3896 Maximiano
851 3826 952 3895 hodie
969 3841 1114 3896 mortuo.
1132 3831 1170 3894 Et
1191 3824 1282 3894 sicut

33 3909 112 3982 lubet
135 3917 377 3986 Catanensium
396 3919 516 3986 civitas
547 3915 819 3986 interventricem
852 3937 913 4005 pro
933 3935 969 3984 se
993 3936 1141 3984 sororem
1169 3935 1280 3984 meam

34 4002 172 4086 lgnthen,
194 4008 242 4075 ita
267 4027 322 4074 me
340 4006 455 4075 sciatis
477 4005 557 4075 huic
574 4004 702 4074 civitati
726 4003 839 4072 datam
857 4026 877 4072 a
901 4003 1055 4085 Domino,
1075 4003 1104 4072 si
1125 4001 1281 4072 volunta-

35 4101 81 4155 tem
98 4091 173 4178 ejus
192 4093 366 4175 facientes,
393 4094 613 4184 susceperitis
630 4091 746 4162 fidem.
764 4115 782 4160 n
796 4097 886 4161 Haec
901 4091 1058 4179 loquente
1075 4089 1204 4160 famula
1221 4092 1281 4160 Dei

37 4174 125 4261 lucia,
150 4195 190 4251 ut
213 4181 377 4265 diximus,
405 4183 595 4254 visceribus
610 4181 725 4272 gladio
751 4180 937 4270 patefactis,
964 4194 1041 4250 ante
1065 4180 1183 4250 oculos
1207 4182 1281 4270 ejus

37 4256 103 4358 lerna
122 4269 255 4343 rinctus
272 4271 462 4342 ducebatur
485 4270 702 4342 Paschasius.
730 4274 958 4340 cucurrerant
980 4269 1072 4338 enim
1098 4269 1281 4340 relationes

38 4351 228 4440 baulorum,
257 4359 348 4446 quod
374 4360 493 4435 luisset
517 4359 701 4451 praedatus
725 4359 947 4448 provinciam.
981 4357 1066 4427 Inde
1096 4359 1305 4448 perductus·
