3046 4838
265 244 304 308 at
627 260 665 306 ou
688 259 716 304 s.
738 258 841 306 aricio
865 261 913 306 ur.
941 215 1072 306 novior.
1353 239 1437 304 DEC.
1463 243 1474 302 l

219 345 424 415 salvatorem
437 355 591 415 nostrum
606 348 725 419 lesum
736 343 907 413 Christum
925 343 1067 412 minime
1083 342 1208 413 habere
1220 341 1368 412 sormam
1384 342 1478 424 servi,

217 455 328 520 neque
349 455 427 502 eum
454 455 495 503 ex
523 433 628 502 llaria
656 453 769 502 veram
794 433 1024 522 assumpsisse
1047 453 1211 512 carnem,
1242 429 1400 521 profanis
1430 453 1503 506 vo·,

218 523 317 593 cibus
336 522 542 613 garriebant.
570 526 663 604 Quae
678 543 731 590 res
748 519 918 610 plurimos
942 521 976 589 in
1002 520 1152 590 Ecclesia
1171 520 1228 591 Dei
1247 519 1480 622 perturbabat,

217 623 249 680 et
262 610 525 700 plerosquejam
543 611 739 700 contagium
757 609 863 698 hujus
879 609 1055 700 pestiferae
1074 608 1273 679 assertionis
1299 607 1480 678 infecerat:
1502 695 1503 698 Ἴ

217 721 279 768 nec
304 699 415 770 solum
441 700 555 778 urbes,
583 699 616 766 in
642 698 769 784 quihus
795 700 1028 780 morabantur,
1048 698 1107 768 sed
1123 700 1305 778 eturbem‚
1328 709 1483 784 quaeest

217 800 320 877 caput
335 789 504 868 omnium,
526 793 666 856 Romam
687 786 850 877 paulatim
868 788 940 876 jam
967 809 1084 857 eorum
1104 787 1252 877 pravitas
1267 786 1479 876 penetrabat.
1502 859 1503 862 ,

217 881 295 946 Erat
321 890 434 946 autem
463 898 502 946 eo
534 889 685 965 tempore
709 881 838 945 Romae
871 875 1006 966 praesul
1033 876 1251 947 beatissimus
1277 879 1373 964 Papa
1397 880 1481 942 llar-

218 965 311 1034 tinus
328 965 365 1032 *:
391 965 450 1051 qui
476 964 617 1035 sollicite
641 986 680 1032 ac
702 963 842 1034 viriliter
860 987 920 1053 pro
943 965 1008 1033 hac
1032 987 1136 1034 causa
1161 963 1362 1052 invigilans,
1382 963 1481 1032 adeo-

217 1075 284 1138 que
308 1075 480 1142 pugnans,
504 1052 611 1122 multa
640 1053 764 1142 probra
785 1065 818 1124 et
836 1053 978 1124 adversa
1005 1053 1047 1122 ab
1074 1053 1252 1122 haereticis
1277 1051 1478 1124 sustinebat.

219 1142 314 1212 Unde
335 1141 469 1211 tandem
489 1154 674 1232 permotus,
700 1164 779 1211 cum
797 1154 829 1211 et
848 1148 1103 1231 Imperatorem,
1123 1153 1155 1210 et
1173 1140 1289 1231 plures
1305 1140 1396 1210 alios
1413 1161 1481 1209 cer-

219 1243 312 1300 neret
336 1253 453 1301 eorum
470 1230 717 1300 assertionibus
737 1230 866 1300 intento
885 1231 968 1300 satis
985 1231 1100 1300 animo
1124 1229 1376 1310 obsecundare,
1404 1249 1481 1298 con-

218 1321 370 1409 gregavit
385 1319 570 1389 coucilium
589 1318 803 1389 sacerdotum
819 1322 925 1391 causa
948 1318 1200 1420 compescendi,
1219 1319 1327 1388 immo
1345 1317 1480 1386 delendi

217 1409 322 1496 hujus
339 1408 509 1498 dogmatis
527 1408 739 1497 pravitatem.
765 1413 803 1476 ln
828 1429 895 1494 quo
915 1407 1071 1488 concilia,
1098 1408 1261 1477 omnibus
1284 1406 1482 1477 orthodoxis
1502 1439 1503 1453 κ

217 1496 530 1578 consentientibuS,
556 1495 663 1566 edidit
686 1509 803 1566 contra
828 1495 1013 1566 haereticos
1042 1495 1145 1565 iidem
1172 1495 1356 1584 magnifice
1389 1493 1481 1564 valde

217 1596 320 1672 atque
337 1599 506 1656 accurate.
529 1590 636 1668 Quam
660 1586 762 1654 etiam
787 1606 866 1653 cum
895 1585 1078 1674 subjuncta
1109 1583 1269 1675 Epistola,
1292 1583 1480 1654 Galliarum

218 1674 371 1764 partibus
387 1673 579 1754 destinavit,
598 1672 766 1742 mandans
789 1685 821 1741 et
845 1675 1018 1744 obtestans
1043 1679 1166 1762 Regem
1187 1677 1412 1750 Francorum,
1432 1683 1477 1748 ut,
1502 1683 1503 1760 }

217 1762 245 1832 si
269 1775 382 1833 essent
405 1764 435 1831 ei
461 1763 522 1831 viri
546 1761 704 1832 catholici
724 1761 862 1842 eruditi,
889 1783 945 1831 eos
966 1763 1033 1852 ipsi
1053 1761 1307 1832 adminiculum
1333 1761 1377 1832 ad
1406 1761 1503 1852 hae-l

217 1851 319 1920 resim
350 1850 644 1941 comprimendam
670 1849 793 1920 faceret
813 1849 989 1919 destinari.
1021 1856 1094 1934 Quo
1124 1862 1204 1920 tunc
1223 1851 1326 1920 etiam
1355 1849 1503 1938 Eligiusl

216 1960 295 2009 cum
316 1939 425 2008 sodali
451 1961 513 2010 suo
531 1939 755 2008 libentissime
772 1939 984 2028 perrexisset,
1013 1940 1077 2010 nisi
1099 1940 1130 2008 ci
1155 1960 1208 2009 res
1224 1939 1397 2026 quaedam
1423 1939 1480 2004 im·
1502 2025 1503 2030 ἵ

216 2028 411 2119 pedimento
429 2027 559 2098 fuisset.
1154 2063 1157 2070 ·
1473 2110 1478 2120 Ι

259 2120 374 2204 Μ.
402 2117 464 2186 Sed
491 2116 646 2196 interim,
678 2115 842 2184 dilatione
870 2115 1120 2195 intercedente,
1150 2115 1313 2185 inimicus
1340 2115 1480 2183 humani

238 2207 351 2274 oneris
381 2206 493 2275 acrius
517 2206 701 2284 incitatuS,
726 2203 885 2293 pulsabat
908 2203 1037 2273 sortiter
1061 2225 1198 2274 murum
1229 2203 1402 2274 Ecclesiae
1427 2220 1480 2290 per

215 2228 372 2364 homines
388 2294 548 2384 perditos
566 2316 605 2362 ac
620 2294 741 2363 turrim
763 2291 1009 2362 validissimam
1022 2293 1115 2361 omni
1137 2292 1409 2392 oppugnationis
1427 2311 1478 2378 ge·

215 2405 295 2452 nere
308 2383 488 2452 infestabat
499 2381 694 2462 llartinum,
713 2381 1139 2471 perpetuisalllictionibus
1157 2380 1254 2448 illum
1273 2383 1478 2470 Episcopum

216 2471 258 2540 ad
277 2493 312 2539 se
330 2471 500 2540 inllectere
517 2471 671 2560 cupiens.
692 2470 754 2540 Sed
772 2471 929 2557 quamvis
954 2471 1113 2560 impurus
1133 2470 1276 2559 spiritus
1291 2470 1390 2538 omni
1406 2466 1479 2535 nisu

215 2570 385 2649 pugnaret
404 2570 568 2639 armatus,
595 2569 742 2628 attamen
769 2558 946 2628 resistebat
971 2559 1147 2638 Martinus,
1170 2558 1292 2627 Christi
1318 2558 1430 2648 gratid
1452 2565 1503 2652 et.

214 2649 338 2718 virtute
354 2647 526 2736 repletus:
553 2669 591 2716 ac
612 2646 714 2716 veluti
736 2647 764 2718 si
788 2669 868 2716 saxo
891 2647 1059 2716 immobili
1076 2646 1248 2716 undarum
1274 2647 1403 2717 ssuctus
1420 2642 1481 2711 ilh-
1502 2668 1503 2682 ¹

214 2735 366 2816 dantur,
393 2737 440 2804 ita
465 2735 553 2804 virili
578 2736 693 2804 animo
716 2735 807 2805 dicta
840 2736 1021 2824 respuebat
1049 2735 1304 2804 haereticorum
1328 2733 1503 2825 garrieng

212 2823 313 2893 tium.
339 2824 511 2894 lubebant
529 2823 661 2892 decreta
687 2823 889 2914 imperialia,
910 2835 948 2894 ut
963 2823 1063 2893 fidem
1084 2824 1198 2893 ederet
1218 2823 1378 2894 Patribus
1403 2841 1480 2890 con·
1502 2855 1503 2884 t

215 2912 382 2982 trariam:
409 2912 467 2982 sed
496 2912 576 2994 ille,
606 2911 662 2981 cui
695 2933 792 2981 sacra
816 2913 900 2982 fides
925 2911 1128 2983 venerabilis
1155 2925 1251 2993 erat,
1286 2921 1481 2982 constanter
1502 2913 1503 2976 ζ

215 2999 407 3070 affirmabat
430 3023 465 3071 se
490 3023 556 3070 non
581 3021 678 3090 posse
695 3001 802 3089 impia
828 3015 944 3070 contra
967 3006 1073 3070 Deum
1092 3000 1241 3090 proferre
1259 3000 1374 3080 verba,
1402 3017 1478 3093 con3

215 3089 340 3159 sultius
366 3088 436 3158 sore
460 3090 670 3170 existimans,
695 3089 914 3179 temporalem
936 3111 1062 3178 ponere
1086 3091 1201 3170 vitam,
1229 3100 1364 3159 tantum
1391 3100 1429 3157 ut
1451 3104 1503 3152 er1

214 3177 421 3249 conscientia
448 3178 525 3248 fidei
544 3177 682 3248 duraret
712 3177 840 3248 illaesa.
871 3180 1034 3248 Novimus
1057 3178 1241 3265 quemdam
1270 3177 1436 3255 lratrem‚
1462 3193 1503 3262 a¹

214 3267 371 3358 partibus
390 3266 536 3336 Orientis
558 3268 769 3347 venientem,
799 3268 860 3354 qui
886 3289 948 3346 ca,
977 3289 1064 3354 quae
1094 3266 1212 3346 resero,
1243 3289 1279 3337 se
1306 3273 1503 3357 praesente}

214 3370 309 3446 gesta
323 3377 398 3426 esse
419 3356 614 3424 testabatur.
641 3361 758 3442 ltaque
776 3378 855 3424 cum
882 3353 977 3424 nullo
1002 3356 1236 3445 persuasionis
1257 3377 1381 3456 genere
1399 3357 1480 3422 llar-

213 3446 308 3516 tiuus
325 3468 344 3514 a
364 3443 530 3514 catholica
548 3443 775 3514 abduceretur
798 3443 876 3526 fide,
900 3443 1153 3532 multiplicibus
1170 3445 1309 3534 injuriis
1325 3443 1476 3515 allectus,
1502 3483 1503 3486 ¹

213 3533 342 3621 diuque
361 3555 476 3603 coram
505 3529 870 3634 populossagellatus,
894 3532 1035 3602 demum
1061 3533 1221 3603 revinctis
1247 3546 1321 3623 post
1345 3545 1476 3618 tergum

213 3623 386 3704 manibus,
415 3621 506 3692 velut
520 3621 647 3691 electus
662 3643 762 3704 aries,
780 3633 903 3692 cuncta
921 3620 1008 3691 Urbe
1025 3621 1244 3702 lamentante,
1265 3623 1300 3691 in
1320 3618 1477 3690 exsilium

212 3711 438 3799 protruditur,
455 3709 851 3799 constantinopolimque
870 3694 1065 3799 perductus,
1085 3724 1185 3796 atque
1202 3711 1251 3780 ibi
1267 3712 1301 3778 in
1320 3706 1476 3780 exsilium

212 3798 394 3888 relegatus,
416 3799 488 3869 sola
506 3799 658 3868 oratione
675 3798 799 3868 meruit
813 3821 913 3869 caeco
930 3799 1062 3868 lumina
1077 3799 1229 3870 reddere.
1254 3805 1356 3869 Porro
1380 3813 1477 3864 exsu-

212 3885 289 3954 lans
313 3899 345 3954 et
360 3886 573 3968 delitescens,
595 3898 670 3976 post
688 3886 796 3956 multa
820 3899 1000 3969 tormenta,
1016 3886 1144 3956 claram
1163 3887 1260 3958 valde
1279 3899 1312 3958 et
1332 3882 1476 3978 nobilem

211 3975 316 4043 vitam
334 3975 463 4064 optimo
480 3989 513 4045 et
530 3974 715 4045 venerabili
735 3975 804 4044 fine
823 3976 999 4047 conclusit.
1021 3975 1191 4046 Simulent
1211 3999 1304 4045 nunc
1319 3976 1476 4044 haeretici

210 4075 379 4150 quantum
410 4063 538 4145 volunt,
563 4063 821 4134 confundantur
846 4076 879 4134 et
899 4065 1105 4144 erubescant
1129 4088 1149 4134 a
1174 4087 1211 4134 se
1231 4074 1413 4154 martyrem
1431 4056 1475 4153 la·

212 4163 319 4232 ctum,
338 4153 496 4238 quamvis
515 4174 595 4221 eum
610 4153 643 4220 in
663 4175 744 4243 pace
761 4153 912 4222 animam
930 4151 1107 4223 exhalasse
1122 4153 1309 4233 clamitent,
1325 4160 1475 4239 quamvls

214 4260 280 4309 non
307 4262 328 4310 a
354 4261 390 4310 se
417 4241 684 4330 interemptum,
711 4240 770 4310 sed
797 4241 935 4332 propria
960 4241 1093 4332 fingant
1123 4257 1230 4312 morte
1257 4239 1472 4312 defunctum:

239 4367 251 4393 ⁸
267 4367 343 4416 Hujus
354 4369 429 4416 Papae
441 4365 568 4407 distortam
579 4368 629 4418 lego
641 4368 747 4416 inhujus
758 4369 870 4408 surianae
879 4367 991 4408 editionls
1002 4364 1051 4409 Vol.
1067 4368 1104 4414 xl,
1113 4378 1163 4418 pag.
1175 4369 1221 4408 421.
