2972 4826
233 277 296 340 att
577 294 615 338 os
639 293 685 340 ss.
713 291 791 340 svno
815 293 852 339 ur
877 293 1002 341 rvcnrro
1027 293 1075 340 rr.
1319 273 1424 338 buce
1473 233 1474 236 Ἴ

231 379 248 464 ξ
274 383 339 448 ss.
368 377 493 446 Dehinc
517 390 630 446 exorta
657 375 821 447 adversus
846 375 1057 448 Christianos
1073 377 1275 466 gravissima
1294 397 1426 466 persecu·
1473 379 1474 456 i

189 465 296 548 tione,
326 467 495 535 intantum
522 476 559 534 ut
583 487 642 555 per
669 465 803 534 diversa
829 464 902 535 loca
933 464 1106 554 plurimus
1135 465 1275 556 sanguis
1300 463 1427 534 effunde·

187 567 291 635 retur,
318 554 360 623 ad
386 554 541 623 eamdem
566 554 748 634 civitatem,
776 554 810 622 in
829 574 897 640 qua
919 555 968 622 vir
988 555 1042 623 bei
1070 553 1147 624 talia
1174 555 1272 642 signa
1293 551 1427 632 faciebat,
1473 603 1474 616 ι

187 643 333 743 operarii
360 641 551 732 iniquitatis
577 664 760 732 properare
784 643 985 731 gestierunt,
1013 642 1071 712 sed
1099 665 1184 732 pene
1208 641 1309 716 laotos
1330 661 1429 711 omnes

187 754 278 800 cives
295 731 504 800 Christianos
527 744 784 820 cognoscentes,
807 731 949 800 minime
970 732 1046 801 ausi
1071 743 1153 802 sunt
1175 745 1328 822 appetere
1347 751 1430 807 eam,
1473 741 1474 816 t

190 820 238 888 vel
265 820 390 909 impias
420 839 525 908 super
548 841 606 888 eos
637 841 762 890 manus
787 817 934 901 inlerre,
958 820 1016 888 sed
1048 819 1225 889 advirum
1255 819 1307 889 Dei
1331 838 1432 908 prope·
1473 817 1474 874 l

189 921 315 982 rantes.
342 909 442 995 quasi
466 909 716 977 comminantes
741 907 923 977 dicebant:
951 909 1072 990 «Quis
1091 909 1151 978 tibi
1169 908 1262 978 dedit
1284 907 1365 978 benc
1387 928 1433 995 po·

189 1007 356 1078 testatem,
377 1009 414 1065 ut
432 995 565 1066 nobiles
579 1009 612 1066 et
628 996 798 1098 ignobiles
814 997 1027 1066 Christianae
1043 1009 1154 1067 sectae
1174 995 1434 1088 oppressionibus

187 1107 326 1176 arguas,
344 1098 376 1155 et
394 1085 547 1156 nolentes
567 1107 720 1175 magicae
737 1085 821 1156 artis
838 1098 984 1156 tremore
1003 1085 1193 1168 concutias,
1216 1099 1254 1156 ut
1273 1085 1433 1162 Christum,

188 1197 290 1262 quem
312 1174 435 1244 ludaei
458 1175 716 1254 crucifixerunt,
746 1175 846 1261 quasi
873 1173 983 1244 silium
1004 1175 1061 1244 Dei
1086 1173 1240 1256 adorent,
1267 1195 1363 1262 quern
1387 1193 1435 1240 nee

189 1263 359 1340 viderunt,
382 1284 444 1332 neo
463 1263 568 1332 visuri
588 1277 681 1344 sunt,
701 1275 734 1331 et
749 1262 830 1332 deos
850 1285 957 1338 veros,
984 1284 1072 1350 quos
1087 1268 1247 1334 Romana
1274 1262 1350 1332 colit
1372 1259 1436 1330 reli-

126 1350 134 1366 '
186 1353 255 1442 gio,
282 1351 519 1421 detestentur?
543 1351 576 1420 Si
596 1351 660 1420 boc
680 1351 722 1420 ad
744 1373 844 1420 aures
873 1352 1091 1422 invictissimi
1120 1351 1290 1442 Principis
1311 1350 1435 1420 relatum

189 1441 325 1510 anobis
342 1440 456 1520 luerit,
475 1438 578 1508 simul
597 1453 628 1508 te
647 1463 726 1508 curn
748 1439 800 1508 his
819 1440 994 1520 omnibus,
1017 1440 1078 1528 qui
1093 1452 1152 1511 tuo
1171 1439 1316 1512 oonsilio
1330 1438 1438 1508 adhae-

188 1541 307 1598 serunt
331 1551 370 1598 ac
390 1528 541 1619 dogmati
571 1529 802 1609 consentiunt,
829 1527 948 1598 multis
973 1528 1154 1619 suppliciis
1180 1531 1305 1620 punire
1328 1526 1440 1618 praeci-

190 1619 269 1706 piet.
296 1617 430 1687 Placeat
450 1617 510 1686 tibi
531 1616 714 1686 consilium
737 1629 905 1698 nostrum,
937 1616 1057 1686 recede
1080 1618 1123 1687 ab
1143 1618 1207 1686 lrac
1232 1617 1393 1695 stultitia,
1415 1625 1439 1681 et

190 1705 259 1776 noli
277 1705 533 1778 subversionem
555 1704 666 1775 lacere
681 1705 890 1786 animarum,
917 1727 1005 1792 quae
1029 1727 1107 1775 vero
1131 1707 1241 1778 cultui
1260 1706 1438 1780 servientes,

189 1794 306 1865 vivunt
323 1795 512 1886 pacifice.»
537 1795 597 1864 llis
616 1816 734 1863 eorum
762 1794 981 1865 sermonibus
1005 1794 1225 1866 beatissimus
1248 1801 1355 1884 Syrus
1376 1791 1440 1888 dul3

188 1883 328 1954 cissima
348 1883 557 1973 benignitate
577 1882 810 1972 respondens:
839 1882 1002 1964 «Nolite,
1030 1883 1098 1965 ait,
1125 1883 1210 1965 salli,
1242 1881 1442 1954 dilectissimi

188 1971 263 2052 filii,
294 1993 403 2060 neque
424 1973 587 2060 antiquus
611 1991 706 2040 error
734 1972 768 2040 in
794 1983 903 2040 vestra
924 1984 1037 2042 mente
1057 1987 1281 2062 permaneat,
1314 1973 1372 2060 qui
1396 1991 1442 2058 pa-

188 2073 321 2131 rentum
338 2074 525 2132 vestrorum
544 2061 724 2130 obcaecata
740 2059 844 2130 corda
862 2061 1068 2149 possederat.
1084 2059 1192 2132 Nolite
1206 2061 1352 2131 adorare
1367 2057 1443 2128 idola

188 2162 295 2230 muta,
317 2150 420 2220 surda
438 2163 540 2238 atque
561 2149 759 2228 vanissime,
782 2148 856 2217 sine
875 2171 981 2220 sensu
1000 2161 1032 2218 et
1046 2150 1174 2231 anima,
1194 2171 1287 2238 quae
1306 2150 1441 2220 bumana

188 2238 400 2326 providentia
422 2237 510 2308 lacta
540 2251 621 2307 sunt
644 2235 781 2307 diabolo
811 2250 1026 2326 suggerente,
1052 2239 1135 2325 quia
1162 2260 1204 2307 ne
1230 2252 1341 2309 ueunt
1365 2235 1442 2306 vobis

185 2325 340 2396 conferre
371 2326 560 2412 medelam3
587 2325 645 2396 sed
672 2325 800 2395 credite
828 2327 944 2414 potius
968 2328 1001 2395 in
1029 2330 1134 2396 Deum
1160 2261 1246 2397 colli
1272 2341 1306 2398 et
1330 2341 1442 2400 terrae,

183 2417 411 2501 omniumque
428 2428 664 2484 creaturarum
689 2413 862 2492 lactarem,
882 2414 943 2500 qui
974 2413 1144 2484 mundum
1167 2415 1247 2486 lecit
1271 2439 1313 2486 ex
1337 2413 1442 2488 nihilo.

183 2516 215 2572 et
239 2518 364 2572 terram
385 2503 541 2572 fundavit
564 2525 669 2593 super
689 2524 820 2592 aquas;
847 2505 906 2589 qui
928 2502 1101 2573 limitibus
1133 2506 1244 2576 maria
1269 2503 1446 2576 circumda

183 2591 244 2673 dit,
271 2606 303 2661 et
320 2591 398 2662 lecit
414 2592 541 2671 omnia,
563 2591 706 2678 quaein
732 2591 826 2661 coelo
854 2604 937 2661 sunt
961 2613 1114 2672 sursum,
1145 2593 1231 2662 etin
1255 2607 1347 2664 terra
1369 2605 1399 2662 et
1419 2591 1445 2657 in

182 2681 282 2767 aquis
305 2681 490 2760 deorsum;
518 2681 577 2767 qui
603 2679 753 2750 firmavit
783 2693 907 2749 terram
940 2701 1045 2770 super
1067 2681 1257 2769 abyssum,
1293 2695 1327 2753 et
1356 2699 1448 2768 aquas

183 2769 289 2838 lluere
322 2769 401 2838 lecit
429 2791 468 2838 ex
498 2770 696 2840 summitate
722 2781 898 2857 petrarum
930 2781 963 2838 et
993 2769 1188 2850 montium;
1214 2772 1276 2858 qui
1303 2768 1448 2861 producit

183 2857 328 2926 flumina
354 2879 395 2926 ex
422 2857 560 2938 abditis,
591 2872 624 2926 et
649 2857 881 2927 discurrentia
907 2857 1050 2928 marinis
1076 2859 1195 2928 miscet
1215 2860 1250 2929 in
1279 2859 1446 2930 fluctibus.

182 2945 312 3015 credite
339 2945 422 3016 buic
450 2947 581 3016 Cbristo
607 2945 678 3016 tilio
700 2945 768 3026 bei,
795 2945 855 3032 qui
882 2959 1020 3036 propter
1048 2960 1199 3018 nostram
1228 2948 1377 3018 salutem
1405 2945 1448 3013 di-

183 3047 309 3123 gnatus
329 3048 379 3103 est
402 3033 547 3104 sormam
570 3035 657 3106 servi
682 3035 878 3123 suscipere,
907 3055 1009 3121 quem
1029 3035 1184 3104 Gabriele
1213 3037 1344 3128 lngelo
1372 3055 1449 3104 nun-

182 3123 294 3193 ciante
325 3124 545 3214 integerrima
574 3125 674 3214 Virgo
704 3125 861 3212 concepit
892 3123 1023 3204 llaria3
1050 3125 1110 3280 pui
1137 3146 1257 3194 novem
1287 3125 1449 3196 mensium

183 3211 461 3301 plenitudinem,
495 3213 645 3302 Virginis
670 3212 789 3281 matris
815 3211 1000 3282 crescendo
1031 3233 1050 3280 a
1078 3213 1232 3302 implevit
1263 3215 1300 3284 in
1335 3225 1447 3288 utero}

184 3313 302 3371 natum
331 3323 390 3391 per
418 3321 524 3370 novae
553 3300 670 3372 stellae
693 3301 944 3390 apparitionem
974 3303 1061 3390 llagi
1090 3315 1335 3391 agnoverunt,
1364 3316 1395 3371 et
1418 3319 1452 3368 ea

185 3391 321 3480 praevia
342 3392 375 3458 in
402 3389 571 3459 Bethleem
595 3389 710 3459 Judae
736 3388 878 3458 adorare
907 3402 1082 3468 venerunt,
1110 3403 1142 3458 et
1165 3402 1203 3460 ut
1220 3392 1308 3482 Regi
1328 3397 1449 3481 Regum
1473 3465 1474 3482 χ

183 3501 328 3549 inuuere
343 3478 565 3560 obtulerunt;
592 3480 652 3566 qui
669 3477 712 3547 ab
729 3477 861 3547 Herode
877 3490 916 3546 ut
931 3479 1077 3547 inveniri
1095 3480 1203 3568 possit
1218 3495 1326 3570 atque
1347 3475 1452 3549 necari
1473 3483 1474 3542 t

182 3569 374 3655 exquisitus
391 3581 458 3647 est;
484 3567 594 3652 quiin
620 3568 749 3637 sanctis
770 3566 1011 3636 innocentibus
1029 3580 1229 3656 persecutus
1245 3582 1312 3652 est,
1339 3568 1397 3727 spui
1419 3567 1449 3632 in

186 3657 305 3728 multis
329 3655 426 3726 fulsit
452 3655 644 3738 miraculis,
671 3655 849 3724 suscitavit
868 3665 1047 3736 mortuos,
1076 3654 1228 3746 leprosos
1254 3679 1342 3728 mun
1370 3655 1450 3732 avit,

182 3747 293 3813 craecis
313 3747 422 3814 visum
451 3744 609 3826 reddidit,
637 3743 752 3814 surdis
776 3743 946 3822 auditum,
973 3742 1108 3815 claudis
1132 3767 1320 3834 gressum,
1353 3743 1449 3814 mutis

185 3832 367 3919 loquelam,
388 3847 489 3921 atque
504 3835 607 3922 jussu
623 3856 663 3902 ec
681 3831 853 3902 voluntate
869 3832 1028 3902 universa
1046 3835 1200 3914 curavit;
1222 3835 1284 3920 qui
1302 3849 1342 3904 ut
1361 3851 1452 3902 verus
1473 3829 1474 3914 l

183 3920 285 3990 bomo
309 3922 481 4001 dormivit,
508 3933 540 3992 et
570 3934 607 3991 ut
637 3943 738 3991 verus
764 3925 851 3994 Deus
875 3932 1052 3990 ventorum
1079 3921 1218 3992 llatibus
1246 3917 1474 4012 imperavit;l

183 4011 243 4096 qui
268 4023 306 4079 ut
325 4031 425 4080 verus
443 4011 544 4080 homo
567 4010 716 4080 esuriem
743 4011 872 4089 sensit,
899 4023 932 4079 et
955 4021 993 4078 ut
1010 4031 1109 4082 verus
1130 4015 1219 4080 Deus
1234 4011 1278 4079 de
1303 4013 1452 4098 quinque

186 4099 335 4186 panibus
359 4111 391 4168 et
415 4098 552 4168 duobus
578 4099 730 4188 piscibus
754 4100 909 4186 quinque
932 4096 1041 4168 millia
1063 4098 1180 4188 populi
1210 4100 1371 4180 satiarit;
1397 4095 1474 4202 quip

183 4199 221 4255 ut
241 4208 341 4257 verus
357 4188 460 4257 bomo
480 4187 595 4268 sitivit,
618 4199 650 4258 et
664 4201 702 4257 ut
718 4208 817 4258 verus
842 4191 930 4258 lteus
951 4185 1077 4256 sontem
1096 4186 1351 4258 indeficientem
1370 4189 1402 4256 in
1420 4204 1453 4252 se

184 4275 404 4346 credentibus
428 4275 545 4359 dedit;
571 4297 673 4366 quem
700 4275 874 4366 principes
898 4274 1105 4346 ludaeorum
1128 4299 1188 4366 per
1204 4277 1372 4346 invidiam
1391 4274 1474 4352 subl

184 4364 302 4432 Pontio
327 4365 432 4432 Pitato
457 4363 666 4453 flagellatum
691 4365 960 4444 crucifixerunt;
987 4386 1054 4452 quo
1081 4365 1266 4448 crucifixo,
1296 4363 1451 4434 tenebrae
