<?xml version="1.0" encoding="UTF-8"?>
<!DOCTYPE html PUBLIC "-//W3C//DTD XHTML 1.0 Transitional//EN"
    "http://www.w3.org/TR/xhtml1/DTD/xhtml1-transitional.dtd">
<html xmlns="http://www.w3.org/1999/xhtml" xml:lang="en" lang="en">
 <head>
  <title>
</title>
<meta http-equiv="Content-Type" content="text/html;charset=utf-8" />
  <meta name='ocr-system' content='tesseract 3.04.00' />
  <meta name='ocr-capabilities' content='ocr_page ocr_carea ocr_par ocr_line ocrx_word'/>
</head>
<body>
  <div class='ocr_page' id='page_1' title='image "./historiaeseuvit00lippgoog_0307.png"; bbox 0 0 2960 4824; ppageno 0'>
   <div class='ocr_carea' id='block_1_1' title="bbox 234 275 1421 342">
    <p class='ocr_par' dir='ltr' id='par_1_1' title="bbox 234 275 1421 342">
     <span class='ocr_line' id='line_1_1' title="bbox 234 275 1421 342; baseline -0.001 -1"><span class='ocrx_word' id='word_1_1' title='bbox 234 275 299 342; x_wconf 66' lang='lat' dir='ltr'>ill</span> <span class='ocrx_word' id='word_1_2' title='bbox 629 291 668 338; x_wconf 84' lang='lat' dir='ltr'>nr</span> <span class='ocrx_word' id='word_1_3' title='bbox 692 292 721 338; x_wconf 91' lang='lat' dir='ltr'>s.</span> <span class='ocrx_word' id='word_1_4' title='bbox 746 291 881 340; x_wconf 73' lang='lat' dir='ltr'>nanim</span> <span class='ocrx_word' id='word_1_5' title='bbox 903 291 1030 342; x_wconf 82' lang='lat' dir='ltr'>srrmrr</span> <span class='ocrx_word' id='word_1_6' title='bbox 1303 275 1375 341; x_wconf 78' lang='lat' dir='ltr'>ortt.</span> <span class='ocrx_word' id='word_1_7' title='bbox 1392 276 1421 340; x_wconf 90' lang='lat' dir='ltr'>ll</span> 
     </span>
    </p>
   </div>
   <div class='ocr_carea' id='block_1_2' title="bbox 98 374 1464 4374">
    <p class='ocr_par' dir='ltr' id='par_1_2' title="bbox 98 374 1464 1958">
     <span class='ocr_line' id='line_1_2' title="bbox 190 374 1424 469; baseline 0 -21"><span class='ocrx_word' id='word_1_8' title='bbox 190 375 398 469; x_wconf 88' lang='lat' dir='ltr'>perieulum,</span> <span class='ocrx_word' id='word_1_9' title='bbox 416 387 449 444; x_wconf 96' lang='lat' dir='ltr'>et</span> <span class='ocrx_word' id='word_1_10' title='bbox 472 395 527 454; x_wconf 91' lang='lat' dir='ltr'>ue,</span> <span class='ocrx_word' id='word_1_11' title='bbox 552 374 643 460; x_wconf 93' lang='lat' dir='ltr'>quod</span> <span class='ocrx_word' id='word_1_12' title='bbox 670 375 851 458; x_wconf 87' lang='lat' dir='ltr'>acciderat,</span> <span class='ocrx_word' id='word_1_13' title='bbox 874 377 906 447; x_wconf 92' lang='lat' dir='ltr'>ei</span> <span class='ocrx_word' id='word_1_14' title='bbox 929 377 1017 446; x_wconf 90' lang='lat' dir='ltr'>iram</span> <span class='ocrx_word' id='word_1_15' title='bbox 1041 378 1252 461; x_wconf 78' lang='lat' dir='ltr'>conciliaret,</span> <span class='ocrx_word' id='word_1_16' title='bbox 1273 399 1365 448; x_wconf 91' lang='lat' dir='ltr'>curso</span> <span class='ocrx_word' id='word_1_17' title='bbox 1382 399 1424 448; x_wconf 89' lang='lat' dir='ltr'>re·</span> 
     </span>
     <span class='ocr_line' id='line_1_3' title="bbox 191 461 1423 556; baseline 0.005 -20"><span class='ocrx_word' id='word_1_18' title='bbox 191 467 241 536; x_wconf 88' lang='lat' dir='ltr'>nit</span> <span class='ocrx_word' id='word_1_19' title='bbox 264 465 307 536; x_wconf 92' lang='lat' dir='ltr'>ad</span> <span class='ocrx_word' id='word_1_20' title='bbox 325 475 496 536; x_wconf 90' lang='lat' dir='ltr'>sanctum.</span> <span class='ocrx_word' id='word_1_21' title='bbox 524 461 584 532; x_wconf 94' lang='lat' dir='ltr'>llle</span> <span class='ocrx_word' id='word_1_22' title='bbox 609 485 687 534; x_wconf 91' lang='lat' dir='ltr'>vero</span> <span class='ocrx_word' id='word_1_23' title='bbox 712 486 779 535; x_wconf 91' lang='lat' dir='ltr'>noo</span> <span class='ocrx_word' id='word_1_24' title='bbox 800 463 912 535; x_wconf 89' lang='lat' dir='ltr'>solum</span> <span class='ocrx_word' id='word_1_25' title='bbox 940 487 1020 535; x_wconf 90' lang='lat' dir='ltr'>eum</span> <span class='ocrx_word' id='word_1_26' title='bbox 1046 479 1139 537; x_wconf 87' lang='lat' dir='ltr'>metu</span> <span class='ocrx_word' id='word_1_27' title='bbox 1163 467 1207 537; x_wconf 89' lang='lat' dir='ltr'>ab</span> <span class='ocrx_word' id='word_1_28' title='bbox 1237 472 1423 556; x_wconf 71' lang='lat' dir='ltr'>Imperatore,</span> 
     </span>
     <span class='ocr_line' id='line_1_4' title="bbox 190 550 1427 646; baseline -0.001 -21"><span class='ocrx_word' id='word_1_29' title='bbox 190 554 249 626; x_wconf 90' lang='lat' dir='ltr'>sed</span> <span class='ocrx_word' id='word_1_30' title='bbox 274 554 376 624; x_wconf 92' lang='lat' dir='ltr'>etiam</span> <span class='ocrx_word' id='word_1_31' title='bbox 402 550 493 622; x_wconf 91' lang='lat' dir='ltr'>mala</span> <span class='ocrx_word' id='word_1_32' title='bbox 516 563 566 622; x_wconf 89' lang='lat' dir='ltr'>cst</span> <span class='ocrx_word' id='word_1_33' title='bbox 583 551 758 642; x_wconf 77' lang='lat' dir='ltr'>pollicitus</span> <span class='ocrx_word' id='word_1_34' title='bbox 776 575 812 624; x_wconf 88' lang='lat' dir='ltr'>se</span> <span class='ocrx_word' id='word_1_35' title='bbox 828 575 902 626; x_wconf 89' lang='lat' dir='ltr'>esse</span> <span class='ocrx_word' id='word_1_36' title='bbox 925 552 1153 626; x_wconf 87' lang='lat' dir='ltr'>liberaturum</span> <span class='ocrx_word' id='word_1_37' title='bbox 1177 555 1340 646; x_wconf 90' lang='lat' dir='ltr'>opinione,</span> <span class='ocrx_word' id='word_1_38' title='bbox 1358 575 1427 642; x_wconf 87' lang='lat' dir='ltr'>quae</span> 
     </span>
     <span class='ocr_line' id='line_1_5' title="bbox 189 639 1427 732; baseline -0.003 -18"><span class='ocrx_word' id='word_1_39' title='bbox 189 655 240 714; x_wconf 90' lang='lat' dir='ltr'>est</span> <span class='ocrx_word' id='word_1_40' title='bbox 254 641 375 731; x_wconf 81' lang='lat' dir='ltr'>quovis</span> <span class='ocrx_word' id='word_1_41' title='bbox 391 640 458 710; x_wconf 89' lang='lat' dir='ltr'>alio</span> <span class='ocrx_word' id='word_1_42' title='bbox 498 639 629 710; x_wconf 89' lang='lat' dir='ltr'>ericulo</span> <span class='ocrx_word' id='word_1_43' title='bbox 652 641 800 732; x_wconf 88' lang='lat' dir='ltr'>gravior.</span> <span class='ocrx_word' id='word_1_44' title='bbox 818 647 909 712; x_wconf 91' lang='lat' dir='ltr'>Haec</span> <span class='ocrx_word' id='word_1_45' title='bbox 932 643 1064 714; x_wconf 84' lang='lat' dir='ltr'>audivit</span> <span class='ocrx_word' id='word_1_46' title='bbox 1080 645 1217 732; x_wconf 84' lang='lat' dir='ltr'>Equiso,</span> <span class='ocrx_word' id='word_1_47' title='bbox 1243 657 1275 715; x_wconf 91' lang='lat' dir='ltr'>et</span> <span class='ocrx_word' id='word_1_48' title='bbox 1295 667 1364 714; x_wconf 90' lang='lat' dir='ltr'>cum</span> <span class='ocrx_word' id='word_1_49' title='bbox 1379 644 1427 712; x_wconf 92' lang='lat' dir='ltr'>mi-</span> 
     </span>
     <span class='ocr_line' id='line_1_6' title="bbox 188 729 1428 822; baseline -0.003 -18"><span class='ocrx_word' id='word_1_50' title='bbox 188 733 282 804; x_wconf 90' lang='lat' dir='ltr'>tibus</span> <span class='ocrx_word' id='word_1_51' title='bbox 306 752 346 802; x_wconf 87' lang='lat' dir='ltr'>ac</span> <span class='ocrx_word' id='word_1_52' title='bbox 370 729 459 819; x_wconf 83' lang='lat' dir='ltr'>placi</span> <span class='ocrx_word' id='word_1_53' title='bbox 488 730 517 800; x_wconf 90' lang='lat' dir='ltr'>is</span> <span class='ocrx_word' id='word_1_54' title='bbox 531 729 605 819; x_wconf 90' lang='lat' dir='ltr'>ejus</span> <span class='ocrx_word' id='word_1_55' title='bbox 630 731 853 802; x_wconf 78' lang='lat' dir='ltr'>suasionibus</span> <span class='ocrx_word' id='word_1_56' title='bbox 876 731 1075 822; x_wconf 90' lang='lat' dir='ltr'>opinionem</span> <span class='ocrx_word' id='word_1_57' title='bbox 1095 733 1165 805; x_wconf 80' lang='lat' dir='ltr'>arii</span> <span class='ocrx_word' id='word_1_58' title='bbox 1192 733 1378 820; x_wconf 84' lang='lat' dir='ltr'>abjurasset,</span> <span class='ocrx_word' id='word_1_59' title='bbox 1397 753 1428 800; x_wconf 89' lang='lat' dir='ltr'>ea</span> 
     </span>
     <span class='ocr_line' id='line_1_7' title="bbox 190 817 1430 910; baseline -0.002 -19"><span class='ocrx_word' id='word_1_60' title='bbox 190 821 305 901; x_wconf 88' lang='lat' dir='ltr'>sentit,</span> <span class='ocrx_word' id='word_1_61' title='bbox 329 840 419 906; x_wconf 90' lang='lat' dir='ltr'>quae</span> <span class='ocrx_word' id='word_1_62' title='bbox 448 817 645 890; x_wconf 82' lang='lat' dir='ltr'>Ortbodori.</span> <span class='ocrx_word' id='word_1_63' title='bbox 671 824 778 907; x_wconf 80' lang='lat' dir='ltr'>ltque</span> <span class='ocrx_word' id='word_1_64' title='bbox 802 825 949 890; x_wconf 91' lang='lat' dir='ltr'>Sanctus</span> <span class='ocrx_word' id='word_1_65' title='bbox 970 821 1112 908; x_wconf 92' lang='lat' dir='ltr'>quidem</span> <span class='ocrx_word' id='word_1_66' title='bbox 1137 823 1257 892; x_wconf 75' lang='lat' dir='ltr'>scribit</span> <span class='ocrx_word' id='word_1_67' title='bbox 1286 822 1323 892; x_wconf 90' lang='lat' dir='ltr'>ad</span> <span class='ocrx_word' id='word_1_68' title='bbox 1342 827 1430 910; x_wconf 83' lang='lat' dir='ltr'>lmpe</span> 
     </span>
     <span class='ocr_line' id='line_1_8' title="bbox 187 906 1429 1000; baseline -0.002 -21"><span class='ocrx_word' id='word_1_69' title='bbox 187 922 348 989; x_wconf 82' lang='lat' dir='ltr'>retorem,</span> <span class='ocrx_word' id='word_1_70' title='bbox 367 906 461 995; x_wconf 94' lang='lat' dir='ltr'>quod</span> <span class='ocrx_word' id='word_1_71' title='bbox 476 918 508 978; x_wconf 93' lang='lat' dir='ltr'>et</span> <span class='ocrx_word' id='word_1_72' title='bbox 521 907 704 990; x_wconf 85' lang='lat' dir='ltr'>Jordanes,</span> <span class='ocrx_word' id='word_1_73' title='bbox 730 908 900 999; x_wconf 84' lang='lat' dir='ltr'>abnegata</span> <span class='ocrx_word' id='word_1_74' title='bbox 915 908 1127 1000; x_wconf 82' lang='lat' dir='ltr'>deceptione,</span> <span class='ocrx_word' id='word_1_75' title='bbox 1154 911 1188 980; x_wconf 90' lang='lat' dir='ltr'>in</span> <span class='ocrx_word' id='word_1_76' title='bbox 1214 912 1311 981; x_wconf 89' lang='lat' dir='ltr'>rectis</span> <span class='ocrx_word' id='word_1_77' title='bbox 1327 909 1429 978; x_wconf 83' lang='lat' dir='ltr'>incedit</span> 
     </span>
     <span class='ocr_line' id='line_1_9' title="bbox 189 996 1428 1154; baseline -0.003 -86"><span class='ocrx_word' id='word_1_78' title='bbox 189 997 433 1098; x_wconf 72' lang='lat' dir='ltr'>dogmatibus5</span> <span class='ocrx_word' id='word_1_79' title='bbox 464 1007 497 1066; x_wconf 91' lang='lat' dir='ltr'>et</span> <span class='ocrx_word' id='word_1_80' title='bbox 518 996 612 1154; x_wconf 50' lang='lat' dir='ltr'>guod</span> <span class='ocrx_word' id='word_1_81' title='bbox 642 997 692 1066; x_wconf 87' lang='lat' dir='ltr'>vel</span> <span class='ocrx_word' id='word_1_82' title='bbox 715 1011 858 1096; x_wconf 88' lang='lat' dir='ltr'>propter</span> <span class='ocrx_word' id='word_1_83' title='bbox 890 997 955 1068; x_wconf 92' lang='lat' dir='ltr'>hoc</span> <span class='ocrx_word' id='word_1_84' title='bbox 993 999 1109 1088; x_wconf 88' lang='lat' dir='ltr'>ipsum</span> <span class='ocrx_word' id='word_1_85' title='bbox 1147 1011 1200 1070; x_wconf 88' lang='lat' dir='ltr'>est</span> <span class='ocrx_word' id='word_1_86' title='bbox 1217 999 1428 1090; x_wconf 86' lang='lat' dir='ltr'>justissimus:</span> 
     </span>
     <span class='ocr_line' id='line_1_10' title="bbox 189 1085 1430 1176; baseline -0.003 -18"><span class='ocrx_word' id='word_1_87' title='bbox 189 1099 378 1176; x_wconf 78' lang='lat' dir='ltr'>quinetiam</span> <span class='ocrx_word' id='word_1_88' title='bbox 403 1085 472 1156; x_wconf 92' lang='lat' dir='ltr'>huc</span> <span class='ocrx_word' id='word_1_89' title='bbox 499 1107 519 1156; x_wconf 87' lang='lat' dir='ltr'>a</span> <span class='ocrx_word' id='word_1_90' title='bbox 568 1099 749 1167; x_wconf 86' lang='lat' dir='ltr'>mevenit,</span> <span class='ocrx_word' id='word_1_91' title='bbox 776 1099 814 1158; x_wconf 90' lang='lat' dir='ltr'>ut</span> <span class='ocrx_word' id='word_1_92' title='bbox 842 1099 911 1157; x_wconf 89' lang='lat' dir='ltr'>ate</span> <span class='ocrx_word' id='word_1_93' title='bbox 938 1089 1071 1160; x_wconf 88' lang='lat' dir='ltr'>veniam</span> <span class='ocrx_word' id='word_1_94' title='bbox 1095 1101 1364 1176; x_wconf 84' lang='lat' dir='ltr'>consequeretur.</span> <span class='ocrx_word' id='word_1_95' title='bbox 1385 1085 1430 1154; x_wconf 89' lang='lat' dir='ltr'>llle</span> 
     </span>
     <span class='ocr_line' id='line_1_11' title="bbox 189 1173 1431 1263; baseline -0.005 -14"><span class='ocrx_word' id='word_1_96' title='bbox 189 1188 304 1250; x_wconf 85' lang='lat' dir='ltr'>autem</span> <span class='ocrx_word' id='word_1_97' title='bbox 328 1185 447 1244; x_wconf 90' lang='lat' dir='ltr'>contra</span> <span class='ocrx_word' id='word_1_98' title='bbox 462 1173 638 1246; x_wconf 81' lang='lat' dir='ltr'>rescribit:</span> <span class='ocrx_word' id='word_1_99' title='bbox 670 1175 851 1246; x_wconf 84' lang='lat' dir='ltr'>«Periculi</span> <span class='ocrx_word' id='word_1_100' title='bbox 875 1175 1017 1263; x_wconf 92' lang='lat' dir='ltr'>quidem</span> <span class='ocrx_word' id='word_1_101' title='bbox 1049 1177 1115 1246; x_wconf 90' lang='lat' dir='ltr'>mei</span> <span class='ocrx_word' id='word_1_102' title='bbox 1141 1181 1247 1250; x_wconf 77' lang='lat' dir='ltr'>causa</span> <span class='ocrx_word' id='word_1_103' title='bbox 1271 1199 1334 1248; x_wconf 88' lang='lat' dir='ltr'>oon</span> <span class='ocrx_word' id='word_1_104' title='bbox 1362 1175 1431 1244; x_wconf 87' lang='lat' dir='ltr'>alius</span> 
     </span>
     <span class='ocr_line' id='line_1_12' title="bbox 188 1263 1431 1354; baseline -0.003 -18"><span class='ocrx_word' id='word_1_105' title='bbox 188 1265 266 1347; x_wconf 88' lang='lat' dir='ltr'>luit,</span> <span class='ocrx_word' id='word_1_106' title='bbox 292 1285 396 1351; x_wconf 90' lang='lat' dir='ltr'>quam</span> <span class='ocrx_word' id='word_1_107' title='bbox 419 1264 494 1354; x_wconf 92' lang='lat' dir='ltr'>ipse</span> <span class='ocrx_word' id='word_1_108' title='bbox 511 1263 611 1345; x_wconf 90' lang='lat' dir='ltr'>mibi,</span> <span class='ocrx_word' id='word_1_109' title='bbox 626 1265 687 1350; x_wconf 91' lang='lat' dir='ltr'>qui</span> <span class='ocrx_word' id='word_1_110' title='bbox 711 1264 761 1334; x_wconf 87' lang='lat' dir='ltr'>sic</span> <span class='ocrx_word' id='word_1_111' title='bbox 776 1285 883 1334; x_wconf 86' lang='lat' dir='ltr'>ausus</span> <span class='ocrx_word' id='word_1_112' title='bbox 896 1265 967 1334; x_wconf 57' lang='lat' dir='ltr'>*sim</span> <span class='ocrx_word' id='word_1_113' title='bbox 985 1265 1170 1336; x_wconf 89' lang='lat' dir='ltr'>ascendere</span> <span class='ocrx_word' id='word_1_114' title='bbox 1185 1279 1264 1337; x_wconf 88' lang='lat' dir='ltr'>acte</span> <span class='ocrx_word' id='word_1_115' title='bbox 1287 1279 1357 1336; x_wconf 90' lang='lat' dir='ltr'>tuos</span> <span class='ocrx_word' id='word_1_116' title='bbox 1369 1285 1431 1333; x_wconf 90' lang='lat' dir='ltr'>ocu·</span> 
     </span>
     <span class='ocr_line' id='line_1_13' title="bbox 189 1351 1432 1444; baseline -0.005 -18"><span class='ocrx_word' id='word_1_117' title='bbox 189 1353 254 1435; x_wconf 90' lang='lat' dir='ltr'>los,</span> <span class='ocrx_word' id='word_1_118' title='bbox 279 1365 311 1424; x_wconf 92' lang='lat' dir='ltr'>et</span> <span class='ocrx_word' id='word_1_119' title='bbox 336 1373 403 1422; x_wconf 93' lang='lat' dir='ltr'>non</span> <span class='ocrx_word' id='word_1_120' title='bbox 426 1352 529 1444; x_wconf 90' lang='lat' dir='ltr'>pedes</span> <span class='ocrx_word' id='word_1_121' title='bbox 554 1351 673 1442; x_wconf 89' lang='lat' dir='ltr'>procul</span> <span class='ocrx_word' id='word_1_122' title='bbox 698 1352 768 1424; x_wconf 87' lang='lat' dir='ltr'>abii</span> <span class='ocrx_word' id='word_1_123' title='bbox 792 1375 811 1422; x_wconf 92' lang='lat' dir='ltr'>a</span> <span class='ocrx_word' id='word_1_124' title='bbox 837 1352 1120 1425; x_wconf 84' lang='lat' dir='ltr'>sacrocolumna.</span> <span class='ocrx_word' id='word_1_125' title='bbox 1147 1359 1218 1426; x_wconf 88' lang='lat' dir='ltr'>Hoc</span> <span class='ocrx_word' id='word_1_126' title='bbox 1236 1353 1432 1426; x_wconf 89' lang='lat' dir='ltr'>autemdein·</span> 
     </span>
     <span class='ocr_line' id='line_1_14' title="bbox 98 1441 1433 1598; baseline -0.007 -83"><span class='ocrx_word' id='word_1_127' title='bbox 98 1479 101 1488; x_wconf 45' lang='grc' dir='ltr'><strong>ι</strong></span> <span class='ocrx_word' id='word_1_128' title='bbox 189 1463 270 1532; x_wconf 91' lang='lat' dir='ltr'>ceps</span> <span class='ocrx_word' id='word_1_129' title='bbox 293 1441 476 1598; x_wconf 52' lang='lat' dir='ltr'>dilifenter</span> <span class='ocrx_word' id='word_1_130' title='bbox 498 1441 635 1512; x_wconf 82' lang='lat' dir='ltr'>cavebo.</span> <span class='ocrx_word' id='word_1_131' title='bbox 655 1441 794 1512; x_wconf 77' lang='lat' dir='ltr'>lorda&#39;oi</span> <span class='ocrx_word' id='word_1_132' title='bbox 819 1463 897 1512; x_wconf 90' lang='lat' dir='ltr'>vero</span> <span class='ocrx_word' id='word_1_133' title='bbox 929 1463 995 1512; x_wconf 90' lang='lat' dir='ltr'>non</span> <span class='ocrx_word' id='word_1_134' title='bbox 1019 1443 1119 1514; x_wconf 92' lang='lat' dir='ltr'>modo</span> <span class='ocrx_word' id='word_1_135' title='bbox 1154 1466 1223 1514; x_wconf 89' lang='lat' dir='ltr'>noo</span> <span class='ocrx_word' id='word_1_136' title='bbox 1253 1445 1389 1522; x_wconf 89' lang='lat' dir='ltr'>irascor,</span> <span class='ocrx_word' id='word_1_137' title='bbox 1406 1449 1433 1508; x_wconf 89' lang='lat' dir='ltr'>ut</span> 
     </span>
     <span class='ocr_line' id='line_1_15' title="bbox 189 1529 1432 1619; baseline -0.006 -15"><span class='ocrx_word' id='word_1_138' title='bbox 189 1531 291 1604; x_wconf 89' lang='lat' dir='ltr'>etiam</span> <span class='ocrx_word' id='word_1_139' title='bbox 317 1552 357 1600; x_wconf 90' lang='lat' dir='ltr'>va</span> <span class='ocrx_word' id='word_1_140' title='bbox 372 1529 414 1599; x_wconf 94' lang='lat' dir='ltr'>de</span> <span class='ocrx_word' id='word_1_141' title='bbox 433 1529 549 1612; x_wconf 89' lang='lat' dir='ltr'>laeter,</span> <span class='ocrx_word' id='word_1_142' title='bbox 574 1529 669 1617; x_wconf 92' lang='lat' dir='ltr'>quod</span> <span class='ocrx_word' id='word_1_143' title='bbox 692 1551 791 1602; x_wconf 91' lang='lat' dir='ltr'>meus</span> <span class='ocrx_word' id='word_1_144' title='bbox 806 1552 847 1602; x_wconf 86' lang='lat' dir='ltr'>ex</span> <span class='ocrx_word' id='word_1_145' title='bbox 861 1552 950 1619; x_wconf 91' lang='lat' dir='ltr'>equo</span> <span class='ocrx_word' id='word_1_146' title='bbox 963 1553 1077 1613; x_wconf 87' lang='lat' dir='ltr'>casus,</span> <span class='ocrx_word' id='word_1_147' title='bbox 1103 1532 1137 1602; x_wconf 91' lang='lat' dir='ltr'>ei</span> <span class='ocrx_word' id='word_1_148' title='bbox 1151 1555 1260 1604; x_wconf 90' lang='lat' dir='ltr'>causa</span> <span class='ocrx_word' id='word_1_149' title='bbox 1274 1531 1378 1610; x_wconf 87' lang='lat' dir='ltr'>luerit,</span> <span class='ocrx_word' id='word_1_150' title='bbox 1394 1539 1432 1607; x_wconf 91' lang='lat' dir='ltr'>ut,</span> 
     </span>
     <span class='ocr_line' id='line_1_16' title="bbox 189 1617 1434 1711; baseline -0.005 -21"><span class='ocrx_word' id='word_1_151' title='bbox 189 1621 250 1710; x_wconf 92' lang='lat' dir='ltr'>qui</span> <span class='ocrx_word' id='word_1_152' title='bbox 269 1618 417 1710; x_wconf 77' lang='lat' dir='ltr'>Jacebat,</span> <span class='ocrx_word' id='word_1_153' title='bbox 443 1631 648 1710; x_wconf 84' lang='lat' dir='ltr'>surgeret.»</span> <span class='ocrx_word' id='word_1_154' title='bbox 673 1623 718 1688; x_wconf 85' lang='lat' dir='ltr'>De</span> <span class='ocrx_word' id='word_1_155' title='bbox 742 1631 873 1690; x_wconf 87' lang='lat' dir='ltr'>caetero</span> <span class='ocrx_word' id='word_1_156' title='bbox 897 1633 1010 1692; x_wconf 90' lang='lat' dir='ltr'>autem</span> <span class='ocrx_word' id='word_1_157' title='bbox 1036 1633 1130 1692; x_wconf 90' lang='lat' dir='ltr'>tanta</span> <span class='ocrx_word' id='word_1_158' title='bbox 1153 1635 1225 1692; x_wconf 90' lang='lat' dir='ltr'>erat</span> <span class='ocrx_word' id='word_1_159' title='bbox 1242 1617 1434 1711; x_wconf 85' lang='lat' dir='ltr'>Imperatoris</span> 
     </span>
     <span class='ocr_line' id='line_1_17' title="bbox 189 1707 1431 1797; baseline -0.004 -18"><span class='ocrx_word' id='word_1_160' title='bbox 189 1709 226 1779; x_wconf 92' lang='lat' dir='ltr'>in</span> <span class='ocrx_word' id='word_1_161' title='bbox 251 1713 414 1778; x_wconf 85' lang='lat' dir='ltr'>Sanctum</span> <span class='ocrx_word' id='word_1_162' title='bbox 441 1707 638 1788; x_wconf 87' lang='lat' dir='ltr'>reverentia,</span> <span class='ocrx_word' id='word_1_163' title='bbox 670 1719 800 1779; x_wconf 89' lang='lat' dir='ltr'>utnon</span> <span class='ocrx_word' id='word_1_164' title='bbox 826 1708 939 1780; x_wconf 92' lang='lat' dir='ltr'>solum</span> <span class='ocrx_word' id='word_1_165' title='bbox 973 1709 1046 1797; x_wconf 87' lang='lat' dir='ltr'>ipse</span> <span class='ocrx_word' id='word_1_166' title='bbox 1076 1710 1260 1782; x_wconf 90' lang='lat' dir='ltr'>honoraret</span> <span class='ocrx_word' id='word_1_167' title='bbox 1282 1732 1355 1780; x_wconf 91' lang='lat' dir='ltr'>eum</span> <span class='ocrx_word' id='word_1_168' title='bbox 1384 1707 1431 1782; x_wconf 86' lang='lat' dir='ltr'>iis,</span> 
     </span>
     <span class='ocr_line' id='line_1_18' title="bbox 189 1795 1464 1954; baseline -0.005 -86"><span class='ocrx_word' id='word_1_169' title='bbox 189 1795 496 1954; x_wconf 73' lang='lat' dir='ltr'>quaedoportebat;</span> <span class='ocrx_word' id='word_1_170' title='bbox 530 1795 712 1868; x_wconf 87' lang='lat' dir='ltr'>sedetiam</span> <span class='ocrx_word' id='word_1_171' title='bbox 736 1795 815 1868; x_wconf 88' lang='lat' dir='ltr'>aliis</span> <span class='ocrx_word' id='word_1_172' title='bbox 837 1818 937 1878; x_wconf 90' lang='lat' dir='ltr'>eum,</span> <span class='ocrx_word' id='word_1_173' title='bbox 964 1810 1141 1886; x_wconf 82' lang='lat' dir='ltr'>tamquam</span> <span class='ocrx_word' id='word_1_174' title='bbox 1168 1821 1242 1870; x_wconf 88' lang='lat' dir='ltr'>rem</span> <span class='ocrx_word' id='word_1_175' title='bbox 1265 1799 1431 1872; x_wconf 87' lang='lat' dir='ltr'>coelestem,</span> <span class='ocrx_word' id='word_1_176' title='bbox 1463 1851 1464 1932; x_wconf 30' lang='lat' dir='ltr'>l</span> 
     </span>
     <span class='ocr_line' id='line_1_19' title="bbox 189 1897 1464 1958; baseline -0.002 -2"><span class='ocrx_word' id='word_1_177' title='bbox 189 1899 283 1958; x_wconf 90' lang='lat' dir='ltr'>osteo</span> <span class='ocrx_word' id='word_1_178' title='bbox 312 1897 394 1956; x_wconf 88' lang='lat' dir='ltr'>eret.</span> <span class='ocrx_word' id='word_1_179' title='bbox 702 1905 708 1920; x_wconf 91' lang='lat'><strong>·</strong></span> <span class='ocrx_word' id='word_1_180' title='bbox 1463 1949 1464 1954; x_wconf 75' lang='grc'>,</span> 
     </span>
    </p>

    <p class='ocr_par' dir='ltr' id='par_1_3' title="bbox 129 1970 1463 3928">
     <span class='ocr_line' id='line_1_20' title="bbox 233 1970 1436 2066; baseline -0.002 -20"><span class='ocrx_word' id='word_1_181' title='bbox 233 1978 252 2063; x_wconf 69' lang='grc' dir='ltr'><strong>ξ</strong></span> <span class='ocrx_word' id='word_1_182' title='bbox 274 1978 349 2046; x_wconf 74' lang='lat'>81.</span> <span class='ocrx_word' id='word_1_183' title='bbox 375 1979 495 2061; x_wconf 87' lang='lat' dir='ltr'>ltaque</span> <span class='ocrx_word' id='word_1_184' title='bbox 522 1994 602 2042; x_wconf 91' lang='lat' dir='ltr'>cum</span> <span class='ocrx_word' id='word_1_185' title='bbox 628 1970 833 2064; x_wconf 90' lang='lat' dir='ltr'>paulopost</span> <span class='ocrx_word' id='word_1_186' title='bbox 864 1973 1075 2064; x_wconf 80' lang='lat' dir='ltr'>contigisset,</span> <span class='ocrx_word' id='word_1_187' title='bbox 1102 1979 1228 2066; x_wconf 81' lang='lat' dir='ltr'>Regem</span> <span class='ocrx_word' id='word_1_188' title='bbox 1257 1970 1436 2046; x_wconf 70' lang='lat' dir='ltr'>Lazarum*</span> 
     </span>
     <span class='ocr_line' id='line_1_21' title="bbox 188 2059 1436 2152; baseline -0.007 -18"><span class='ocrx_word' id='word_1_189' title='bbox 188 2065 305 2134; x_wconf 84' lang='lat' dir='ltr'>venire</span> <span class='ocrx_word' id='word_1_190' title='bbox 320 2061 364 2132; x_wconf 92' lang='lat' dir='ltr'>ad</span> <span class='ocrx_word' id='word_1_191' title='bbox 388 2067 632 2152; x_wconf 84' lang='lat' dir='ltr'>Imperatorem</span> <span class='ocrx_word' id='word_1_192' title='bbox 657 2067 904 2143; x_wconf 87' lang='lat' dir='ltr'>Romanorum,</span> <span class='ocrx_word' id='word_1_193' title='bbox 919 2085 1023 2134; x_wconf 89' lang='lat' dir='ltr'>causa</span> <span class='ocrx_word' id='word_1_194' title='bbox 1049 2063 1197 2134; x_wconf 82' lang='lat' dir='ltr'>faciendi</span> <span class='ocrx_word' id='word_1_195' title='bbox 1213 2059 1436 2144; x_wconf 85' lang='lat' dir='ltr'>foederis,aliis</span> 
     </span>
     <span class='ocr_line' id='line_1_22' title="bbox 189 2151 1434 2250; baseline -0.006 -27"><span class='ocrx_word' id='word_1_196' title='bbox 189 2153 329 2241; x_wconf 89' lang='lat' dir='ltr'>quidem</span> <span class='ocrx_word' id='word_1_197' title='bbox 352 2151 709 2250; x_wconf 71' lang='lat' dir='ltr'>praetermissiseum</span> <span class='ocrx_word' id='word_1_198' title='bbox 726 2173 801 2221; x_wconf 84' lang='lat' dir='ltr'>varo</span> <span class='ocrx_word' id='word_1_199' title='bbox 821 2151 995 2240; x_wconf 89' lang='lat' dir='ltr'>accipiens</span> <span class='ocrx_word' id='word_1_200' title='bbox 1018 2164 1050 2222; x_wconf 89' lang='lat' dir='ltr'>et</span> <span class='ocrx_word' id='word_1_201' title='bbox 1069 2152 1201 2222; x_wconf 89' lang='lat' dir='ltr'>ducens</span> <span class='ocrx_word' id='word_1_202' title='bbox 1215 2153 1260 2223; x_wconf 92' lang='lat' dir='ltr'>ad</span> <span class='ocrx_word' id='word_1_203' title='bbox 1278 2159 1434 2224; x_wconf 87' lang='lat' dir='ltr'>Sanctum:</span> 
     </span>
     <span class='ocr_line' id='line_1_23' title="bbox 190 2239 1435 2329; baseline -0.004 -19"><span class='ocrx_word' id='word_1_204' title='bbox 190 2247 297 2312; x_wconf 82' lang='lat' dir='ltr'>«Hoc</span> <span class='ocrx_word' id='word_1_205' title='bbox 321 2253 383 2320; x_wconf 89' lang='lat' dir='ltr'>est,</span> <span class='ocrx_word' id='word_1_206' title='bbox 411 2239 534 2326; x_wconf 89' lang='lat' dir='ltr'>inquit,</span> <span class='ocrx_word' id='word_1_207' title='bbox 563 2261 629 2308; x_wconf 90' lang='lat' dir='ltr'>mer</span> <span class='ocrx_word' id='word_1_208' title='bbox 663 2239 799 2329; x_wconf 90' lang='lat' dir='ltr'>imperii</span> <span class='ocrx_word' id='word_1_209' title='bbox 830 2239 1051 2310; x_wconf 90' lang='lat' dir='ltr'>miraculum.</span> <span class='ocrx_word' id='word_1_210' title='bbox 1079 2265 1097 2308; x_wconf 83' lang='lat' dir='ltr'>a</span> <span class='ocrx_word' id='word_1_211' title='bbox 1122 2241 1183 2312; x_wconf 90' lang='lat' dir='ltr'>Ille</span> <span class='ocrx_word' id='word_1_212' title='bbox 1207 2255 1321 2312; x_wconf 92' lang='lat' dir='ltr'>autem</span> <span class='ocrx_word' id='word_1_213' title='bbox 1348 2256 1435 2324; x_wconf 86' lang='lat' dir='ltr'>usquo</span> 
     </span>
     <span class='ocr_line' id='line_1_24' title="bbox 189 2326 1437 2431; baseline -0.002 -31"><span class='ocrx_word' id='word_1_214' title='bbox 189 2329 275 2401; x_wconf 93' lang='lat' dir='ltr'>adeo</span> <span class='ocrx_word' id='word_1_215' title='bbox 298 2329 495 2417; x_wconf 89' lang='lat' dir='ltr'>obstupuit,</span> <span class='ocrx_word' id='word_1_216' title='bbox 521 2327 596 2417; x_wconf 86' lang='lat' dir='ltr'>ejus</span> <span class='ocrx_word' id='word_1_217' title='bbox 628 2327 746 2398; x_wconf 91' lang='lat' dir='ltr'>videns</span> <span class='ocrx_word' id='word_1_218' title='bbox 772 2326 986 2400; x_wconf 91' lang='lat' dir='ltr'>tolerantiam</span> <span class='ocrx_word' id='word_1_219' title='bbox 1013 2344 1116 2431; x_wconf 87' lang='lat' dir='ltr'>atque</span> <span class='ocrx_word' id='word_1_220' title='bbox 1143 2329 1391 2406; x_wconf 79' lang='lat' dir='ltr'>fortitudinem,</span> <span class='ocrx_word' id='word_1_221' title='bbox 1410 2333 1437 2392; x_wconf 85' lang='lat' dir='ltr'>ul</span> 
     </span>
     <span class='ocr_line' id='line_1_25' title="bbox 129 2417 1435 2509; baseline 0.002 -20"><span class='ocrx_word' id='word_1_222' title='bbox 129 2453 135 2464; x_wconf 92' lang='lat'><strong>·</strong></span> <span class='ocrx_word' id='word_1_223' title='bbox 189 2441 258 2490; x_wconf 91' lang='lat' dir='ltr'>uon</span> <span class='ocrx_word' id='word_1_224' title='bbox 284 2417 396 2488; x_wconf 89' lang='lat' dir='ltr'>solum</span> <span class='ocrx_word' id='word_1_225' title='bbox 415 2421 591 2498; x_wconf 88' lang='lat' dir='ltr'>Sanctum,</span> <span class='ocrx_word' id='word_1_226' title='bbox 617 2417 675 2486; x_wconf 90' lang='lat' dir='ltr'>sed</span> <span class='ocrx_word' id='word_1_227' title='bbox 701 2418 804 2487; x_wconf 89' lang='lat' dir='ltr'>etiam</span> <span class='ocrx_word' id='word_1_228' title='bbox 826 2417 1038 2500; x_wconf 90' lang='lat' dir='ltr'>columnam,</span> <span class='ocrx_word' id='word_1_229' title='bbox 1058 2440 1094 2488; x_wconf 84' lang='grc' dir='ltr'>ιιι</span> <span class='ocrx_word' id='word_1_230' title='bbox 1122 2440 1193 2505; x_wconf 91' lang='lat' dir='ltr'>qua</span> <span class='ocrx_word' id='word_1_231' title='bbox 1217 2433 1291 2491; x_wconf 88' lang='lat' dir='ltr'>erat</span> <span class='ocrx_word' id='word_1_232' title='bbox 1315 2417 1435 2509; x_wconf 84' lang='lat' dir='ltr'>positus.</span> 
     </span>
     <span class='ocr_line' id='line_1_26' title="bbox 189 2501 1438 2596; baseline -0.009 -16"><span class='ocrx_word' id='word_1_233' title='bbox 189 2529 268 2580; x_wconf 93' lang='lat' dir='ltr'>cum</span> <span class='ocrx_word' id='word_1_234' title='bbox 303 2505 466 2596; x_wconf 87' lang='lat' dir='ltr'>lacrymis</span> <span class='ocrx_word' id='word_1_235' title='bbox 490 2503 661 2584; x_wconf 88' lang='lat' dir='ltr'>adorans,</span> <span class='ocrx_word' id='word_1_236' title='bbox 689 2505 816 2576; x_wconf 89' lang='lat' dir='ltr'>multas</span> <span class='ocrx_word' id='word_1_237' title='bbox 844 2527 940 2576; x_wconf 91' lang='lat' dir='ltr'>voces</span> <span class='ocrx_word' id='word_1_238' title='bbox 969 2507 1137 2577; x_wconf 89' lang='lat' dir='ltr'>emitteret</span> <span class='ocrx_word' id='word_1_239' title='bbox 1167 2507 1337 2578; x_wconf 91' lang='lat' dir='ltr'>barbarus</span> <span class='ocrx_word' id='word_1_240' title='bbox 1360 2501 1438 2574; x_wconf 82' lang='lat' dir='ltr'>valdo</span> 
     </span>
     <span class='ocr_line' id='line_1_27' title="bbox 189 2591 1438 2688; baseline -0.005 -22"><span class='ocrx_word' id='word_1_241' title='bbox 189 2595 344 2666; x_wconf 91' lang='lat' dir='ltr'>eruditae</span> <span class='ocrx_word' id='word_1_242' title='bbox 369 2593 505 2674; x_wconf 86' lang='lat' dir='ltr'>mentis,</span> <span class='ocrx_word' id='word_1_243' title='bbox 532 2606 564 2664; x_wconf 91' lang='lat' dir='ltr'>et</span> <span class='ocrx_word' id='word_1_244' title='bbox 587 2615 676 2680; x_wconf 91' lang='lat' dir='ltr'>quae</span> <span class='ocrx_word' id='word_1_245' title='bbox 701 2593 810 2664; x_wconf 89' lang='lat' dir='ltr'>multa</span> <span class='ocrx_word' id='word_1_246' title='bbox 829 2594 1015 2664; x_wconf 73' lang='lat' dir='ltr'>didiceratt</span> <span class='ocrx_word' id='word_1_247' title='bbox 1038 2599 1143 2686; x_wconf 77' lang='lat' dir='ltr'>algo</span> <span class='ocrx_word' id='word_1_248' title='bbox 1167 2597 1229 2666; x_wconf 89' lang='lat' dir='ltr'>tibi</span> <span class='ocrx_word' id='word_1_249' title='bbox 1249 2598 1383 2688; x_wconf 86' lang='lat' dir='ltr'>gratias,</span> <span class='ocrx_word' id='word_1_250' title='bbox 1399 2591 1438 2660; x_wconf 92' lang='lat' dir='ltr'>di-</span> 
     </span>
     <span class='ocr_line' id='line_1_28' title="bbox 188 2681 1436 2774; baseline 0.003 -19"><span class='ocrx_word' id='word_1_251' title='bbox 188 2707 281 2765; x_wconf 89' lang='lat' dir='ltr'>cens,</span> <span class='ocrx_word' id='word_1_252' title='bbox 308 2688 377 2753; x_wconf 83' lang='lat' dir='ltr'>lter</span> <span class='ocrx_word' id='word_1_253' title='bbox 393 2682 559 2763; x_wconf 86' lang='lat' dir='ltr'>coelestis,</span> <span class='ocrx_word' id='word_1_254' title='bbox 586 2681 678 2770; x_wconf 94' lang='lat' dir='ltr'>quod</span> <span class='ocrx_word' id='word_1_255' title='bbox 700 2683 798 2762; x_wconf 91' lang='lat' dir='ltr'>mihi,</span> <span class='ocrx_word' id='word_1_256' title='bbox 813 2684 874 2770; x_wconf 90' lang='lat' dir='ltr'>qui</span> <span class='ocrx_word' id='word_1_257' title='bbox 893 2683 935 2754; x_wconf 92' lang='lat' dir='ltr'>ad</span> <span class='ocrx_word' id='word_1_258' title='bbox 954 2696 1126 2754; x_wconf 89' lang='lat' dir='ltr'>terrenum</span> <span class='ocrx_word' id='word_1_259' title='bbox 1142 2689 1269 2774; x_wconf 82' lang='lat' dir='ltr'>Regem</span> <span class='ocrx_word' id='word_1_260' title='bbox 1288 2701 1436 2758; x_wconf 77' lang='lat' dir='ltr'>veneram.</span> 
     </span>
     <span class='ocr_line' id='line_1_29' title="bbox 188 2771 1463 2864; baseline -0.005 -21"><span class='ocrx_word' id='word_1_261' title='bbox 188 2773 369 2843; x_wconf 89' lang='lat' dir='ltr'>coelestem</span> <span class='ocrx_word' id='word_1_262' title='bbox 388 2773 493 2861; x_wconf 84' lang='lat' dir='ltr'>hujus</span> <span class='ocrx_word' id='word_1_263' title='bbox 518 2771 582 2840; x_wconf 85' lang='lat' dir='ltr'>viri</span> <span class='ocrx_word' id='word_1_264' title='bbox 606 2772 709 2840; x_wconf 86' lang='lat' dir='ltr'>vitam</span> <span class='ocrx_word' id='word_1_265' title='bbox 734 2772 935 2854; x_wconf 84' lang='lat' dir='ltr'>ostenderis,</span> <span class='ocrx_word' id='word_1_266' title='bbox 968 2772 1162 2864; x_wconf 89' lang='lat' dir='ltr'>etdignum</span> <span class='ocrx_word' id='word_1_267' title='bbox 1189 2797 1245 2844; x_wconf 90' lang='lat' dir='ltr'>me</span> <span class='ocrx_word' id='word_1_268' title='bbox 1267 2771 1435 2846; x_wconf 88' lang='lat' dir='ltr'>censueris,</span> <span class='ocrx_word' id='word_1_269' title='bbox 1462 2847 1463 2864; x_wconf 17' lang='grc' dir='ltr'><strong>ἶ</strong></span> 
     </span>
     <span class='ocr_line' id='line_1_30' title="bbox 187 2859 1463 2950; baseline -0.005 -18"><span class='ocrx_word' id='word_1_270' title='bbox 187 2863 249 2948; x_wconf 92' lang='lat' dir='ltr'>qui</span> <span class='ocrx_word' id='word_1_271' title='bbox 272 2881 383 2932; x_wconf 89' lang='lat' dir='ltr'>essem</span> <span class='ocrx_word' id='word_1_272' title='bbox 402 2871 570 2950; x_wconf 90' lang='lat' dir='ltr'>spectator</span> <span class='ocrx_word' id='word_1_273' title='bbox 594 2859 714 2929; x_wconf 88' lang='lat' dir='ltr'>talium</span> <span class='ocrx_word' id='word_1_274' title='bbox 734 2859 1024 2950; x_wconf 80' lang='lat' dir='ltr'>mysteriorum.»</span> <span class='ocrx_word' id='word_1_275' title='bbox 1049 2861 1137 2932; x_wconf 77' lang='lat' dir='ltr'>ldeo</span> <span class='ocrx_word' id='word_1_276' title='bbox 1165 2877 1279 2932; x_wconf 88' lang='lat' dir='ltr'>autem</span> <span class='ocrx_word' id='word_1_277' title='bbox 1305 2863 1439 2945; x_wconf 84' lang='lat' dir='ltr'>utrisque</span> <span class='ocrx_word' id='word_1_278' title='bbox 1462 2877 1463 2914; x_wconf 60' lang='grc' dir='ltr'><strong>ι</strong></span> 
     </span>
     <span class='ocr_line' id='line_1_31' title="bbox 189 2939 1463 3039; baseline -0.005 -19"><span class='ocrx_word' id='word_1_279' title='bbox 189 2971 338 3039; x_wconf 88' lang='lat' dir='ltr'>magnus</span> <span class='ocrx_word' id='word_1_280' title='bbox 355 2947 413 3018; x_wconf 89' lang='lat' dir='ltr'>ille</span> <span class='ocrx_word' id='word_1_281' title='bbox 438 2950 532 3020; x_wconf 86' lang='lat' dir='ltr'>visus</span> <span class='ocrx_word' id='word_1_282' title='bbox 551 2960 601 3018; x_wconf 89' lang='lat' dir='ltr'>est</span> <span class='ocrx_word' id='word_1_283' title='bbox 624 2949 753 3038; x_wconf 91' lang='lat' dir='ltr'>dignus</span> <span class='ocrx_word' id='word_1_284' title='bbox 770 2949 1009 3032; x_wconf 86' lang='lat' dir='ltr'>admiratione,</span> <span class='ocrx_word' id='word_1_285' title='bbox 1036 2963 1074 3022; x_wconf 87' lang='lat' dir='ltr'>ut</span> <span class='ocrx_word' id='word_1_286' title='bbox 1096 2949 1198 3020; x_wconf 86' lang='lat' dir='ltr'>ambo</span> <span class='ocrx_word' id='word_1_287' title='bbox 1216 2951 1315 3022; x_wconf 90' lang='lat' dir='ltr'>illum</span> <span class='ocrx_word' id='word_1_288' title='bbox 1339 2949 1377 3020; x_wconf 91' lang='lat' dir='ltr'>ad</span> <span class='ocrx_word' id='word_1_289' title='bbox 1393 2947 1440 3016; x_wconf 80' lang='lat' dir='ltr'>de</span> <span class='ocrx_word' id='word_1_290' title='bbox 1462 2939 1463 2994; x_wconf 84' lang='lat' dir='ltr'>l</span> 
     </span>
     <span class='ocr_line' id='line_1_32' title="bbox 186 3035 1439 3112; baseline -0.004 -3"><span class='ocrx_word' id='word_1_291' title='bbox 186 3035 342 3109; x_wconf 83' lang='lat' dir='ltr'>finienda</span> <span class='ocrx_word' id='word_1_292' title='bbox 366 3035 502 3109; x_wconf 82' lang='lat' dir='ltr'>foedera</span> <span class='ocrx_word' id='word_1_293' title='bbox 532 3037 698 3107; x_wconf 91' lang='lat' dir='ltr'>arbitrum</span> <span class='ocrx_word' id='word_1_294' title='bbox 724 3039 981 3108; x_wconf 90' lang='lat' dir='ltr'>constituerent.</span> <span class='ocrx_word' id='word_1_295' title='bbox 1009 3043 1113 3110; x_wconf 89' lang='lat' dir='ltr'>Porro</span> <span class='ocrx_word' id='word_1_296' title='bbox 1144 3052 1259 3112; x_wconf 89' lang='lat' dir='ltr'>autem</span> <span class='ocrx_word' id='word_1_297' title='bbox 1290 3061 1367 3110; x_wconf 92' lang='lat' dir='ltr'>cum</span> <span class='ocrx_word' id='word_1_298' title='bbox 1392 3036 1439 3104; x_wconf 94' lang='lat' dir='ltr'>do-</span> 
     </span>
     <span class='ocr_line' id='line_1_33' title="bbox 187 3123 1441 3220; baseline -0.003 -22"><span class='ocrx_word' id='word_1_299' title='bbox 187 3148 284 3198; x_wconf 91' lang='lat' dir='ltr'>mum</span> <span class='ocrx_word' id='word_1_300' title='bbox 303 3126 494 3196; x_wconf 84' lang='lat' dir='ltr'>revertisset</span> <span class='ocrx_word' id='word_1_301' title='bbox 510 3127 683 3198; x_wconf 87' lang='lat' dir='ltr'>Gubazius</span> <span class='ocrx_word' id='word_1_302' title='bbox 700 3131 768 3196; x_wconf 78' lang='lat' dir='ltr'>Rex</span> <span class='ocrx_word' id='word_1_303' title='bbox 792 3131 969 3208; x_wconf 81' lang='lat' dir='ltr'>Lazarum,</span> <span class='ocrx_word' id='word_1_304' title='bbox 993 3141 1026 3196; x_wconf 91' lang='lat' dir='ltr'>et</span> <span class='ocrx_word' id='word_1_305' title='bbox 1049 3127 1214 3214; x_wconf 89' lang='lat' dir='ltr'>subjectis</span> <span class='ocrx_word' id='word_1_306' title='bbox 1238 3128 1305 3199; x_wconf 89' lang='lat' dir='ltr'>sibi</span> <span class='ocrx_word' id='word_1_307' title='bbox 1323 3123 1441 3220; x_wconf 89' lang='lat' dir='ltr'>populis</span> 
     </span>
     <span class='ocr_line' id='line_1_34' title="bbox 188 3214 1438 3306; baseline -0.004 -20"><span class='ocrx_word' id='word_1_308' title='bbox 188 3214 352 3286; x_wconf 90' lang='lat' dir='ltr'>narrabat</span> <span class='ocrx_word' id='word_1_309' title='bbox 377 3215 595 3296; x_wconf 86' lang='lat' dir='ltr'>miraculum,</span> <span class='ocrx_word' id='word_1_310' title='bbox 618 3229 649 3284; x_wconf 92' lang='lat' dir='ltr'>et</span> <span class='ocrx_word' id='word_1_311' title='bbox 666 3215 778 3286; x_wconf 88' lang='lat' dir='ltr'>Sancti</span> <span class='ocrx_word' id='word_1_312' title='bbox 790 3237 926 3306; x_wconf 90' lang='lat' dir='ltr'>semper</span> <span class='ocrx_word' id='word_1_313' title='bbox 941 3216 1156 3298; x_wconf 90' lang='lat' dir='ltr'>meminerat;</span> <span class='ocrx_word' id='word_1_314' title='bbox 1175 3239 1288 3304; x_wconf 91' lang='lat' dir='ltr'>neque</span> <span class='ocrx_word' id='word_1_315' title='bbox 1306 3231 1438 3302; x_wconf 90' lang='lat' dir='ltr'>unquam</span> 
     </span>
     <span class='ocr_line' id='line_1_35' title="bbox 187 3303 1441 3392; baseline -0.006 -18"><span class='ocrx_word' id='word_1_316' title='bbox 187 3305 342 3376; x_wconf 90' lang='lat' dir='ltr'>mittebat</span> <span class='ocrx_word' id='word_1_317' title='bbox 365 3305 578 3392; x_wconf 87' lang='lat' dir='ltr'>Byzantium,</span> <span class='ocrx_word' id='word_1_318' title='bbox 594 3303 678 3390; x_wconf 91' lang='lat' dir='ltr'>quin</span> <span class='ocrx_word' id='word_1_319' title='bbox 704 3303 843 3374; x_wconf 89' lang='lat' dir='ltr'>adeum</span> <span class='ocrx_word' id='word_1_320' title='bbox 868 3325 1005 3392; x_wconf 88' lang='lat' dir='ltr'>quoque</span> <span class='ocrx_word' id='word_1_321' title='bbox 1028 3305 1192 3376; x_wconf 84' lang='lat' dir='ltr'>scriberet</span> <span class='ocrx_word' id='word_1_322' title='bbox 1208 3305 1349 3388; x_wconf 86' lang='lat' dir='ltr'>litteras,</span> <span class='ocrx_word' id='word_1_323' title='bbox 1369 3319 1441 3389; x_wconf 89' lang='lat' dir='ltr'>quac</span> 
     </span>
     <span class='ocr_line' id='line_1_36' title="bbox 188 3389 1440 3484; baseline -0.006 -21"><span class='ocrx_word' id='word_1_324' title='bbox 188 3415 255 3466; x_wconf 90' lang='lat' dir='ltr'>non</span> <span class='ocrx_word' id='word_1_325' title='bbox 278 3394 551 3464; x_wconf 90' lang='lat' dir='ltr'>terminabantur</span> <span class='ocrx_word' id='word_1_326' title='bbox 576 3393 658 3465; x_wconf 91' lang='lat' dir='ltr'>solis</span> <span class='ocrx_word' id='word_1_327' title='bbox 675 3392 951 3473; x_wconf 87' lang='lat' dir='ltr'>salutationibus,</span> <span class='ocrx_word' id='word_1_328' title='bbox 981 3392 1040 3464; x_wconf 90' lang='lat' dir='ltr'>sed</span> <span class='ocrx_word' id='word_1_329' title='bbox 1066 3394 1168 3464; x_wconf 90' lang='lat' dir='ltr'>etiam</span> <span class='ocrx_word' id='word_1_330' title='bbox 1191 3394 1333 3484; x_wconf 90' lang='lat' dir='ltr'>plurimi</span> <span class='ocrx_word' id='word_1_331' title='bbox 1355 3389 1440 3462; x_wconf 88' lang='lat' dir='ltr'>lacie-</span> 
     </span>
     <span class='ocr_line' id='line_1_37' title="bbox 186 3477 1442 3574; baseline -0.005 -22"><span class='ocrx_word' id='word_1_332' title='bbox 186 3483 270 3553; x_wconf 90' lang='lat' dir='ltr'>bant</span> <span class='ocrx_word' id='word_1_333' title='bbox 288 3484 364 3572; x_wconf 74' lang='lat' dir='ltr'>eJus</span> <span class='ocrx_word' id='word_1_334' title='bbox 383 3482 592 3562; x_wconf 87' lang='lat' dir='ltr'>meminisse,</span> <span class='ocrx_word' id='word_1_335' title='bbox 619 3495 652 3552; x_wconf 90' lang='lat' dir='ltr'>et</span> <span class='ocrx_word' id='word_1_336' title='bbox 675 3482 853 3571; x_wconf 88' lang='lat' dir='ltr'>rogabant,</span> <span class='ocrx_word' id='word_1_337' title='bbox 875 3495 915 3554; x_wconf 95' lang='lat' dir='ltr'>ut</span> <span class='ocrx_word' id='word_1_338' title='bbox 937 3494 1048 3552; x_wconf 88' lang='lat' dir='ltr'>oraret</span> <span class='ocrx_word' id='word_1_339' title='bbox 1064 3503 1125 3572; x_wconf 89' lang='lat' dir='ltr'>pro</span> <span class='ocrx_word' id='word_1_340' title='bbox 1149 3505 1212 3555; x_wconf 91' lang='lat' dir='ltr'>suo</span> <span class='ocrx_word' id='word_1_341' title='bbox 1237 3506 1351 3574; x_wconf 91' lang='lat' dir='ltr'>regno.</span> <span class='ocrx_word' id='word_1_342' title='bbox 1368 3477 1442 3550; x_wconf 89' lang='lat' dir='ltr'>ldeo</span> 
     </span>
     <span class='ocr_line' id='line_1_38' title="bbox 186 3570 1440 3663; baseline -0.005 -19"><span class='ocrx_word' id='word_1_343' title='bbox 186 3572 371 3663; x_wconf 86' lang='lat' dir='ltr'>stupebant</span> <span class='ocrx_word' id='word_1_344' title='bbox 394 3592 525 3652; x_wconf 89' lang='lat' dir='ltr'>omnes,</span> <span class='ocrx_word' id='word_1_345' title='bbox 548 3571 635 3660; x_wconf 90' lang='lat' dir='ltr'>justi</span> <span class='ocrx_word' id='word_1_346' title='bbox 660 3570 894 3652; x_wconf 89' lang='lat' dir='ltr'>tolerantiam,</span> <span class='ocrx_word' id='word_1_347' title='bbox 921 3584 954 3642; x_wconf 91' lang='lat' dir='ltr'>et</span> <span class='ocrx_word' id='word_1_348' title='bbox 979 3573 1166 3663; x_wconf 89' lang='lat' dir='ltr'>propinqui</span> <span class='ocrx_word' id='word_1_349' title='bbox 1187 3585 1220 3642; x_wconf 91' lang='lat' dir='ltr'>et</span> <span class='ocrx_word' id='word_1_350' title='bbox 1243 3572 1399 3662; x_wconf 89' lang='lat' dir='ltr'>hospites,</span> <span class='ocrx_word' id='word_1_351' title='bbox 1415 3577 1440 3633; x_wconf 85' lang='lat' dir='ltr'>et</span> 
     </span>
     <span class='ocr_line' id='line_1_39' title="bbox 185 3657 1441 3751; baseline -0.006 -20"><span class='ocrx_word' id='word_1_352' title='bbox 185 3661 310 3751; x_wconf 89' lang='lat' dir='ltr'>privati</span> <span class='ocrx_word' id='word_1_353' title='bbox 333 3672 366 3730; x_wconf 93' lang='lat' dir='ltr'>et</span> <span class='ocrx_word' id='word_1_354' title='bbox 390 3664 509 3750; x_wconf 75' lang='lat' dir='ltr'>Reges</span> <span class='ocrx_word' id='word_1_355' title='bbox 531 3671 563 3730; x_wconf 89' lang='lat' dir='ltr'>et</span> <span class='ocrx_word' id='word_1_356' title='bbox 587 3660 731 3730; x_wconf 84' lang='lat' dir='ltr'>Romani</span> <span class='ocrx_word' id='word_1_357' title='bbox 748 3673 781 3730; x_wconf 88' lang='lat' dir='ltr'>et</span> <span class='ocrx_word' id='word_1_358' title='bbox 801 3659 951 3741; x_wconf 88' lang='lat' dir='ltr'>barbari;</span> <span class='ocrx_word' id='word_1_359' title='bbox 965 3674 998 3730; x_wconf 90' lang='lat' dir='ltr'>et</span> <span class='ocrx_word' id='word_1_360' title='bbox 1020 3659 1234 3743; x_wconf 89' lang='lat' dir='ltr'>accedentes,</span> <span class='ocrx_word' id='word_1_361' title='bbox 1252 3657 1441 3733; x_wconf 88' lang='lat' dir='ltr'>accedebant</span> 
     </span>
     <span class='ocr_line' id='line_1_40' title="bbox 184 3746 1441 3840; baseline 0.007 -22"><span class='ocrx_word' id='word_1_362' title='bbox 184 3761 361 3836; x_wconf 86' lang='lat' dir='ltr'>tamquam</span> <span class='ocrx_word' id='word_1_363' title='bbox 379 3749 423 3818; x_wconf 91' lang='lat' dir='ltr'>ad</span> <span class='ocrx_word' id='word_1_364' title='bbox 446 3746 626 3836; x_wconf 79' lang='lat' dir='ltr'>Angelum;</span> <span class='ocrx_word' id='word_1_365' title='bbox 653 3761 685 3818; x_wconf 95' lang='lat' dir='ltr'>et</span> <span class='ocrx_word' id='word_1_366' title='bbox 701 3749 878 3830; x_wconf 91' lang='lat' dir='ltr'>abeuntes,</span> <span class='ocrx_word' id='word_1_367' title='bbox 897 3749 973 3840; x_wconf 91' lang='lat' dir='ltr'>ejus</span> <span class='ocrx_word' id='word_1_368' title='bbox 988 3749 1193 3821; x_wconf 88' lang='lat' dir='ltr'>invocabant</span> <span class='ocrx_word' id='word_1_369' title='bbox 1212 3751 1389 3826; x_wconf 76' lang='lat' dir='ltr'>auritium,</span> <span class='ocrx_word' id='word_1_370' title='bbox 1414 3753 1441 3810; x_wconf 73' lang='lat'>0²</span> 
     </span>
     <span class='ocr_line' id='line_1_41' title="bbox 183 3837 1123 3928; baseline -0.001 -20"><span class='ocrx_word' id='word_1_371' title='bbox 183 3839 345 3928; x_wconf 90' lang='lat' dir='ltr'>precibus</span> <span class='ocrx_word' id='word_1_372' title='bbox 361 3839 405 3908; x_wconf 91' lang='lat' dir='ltr'>ab</span> <span class='ocrx_word' id='word_1_373' title='bbox 421 3859 461 3908; x_wconf 90' lang='lat' dir='ltr'>eo</span> <span class='ocrx_word' id='word_1_374' title='bbox 483 3837 613 3924; x_wconf 91' lang='lat' dir='ltr'>aliquid</span> <span class='ocrx_word' id='word_1_375' title='bbox 640 3838 810 3928; x_wconf 89' lang='lat' dir='ltr'>petebant,</span> <span class='ocrx_word' id='word_1_376' title='bbox 829 3850 862 3908; x_wconf 91' lang='lat' dir='ltr'>et</span> <span class='ocrx_word' id='word_1_377' title='bbox 881 3838 1123 3928; x_wconf 91' lang='lat' dir='ltr'>impetrabant.</span> 
     </span>
    </p>

    <p class='ocr_par' dir='ltr' id='par_1_4' title="bbox 182 3915 1462 4374">
     <span class='ocr_line' id='line_1_42' title="bbox 226 3915 1462 4018; baseline -0.006 -20"><span class='ocrx_word' id='word_1_378' title='bbox 226 3928 352 4014; x_wconf 58' lang='lat'>§82</span> <span class='ocrx_word' id='word_1_379' title='bbox 379 3931 485 4013; x_wconf 77' lang='lat' dir='ltr'>Atque</span> <span class='ocrx_word' id='word_1_380' title='bbox 509 3925 688 3996; x_wconf 90' lang='lat' dir='ltr'>sulliciunt</span> <span class='ocrx_word' id='word_1_381' title='bbox 718 3926 857 4013; x_wconf 93' lang='lat' dir='ltr'>quidem</span> <span class='ocrx_word' id='word_1_382' title='bbox 882 3949 1030 4014; x_wconf 86' lang='lat' dir='ltr'>eaquae</span> <span class='ocrx_word' id='word_1_383' title='bbox 1055 3950 1165 4018; x_wconf 91' lang='lat' dir='ltr'>nuper</span> <span class='ocrx_word' id='word_1_384' title='bbox 1193 3929 1284 3999; x_wconf 91' lang='lat' dir='ltr'>dicta</span> <span class='ocrx_word' id='word_1_385' title='bbox 1308 3915 1438 4018; x_wconf 79' lang='lat' dir='ltr'>suntad</span> <span class='ocrx_word' id='word_1_386' title='bbox 1461 3951 1462 4006; x_wconf 62' lang='lat'>3</span> 
     </span>
     <span class='ocr_line' id='line_1_43' title="bbox 182 4013 1462 4106; baseline -0.006 -23"><span class='ocrx_word' id='word_1_387' title='bbox 182 4014 449 4106; x_wconf 85' lang='lat' dir='ltr'>significandam</span> <span class='ocrx_word' id='word_1_388' title='bbox 474 4015 568 4088; x_wconf 90' lang='lat' dir='ltr'>illius</span> <span class='ocrx_word' id='word_1_389' title='bbox 593 4013 828 4086; x_wconf 80' lang='lat' dir='ltr'>fortitudinem</span> <span class='ocrx_word' id='word_1_390' title='bbox 847 4039 855 4083; x_wconf 95' lang='lat'>:</span> <span class='ocrx_word' id='word_1_391' title='bbox 880 4027 913 4086; x_wconf 90' lang='lat' dir='ltr'>et</span> <span class='ocrx_word' id='word_1_392' title='bbox 932 4015 1022 4104; x_wconf 96' lang='lat' dir='ltr'>quod</span> <span class='ocrx_word' id='word_1_393' title='bbox 1048 4039 1137 4104; x_wconf 89' lang='lat' dir='ltr'>quae</span> <span class='ocrx_word' id='word_1_394' title='bbox 1160 4020 1204 4090; x_wconf 90' lang='lat' dir='ltr'>ab</span> <span class='ocrx_word' id='word_1_395' title='bbox 1227 4039 1267 4088; x_wconf 91' lang='lat' dir='ltr'>eo</span> <span class='ocrx_word' id='word_1_396' title='bbox 1290 4013 1462 4102; x_wconf 74' lang='lat' dir='ltr'>suscipio-j</span> 
     </span>
     <span class='ocr_line' id='line_1_44' title="bbox 183 4103 1462 4191; baseline -0.008 -18"><span class='ocrx_word' id='word_1_397' title='bbox 183 4104 311 4174; x_wconf 90' lang='lat' dir='ltr'>bantur</span> <span class='ocrx_word' id='word_1_398' title='bbox 334 4103 541 4185; x_wconf 88' lang='lat' dir='ltr'>certamina,</span> <span class='ocrx_word' id='word_1_399' title='bbox 568 4116 665 4174; x_wconf 92' lang='lat' dir='ltr'>erant</span> <span class='ocrx_word' id='word_1_400' title='bbox 689 4105 831 4191; x_wconf 88' lang='lat' dir='ltr'>majora,</span> <span class='ocrx_word' id='word_1_401' title='bbox 861 4127 966 4191; x_wconf 91' lang='lat' dir='ltr'>quam</span> <span class='ocrx_word' id='word_1_402' title='bbox 992 4117 1029 4175; x_wconf 91' lang='lat' dir='ltr'>ut</span> <span class='ocrx_word' id='word_1_403' title='bbox 1062 4105 1195 4186; x_wconf 80' lang='lat' dir='ltr'>bomini</span> <span class='ocrx_word' id='word_1_404' title='bbox 1221 4103 1436 4176; x_wconf 86' lang='lat' dir='ltr'>convenirent.</span> <span class='ocrx_word' id='word_1_405' title='bbox 1461 4109 1462 4188; x_wconf 73' lang='grc' dir='ltr'><strong>ι</strong></span> 
     </span>
     <span class='ocr_line' id='line_1_45' title="bbox 185 4193 1462 4288; baseline -0.002 -26"><span class='ocrx_word' id='word_1_406' title='bbox 185 4193 353 4274; x_wconf 86' lang='lat' dir='ltr'>Quoniam</span> <span class='ocrx_word' id='word_1_407' title='bbox 385 4205 499 4262; x_wconf 88' lang='lat' dir='ltr'>autem</span> <span class='ocrx_word' id='word_1_408' title='bbox 526 4193 590 4263; x_wconf 93' lang='lat' dir='ltr'>hoc</span> <span class='ocrx_word' id='word_1_409' title='bbox 622 4193 770 4264; x_wconf 88' lang='lat' dir='ltr'>maxime</span> <span class='ocrx_word' id='word_1_410' title='bbox 804 4193 948 4274; x_wconf 89' lang='lat' dir='ltr'>studeo,</span> <span class='ocrx_word' id='word_1_411' title='bbox 987 4194 1072 4266; x_wconf 89' lang='lat' dir='ltr'>nibil</span> <span class='ocrx_word' id='word_1_412' title='bbox 1109 4193 1462 4288; x_wconf 53' lang='lat' dir='ltr'>praetermitteretur*</span> 
     </span>
     <span class='ocr_line' id='line_1_46' title="bbox 183 4281 1438 4374; baseline -0.002 -24"><span class='ocrx_word' id='word_1_413' title='bbox 183 4303 275 4366; x_wconf 88' lang='lat' dir='ltr'>rum,</span> <span class='ocrx_word' id='word_1_414' title='bbox 301 4295 494 4368; x_wconf 90' lang='lat' dir='ltr'>quaesunt</span> <span class='ocrx_word' id='word_1_415' title='bbox 518 4283 723 4371; x_wconf 89' lang='lat' dir='ltr'>praecipua,</span> <span class='ocrx_word' id='word_1_416' title='bbox 744 4281 907 4370; x_wconf 91' lang='lat' dir='ltr'>adjiciam</span> <span class='ocrx_word' id='word_1_417' title='bbox 932 4283 976 4353; x_wconf 93' lang='lat' dir='ltr'>iis</span> <span class='ocrx_word' id='word_1_418' title='bbox 999 4305 1087 4374; x_wconf 91' lang='lat' dir='ltr'>quae</span> <span class='ocrx_word' id='word_1_419' title='bbox 1106 4284 1197 4357; x_wconf 90' lang='lat' dir='ltr'>dicta</span> <span class='ocrx_word' id='word_1_420' title='bbox 1222 4297 1312 4363; x_wconf 91' lang='lat' dir='ltr'>sunt,</span> <span class='ocrx_word' id='word_1_421' title='bbox 1338 4293 1438 4362; x_wconf 71' lang='lat' dir='ltr'>majus</span> 
     </span>
    </p>
   </div>
   <div class='ocr_carea' id='block_1_3' title="bbox 210 4408 1131 4470">
    <p class='ocr_par' dir='ltr' id='par_1_5' title="bbox 210 4408 1131 4470">
     <span class='ocr_line' id='line_1_47' title="bbox 210 4408 1131 4470; baseline 0.004 -21"><span class='ocrx_word' id='word_1_422' title='bbox 210 4408 224 4436; x_wconf 74' lang='lat'>*²</span> <span class='ocrx_word' id='word_1_423' title='bbox 237 4408 393 4459; x_wconf 73' lang='lat' dir='ltr'>monopolim</span> <span class='ocrx_word' id='word_1_424' title='bbox 402 4409 574 4452; x_wconf 78' lang='lat' dir='ltr'>tutert’ontum</span> <span class='ocrx_word' id='word_1_425' title='bbox 584 4410 734 4452; x_wconf 74' lang='lat' dir='ltr'>ammonet</span> <span class='ocrx_word' id='word_1_426' title='bbox 746 4409 856 4460; x_wconf 76' lang='lat' dir='ltr'>caeptam</span> <span class='ocrx_word' id='word_1_427' title='bbox 864 4411 1007 4452; x_wconf 78' lang='lat' dir='ltr'>morabatur.</span> <span class='ocrx_word' id='word_1_428' title='bbox 1125 4459 1131 4470; x_wconf 38' lang='lat'>⁸</span> 
     </span>
    </p>
   </div>
   <div class='ocr_carea' id='block_1_4' title="bbox 0 0 1484 4824">
    <p class='ocr_par' dir='ltr' id='par_1_6' title="bbox 0 0 1484 4824">
     <span class='ocr_line' id='line_1_48' title="bbox 0 0 1484 4824; baseline 0 0"><span class='ocrx_word' id='word_1_429' title='bbox 0 0 1484 4824; x_wconf 95' lang='lat' dir='ltr'> </span> 
     </span>
    </p>
   </div>
  </div>
 </body>
</html>
