2972 4826
63 198 140 276 hers
409 239 447 284 ns
469 239 592 288 invene.
620 241 667 288 ss.
694 241 854 298 nunuosn,
882 239 949 286 erc.
1203 222 1268 286 223

96 319 147 402 ll.
169 323 303 391 lerum
340 343 427 392 cum
461 323 624 414 deinceps
654 323 696 392 ad
726 345 856 394 annum
887 345 996 410 usque
1019 343 1191 394 eneconem
1223 323 1311 393 nihil

78 421 193 496 praeesse
215 409 262 480 de
289 416 352 481 SS.
383 411 590 500 Corporibus
617 428 731 482 actum
755 413 897 493 luisset,
924 412 980 480 die
1005 412 1141 482 tandem
1163 435 1221 482 vm
1244 416 1311 483 Au-

76 497 273 655 pulicarem
300 500 433 571 dilecto
457 505 571 570 Fratre
594 506 716 571 Nostro
738 501 872 590 Aloysio
897 501 1162 591 Archiepiscopc
1186 501 1313 572 ldcdio-
1363 543 1367 554 ·

97 588 176 670 censi,
193 590 341 678 ejusque
362 589 478 670 Curia,
500 613 539 660 ac
558 589 735 676 frequente
750 612 790 659 ex
807 590 971 662 omnibus
983 590 1109 660 civium
1127 589 1311 662 ordinibus

74 698 213 757 concursu,
232 700 315 748 arca
332 677 394 748 illa
421 678 661 769 porphyretica
685 676 826 749 demum
851 679 982 748 detecta
1006 678 1081 760 luit,
1109 678 1227 766 ibique
1248 679 1313 750 tria

70 769 145 834 Sacra
164 769 308 856 Corpora
334 779 469 856 reperte
493 768 594 854 aquis
618 768 757 858 penitus
781 767 949 839 demersa.
976 767 1061 837 lnde
1089 789 1167 838 vero
1195 768 1252 838 die
1277 793 1312 840 xr

37 927 38 930 Ἴ
63 853 189 941 ejusdcm
213 855 345 926 mensis
369 867 402 925 et
425 857 509 925 anni
533 856 679 937 educta,
706 879 725 925 a
757 856 874 946 peritis
896 855 1125 928 anetbomicis
1157 857 1191 926 in
1214 879 1312 928 com-

55 963 158 1032 pagem
173 965 270 1014 suam
291 945 449 1014 restituta
461 944 566 1027 luere,
586 967 626 1016 ec
641 945 779 1035 singula
793 945 943 1036 singulis
959 946 1162 1036 corporibus
1177 947 1310 1018 ossium

47 1031 227 1121 magmenta
252 1045 422 1123 coaptata.
450 1033 580 1104 Nedum
607 1045 719 1104 autem
744 1033 842 1124 periti
860 1035 923 1103 viri
939 1055 1017 1104 ossa
1036 1055 1076 1104 ex
1093 1057 1172 1105 arce
1187 1035 1312 1106 educta

41 1141 118 1188 cum
143 1120 299 1208 reliquiis
322 1121 522 1193 corumdem
548 1143 578 1210 e,
593 1122 763 1212 sepulcris
794 1125 901 1194 erutis
924 1137 1164 1212 comparantes
1187 1123 1311 1195 exinde

34 1209 267 1280 certissimum
293 1210 479 1282 identitatis
505 1225 717 1282 momentum
742 1233 883 1292 eruere,
906 1233 1023 1282 verum
1049 1213 1164 1295 etiam,
1186 1235 1225 1282 ex
1251 1233 1311 1304 pe·

29 1297 227 1368 culiaribus
253 1300 354 1380 notis,
379 1321 467 1387 quas
492 1300 686 1370 venerenda
713 1302 883 1390 majorum
906 1299 1043 1370 traditio
1066 1301 1245 1371 Ambrosio
1269 1323 1309 1372 ac

25 1387 169 1456 Sanctis
195 1389 403 1477 Martyribus
429 1388 605 1470 tribuerat,
631 1390 707 1479 ejus
730 1409 857 1490 corpus
879 1389 924 1460 eb
940 1388 1018 1459 aliis
1039 1401 1110 1460 tuto
1132 1412 1309 1461 secernere

23 1474 183 1546 minere.
210 1482 296 1546 Tum
321 1477 482 1564 denique,
508 1499 588 1547 cum
604 1491 680 1547 acta
703 1499 819 1547 omma
834 1477 1003 1565 exquisita
1023 1477 1160 1548 solertia
1176 1479 1310 1570 explete

21 1577 168 1650 essent,
198 1565 326 1653 etjam
353 1565 438 1636 nihil
458 1565 546 1650 addi
572 1587 670 1655 posse
693 1579 891 1636 censeretur
915 1565 956 1635 ad
987 1566 1227 1637 certitudinem
1253 1590 1309 1638 es·

21 1653 248 1740 sequendam
273 1676 361 1742 quae
385 1655 420 1724 in
449 1655 542 1726 hisce
567 1656 669 1726 rebus
687 1655 892 1744 postulatur,
911 1655 1092 1724 accedente
1116 1656 1310 1727 eruditissi-

22 1763 167 1813 morum
198 1743 349 1814 virorum
376 1743 552 1844 suffragio,
571 1743 767 1834 praedictus
784 1749 900 1814 Frater
912 1748 1030 1816 Noster
1046 1743 1310 1816 Mediolanensis

25 1832 324 1922 Archiepiscopus
348 1832 547 1902 solemniter
569 1833 675 1902 edixit
699 1834 753 1902 die
776 1855 857 1904 xxm
888 1831 1013 1922 Aprilis
1038 1833 1197 1904 vertentis
1226 1835 1308 1904 anni

31 1924 102 1990 iric
128 1944 304 2012 corpora,
336 1923 436 1992 Nobis
468 1922 702 2003 adstantibus,
734 1933 869 2013 reperto
901 1924 936 1992 in
959 1945 1041 1992 arco
1070 1923 1310 2012 porphyretica

29 2009 76 2077 die
93 2033 154 2080 rin
172 2013 326 2112 Aepcsti
341 2031 515 2082 uncccaxxr
534 2012 594 2080 sab
609 2013 719 2080 altori
730 2014 880 2081 blamimc
890 2012 1058 2080 Basilime
1070 2011 1310 2082 imbrosianae

32 2095 127 2187 hujus
147 2101 260 2176 Urbis,
283 2120 353 2168 esce
364 2123 442 2169 vere
456 2110 487 2170 et
500 2103 640 2202 proprie
658 2101 717 2170 SS.
734 2101 910 2180 Ambrosii,
931 2100 1077 2170 Protasii
1094 2110 1125 2169 et
1141 2101 1303 2180 Gmucsii,

34 2189 152 2258 scilicet
171 2188 267 2258 iilud
282 2189 421 2258 minoris
440 2189 632 2258 altitudinis
648 2190 683 2258 S.
700 2190 867 2259 Ambrosii
879 2189 1035 2278 Episcopi
1052 2189 1309 2258 Mactatanam's

40 2277 198 2348 Ecclesiae
220 2279 380 2358 metans,
407 2279 481 2347 clia
499 2300 577 2346 cero
599 2299 757 2366 procerae
786 2287 938 2347 staturae
959 2288 990 2347 et
1013 2277 1162 2367 florentis
1186 2279 1309 2348 aetatis

45 2365 439 2526 Scilpmtorumdblortprcm
455 2367 610 2438 demasii
630 2375 662 2434 et
680 2369 828 2435 Prctcsii
850 2367 892 2436 ob
916 2367 986 2455 ipso
1006 2368 1176 2437 Ambrosio
1201 2369 1236 2436 in
1259 2389 1308 2436 se-

44 2473 84 2536 pa
168 2478 228 2525 con
255 2456 317 2524 ita.

81 2543 157 2626 ς’ὅ.
185 2535 322 2626 Quibus
345 2543 507 2612 omnibus
524 2543 575 2614 uti
594 2563 700 2632 supra
720 2542 783 2612 rite
797 2541 976 2622 absolutis,
996 2543 1086 2612 idem
1113 2547 1228 2613 Frater
1242 2549 1307 2614 llo·

42 2639 100 2698 ster
119 2632 412 2733 Arcbiepiscopus
436 2631 699 2702 mediolanensis
714 2644 788 2700 acta
801 2629 987 2702 iudicialis
1004 2631 1244 2718 inquisitionis
1261 2630 1305 2700 ab

40 2737 118 2788 anno
141 2741 318 2792 auocauere
343 2733 461 2790 iterato
485 2743 524 2791 ac
550 2719 648 2791 tertio
672 2719 847 2790 institutae
873 2720 914 2790 ad
944 2725 1010 2790 Nos
1043 2719 1304 2790 transmittenda

30 2806 180 2900 laecasin
209 2809 305 2880 bisce
320 2809 499 2899 Supplices
516 2809 657 2880 Litteras
673 2807 808 2898 adjecit,
833 2808 1120 2899 praeclarissimis
1136 2809 1305 2880 Ambrosii

34 2899 210 2979 ¹sententiis
235 2898 379 2968 intextas
403 2898 445 2968 de
468 2899 621 2968 Primatu
645 2897 832 2967 Catbedrae
849 2898 949 2979 Petri,
979 2895 1125 2984 ejusque
1151 2897 1307 2968 inerran-
1336 2957 1340 2966 .

32 2983 95 3067 {tine
119 2988 370 3078 praerogativa,
397 2987 525 3074 quibus
545 2984 742 3056 humillime
761 2988 932 3068 exorabat,
952 3000 990 3056 ut
1005 2986 1192 3056 sententiae
1208 2989 1252 3058 ab
1270 3008 1306 3058 sc

34 3069 115 3144 llatae
133 3075 244 3146 robur
264 3075 474 3166 Apostolicae
498 3080 636 3146 Nostrae
660 3075 876 3146 Auctoritatis
893 3075 1042 3164 adjicere
1065 3073 1303 3163 dignaremur.

34 3120 95 3231 iios
115 3165 236 3252 itaque
259 3163 426 3254 ejusmodi
453 3185 569 3254 preces
593 3163 743 3252 benigne
766 3164 984 3253 excipientes,
1012 3163 1170 3249 quamvis
1194 3162 1237 3232 de
1253 3185 1304 3232 ve·

36 3224 124 3322 'sinte
147 3253 264 3324 editae
288 3252 479 3324 Sententiae
503 3251 596 3322 hand
618 3251 748 3342 ambigi
782 3273 880 3342 posse
904 3271 1147 3352 censeremus,
1177 3249 1304 3320 nihilo·

44 3341 156 3424 minus,
185 3354 226 3412 ut
249 3342 448 3412 obstruatur
471 3363 509 3411 os
534 3340 746 3428 loquentium
773 3341 904 3427 iniqua,
933 3362 992 3428 qur
1011 3338 1217 3410 catholicam
1244 3344 1306 3408 Ec-

42 3425 182 3510 usiam,
213 3452 281 3500 nnn
308 3429 420 3501 solum
446 3443 583 3520 pmpter
605 3430 737 3500 cultum
763 3433 944 3499 Sacrarum
970 3429 1194 3509 Exuviarnm,
1216 3448 1306 3514 quae

38 3515 109 3614 [clim
133 3520 214 3590 viva
238 3519 362 3592 Christi
378 3518 533 3589 membra
551 3518 656 3600 luere,
683 3541 722 3588 ac
748 3518 923 3608 templus.
944 3517 1105 3607 Spiritus
1125 3515 1303 3586 abeodem

38 3615 148 3696 tuarum
170 3607 336 3679 advitam
361 3607 562 3679 suscitanda
581 3620 614 3677 et
634 3606 872 3697 glorificanda,
902 3628 1020 3676 verum
1045 3607 1146 3676 etiam
1167 3618 1306 3694 propter

39 3687 154 3782 lidses,
186 3720 251 3768 ceu
277 3696 466 3778 blaterant,
494 3703 696 3767 Sanctorum
718 3695 892 3783 Reliquias
916 3694 1071 3765 fidelium
1095 3693 1304 3768 venerationi

40 3767 234 3875 'propositas
263 3787 498 3876 impietatiset
522 3785 778 3874 superstitionis
803 3783 1006 3884 insimulare
1034 3805 1101 3852 non
1130 3796 1303 3865 verentur,

33 3887 99 3965 ptem
114 3875 336 3967 diligentiam
358 3875 393 3944 in
415 3897 498 3946 casu
513 3874 745 3944 adhibendam
763 3895 837 3944 esse
853 3873 1037 3952 voluimus,
1055 3893 1124 3960 qua
1145 3873 1179 3940 in
1203 3873 1305 3944 rebus

24 3967 107 4041 ilenti
123 3965 293 4036 momenti
313 3985 450 4052 semper
465 3962 774 4053 ApostolicaSedes
789 3961 970 4048 procedere
986 3962 1176 4061 consuevit.
1192 3967 1306 4044 Quare

26 4055 272 4127 annnullorum
301 4058 460 4123 Fratrum
494 4057 692 4122 Nostrorum
721 4055 753 4120 S.
786 4055 825 4120 ll.
857 4055 894 4118 Ε.
927 4049 1161 4120 Cardrnalinm
1192 4051 1305 4120 Sacris

43 4145 157 4216 tamdia
186 4145 327 4217 Ritibus
352 4139 643 4234 praepositorum,
669 4154 700 4208 et
724 4137 954 4226 quorumdem
981 4137 1134 4228 ejusdem
1159 4143 1191 4208 S.
1219 4144 1306 4208 Con-

41 4237 229 4324 pngutionis
250 4229 461 4306 Praesnlum
487 4227 691 4299 Officialium
719 4227 885 4328 peculiari
910 4228 1066 4298 Gaetula
1091 4228 1193 4299 llcbis
1213 4227 1305 4297 dele-

39 4336 90 4404 ⁰²⁰,
112 4329 211 4399 totius
237 4322 375 4418 negotii
401 4339 543 4388 examen
569 4317 821 4388 commisimus.
