2954 4816
36 303 113 368 otto.
142 303 183 369 st
428 323 465 368 ox
491 321 608 368 vrorum
633 321 766 369 nxxxcxs
790 321 900 369 oomni
1194 303 1258 370 393

35 421 66 476 nt
79 403 278 476 intereat'in
303 405 458 476 seculum
484 405 605 488 seculi,
622 406 693 484 uisi
709 419 741 476 et
758 405 844 475 alios
868 405 911 475 ad
930 407 1105 476 interitum
1126 407 1302 496 pertrabat

34 496 291 582 sempiternum.
319 495 419 566 Scitis
444 496 549 576 enim,
567 495 648 586 quia
674 495 782 566 multa
805 495 887 565 vitiu
911 496 1301 568 tenerrimisaetatibus

35 584 290 674 imprimuntur,
309 605 399 670 quae
415 596 530 674 postea
554 584 589 652 in
609 605 734 673 magno
750 605 893 671 corpore
911 584 963 652 vix
981 585 1149 674 mitigare,
1171 585 1298 654 nedum

32 675 194 762 extirpare
211 673 396 760 quisquam
417 674 534 762 possit.
551 671 707 742 Infelices
725 674 893 763 magistri,
909 673 968 761 qui
987 672 1188 762 hujusmodi
1203 674 1300 763 plan·

34 764 108 832 taria
133 762 390 852 plantaverunt,
408 783 496 848 quae
519 762 763 851 explantantur
778 765 822 832 ab
842 761 901 831 illa
921 761 1058 832 coelesti
1077 761 1298 851 plantatione,

31 873 124 937 quam
147 851 318 940 plantavit
343 865 436 938 puter
452 849 509 919 ille
525 850 691 921 coelestis.
711 850 795 932 Quis
810 849 1027 941 gloriabitur,
1055 873 1090 922 se
1110 851 1214 938 hujus
1235 852 1300 921 rivi

34 941 236 1010 torrentibus
254 961 321 1009 non
339 938 447 1010 luisse
467 939 654 1008 vallatum?

70 1031 181 1114 §12
206 1029 384 1118 Septimus
410 1040 461 1098 est
487 1029 521 1096 in
548 1028 602 1097 his
621 1028 785 1098 omnibus
806 1049 1033 1118 perseverare.
1055 1030 1118 1098 Hic
1143 1041 1301 1118 peccator

34 1118 229 1188 submersus
250 1128 301 1186 est
315 1127 348 1185 et
363 1115 559 1206 absorptus,
578 1128 611 1186 et
628 1117 753 1188 clausit
769 1139 965 1207 supereum
988 1130 1113 1204 puteus
1127 1138 1166 1187 os
1181 1139 1295 1188 suum.

36 1210 108 1274 Cum
122 1207 215 1275 enim
234 1227 304 1276 non
322 1204 411 1275 levat
425 1205 544 1276 oculos
564 1205 606 1274 ad
628 1205 776 1286 coelum,
793 1228 856 1275 nac
876 1206 1076 1276 recordatur
1084 1206 1299 1296 judiciorum

32 1293 203 1381 justorum,
225 1307 388 1364 mortuus
411 1305 444 1364 et
466 1293 623 1386 sepultus
644 1307 695 1364 est
718 1296 753 1362 in
779 1293 938 1384 sepulcro
955 1295 1185 1366 conscientiae
1202 1315 1296 1364 suae.

37 1388 148 1452 lucca
175 1396 329 1464 mortuo,
357 1395 532 1471 tamquam
558 1383 617 1470 qui
636 1405 703 1453 non
728 1395 790 1463 est,¹
812 1383 900 1473 perit
915 1383 1095 1453 confessio.
1112 1389 1205 1453 Tunc
1222 1405 1300 1474 pec-

34 1483 124 1550 cator,
139 1495 220 1542 cum
252 1472 381 1542 venerit
398 1472 432 1540 in
458 1470 670 1563 protundum
693 1472 877 1553 malorum,
896 1474 1096 1542 contemnit.
1116 1474 1178 1542 lllc
1195 1486 1246 1542 est
1263 1473 1297 1540 in

34 1573 169 1630 extremo
192 1560 388 1630 fluminum
408 1562 561 1651 Aegypti.
579 1564 641 1631 ch
667 1560 854 1630 multitudo
876 1561 1133 1631 miserationum
1161 1561 1299 1630 Domini

35 1648 150 1718 tollitur
172 1649 220 1719 ab
246 1648 359 1718 oculis
375 1650 461 1737 ejus.
479 1653 505 1720 0
526 1651 653 1719 llumen
679 1650 822 1730 malum,
839 1649 901 1719 rivi
929 1649 1084 1740 pessimi,¹
1101 1649 1164 1718 rivi
1188 1663 1299 1720 exter-

36 1737 212 1808 minantesl
250 1743 323 1807 Hac
355 1750 453 1808 nocta
478 1739 644 1810 Dominus
671 1761 729 1832 eos
752 1739 925 1810 calceatus
949 1738 1129 1819 transivit,
1151 1760 1230 1808 cum
1262 1739 1298 1807 in

39 1827 178 1914 virginali
205 1827 403 1898 substantia
421 1849 542 1917 puram
564 1849 716 1910 carnem,
733 1840 767 1897 et
789 1828 945 1897 omnium
968 1828 1220 1917 praetaxatione
1239 1849 1297 1916 pc-

42 1915 123 1984 stium
142 1917 341 1986 immunem
360 1916 502 2006 accepit,
521 1915 581 1986 illo
597 1915 828 1986 calceamento
844 1916 1028 1997 calceatus,
1048 1915 1138 2003 quod
1165 1916 1199 1984 in
1218 1915 1299 1985 ldu-

41 2024 150 2075 maeam
177 2003 346 2084 extendit,
368 2005 468 2094 cujus
485 2005 668 2090 corrigiam
688 2004 817 2076 solvere
840 2027 906 2074 non
929 2007 1040 2096 potuit
1064 2027 1213 2095 magnus
1241 2003 1300 2074 ille

40 2093 179 2181 Baptista.
210 2094 305 2164 Misit
329 2093 371 2162 de
398 2115 535 2163 summo
559 2094 670 2163 filium
700 2115 821 2175 suum,
848 2107 880 2163 et
904 2095 1035 2184 accepit
1062 2115 1116 2162 me
1145 2093 1179 2162 in
1201 2104 1299 2162 utero

41 2181 179 2271 Virginis,
198 2195 233 2253 et
251 2183 303 2252 sic
320 2181 457 2252 tandem
475 2183 666 2272 assumpsit
691 2205 745 2250 me
761 2183 803 2251 de
820 2183 920 2270 aquis
940 2183 1078 2253 multis:
1097 2203 1183 2268 quas
1202 2181 1298 2252 vobis

40 2267 166 2340 breviter
184 2271 473 2362 praelibavimus.
491 2274 609 2341 Libero
622 2295 686 2352 me,
706 2271 828 2359 inquit,
851 2273 892 2340 ab
909 2273 971 2344 bis.
995 2274 1057 2364 qui
1070 2271 1211 2341 oderrmt
1230 2293 1293 2352 mc,

40 2365 62 2422 et
82 2361 117 2427 de
136 2361 319 2450 profundis
343 2381 511 2452 aquarum
535 2361 604 2450 (Pe.
624 2367 692 2448 68).

72 2449 177 2532 §¹8.
209 2448 450 2519 Porcutiemus
480 2469 560 2528 eos,
591 2449 620 2520 si
649 2449 840 2538 cogitemus
866 2471 927 2538 pro
952 2461 1090 2537 peccato
1116 2460 1242 2528 nostro,
1266 2449 1295 2518 si

42 2535 271 2612 prohibeamus
289 2536 443 2625 linguam
465 2537 590 2617 adolo,
618 2537 647 2606 si
663 2536 879 2608 declinemus
903 2559 920 2606 a
949 2537 1050 2618 malo,
1070 2549 1102 2605 et
1126 2534 1295 2606 iaciamus

40 2619 162 2706 bonum,
188 2626 219 2696 si
249 2625 480 2695 conliteamur
503 2626 685 2696 adversum
723 2647 784 2695 nos
816 2626 1021 2716 injustitiam
1057 2637 1207 2695 nostram
1236 2631 1297 2694 Do-

42 2711 128 2808 ¹raino,
145 2715 174 2783 si
192 2714 297 2784 dolor
313 2729 425 2784 noster
439 2717 484 2784 sit
500 2737 637 2804 semper
652 2716 686 2783 in
705 2728 891 2804 conspectu
913 2727 1039 2794 nostro,
1060 2713 1087 2784 si
1109 2713 1296 2784 doceamus

41 2818 158 2886 iniquos
182 2805 255 2873 vias
284 2803 430 2884 Domini,
448 2817 481 2874 et
505 2825 641 2893 semper
658 2804 734 2873 laus
759 2805 816 2872 Dei
841 2805 884 2872 sit
910 2804 943 2872 in
968 2825 1025 2872 ore
1052 2815 1178 2872 nostro.
1197 2807 1236 2870 lit
1259 2815 1298 2872 ut
1346 2811 1347 2818 ’

42 2883 73 2953 tle
93 2903 158 2960 arte
181 2892 316 2962 sutoria
340 2891 465 2962 nostris
498 2893 653 2962 moribus
678 2893 808 2979 aliquid
840 2913 1075 2972 consumme,
1107 2891 1297 2962 habeamus

41 2975 252 3073 culceamenta
279 2980 398 3060 densa,
416 2993 448 3051 et
472 2981 646 3050 subtiliter
661 2994 817 3062 consuta,
840 3003 928 3068 quae
950 2981 1080 3070 possint
1104 3001 1211 3068 aquas
1235 2982 1297 3050 ob-

43 3079 153 3160 nantcs
167 3068 362 3139 excludere.
384 3068 564 3141 Faciamus
581 3092 720 3140 carnem
741 3081 890 3140 nostram
910 3069 1059 3148 firmam,
1077 3082 1110 3139 et
1124 3069 1295 3139 conlixam

44 3161 144 3224 tnnore
167 3158 319 3239 Domini,
345 3179 433 3245 quae
460 3157 617 3230 libidinis
642 3158 821 3228 humorem
842 3157 1012 3234 excludat,
1031 3168 1064 3226 et
1082 3172 1223 3230 excocta
1238 3157 1296 3226 tri·

44 3236 259 3318 inlationibus
275 3259 380 3336 atque
396 3245 550 3329 densata,
569 3248 629 3317 liat
652 3261 729 3317 uter
751 3269 862 3317 novus
882 3247 924 3316 ad
949 3247 1223 3316 conservandum
1245 3246 1296 3314 vi-

45 3347 111 3400 num
128 3355 265 3418 noxum,
282 3335 409 3422 dequo
431 3335 570 3406 dicitur:
589 3339 675 3420 Quia
697 3340 808 3426 sactus
822 3359 897 3406 sum
912 3337 999 3405 sicut
1021 3345 1097 3404 ulcr
1113 3337 1147 3406 in
1170 3336 1297 3425 mnino

44 3415 98 3512 (lt.
118 3425 202 3512 ll8l.
223 3423 291 3495 Sed
312 3424 385 3514 jam
406 3425 509 3494 corda
533 3438 566 3495 et
588 3447 733 3515 corpora
758 3438 884 3506 nostra,
904 3423 947 3493 ad
967 3422 1227 3512 suscipiendum
1253 3423 1294 3492 li-

47 3501 113 3576 lnnn
137 3513 286 3602 virginis
311 3526 525 3602 praeparata,
548 3513 764 3584 dimittamus
784 3514 818 3582 in
845 3535 940 3603 pace,
960 3527 993 3582 et
1008 3533 1127 3582 omnes
1147 3513 1181 3579 in
1200 3532 1294 3580 oom-

47 3609 131 3665 nune
148 3597 263 3672 lumen
284 3600 328 3669 ad
350 3601 588 3672 revelationem
614 3603 766 3692 gentium
794 3603 1038 3672 innocentibus
1055 3600 1207 3670 brachiis
1221 3621 1294 3668 am-

48 3678 234 3762 plectamur:
256 3689 326 3774 Qui
351 3702 401 3760 est
424 3695 513 3762 Deus
536 3691 739 3762 benedictus
764 3692 799 3760 in
824 3691 954 3762 seculo.
982 3695 1098 3761 lmen.
