<?xml version="1.0" encoding="UTF-8"?>
<!DOCTYPE html PUBLIC "-//W3C//DTD XHTML 1.0 Transitional//EN"
    "http://www.w3.org/TR/xhtml1/DTD/xhtml1-transitional.dtd">
<html xmlns="http://www.w3.org/1999/xhtml" xml:lang="en" lang="en">
 <head>
  <title>
</title>
<meta http-equiv="Content-Type" content="text/html;charset=utf-8" />
  <meta name='ocr-system' content='tesseract 3.04.00' />
  <meta name='ocr-capabilities' content='ocr_page ocr_carea ocr_par ocr_line ocrx_word'/>
</head>
<body>
  <div class='ocr_page' id='page_1' title='image "./historiaeseuvit00lippgoog_0152.png"; bbox 0 0 2994 4832; ppageno 0'>
   <div class='ocr_carea' id='block_1_1' title="bbox 61 281 1245 346">
    <p class='ocr_par' dir='ltr' id='par_1_1' title="bbox 61 281 1245 346">
     <span class='ocr_line' id='line_1_1' title="bbox 61 281 1245 346; baseline 0 -1"><span class='ocrx_word' id='word_1_1' title='bbox 61 281 118 346; x_wconf 81' lang='lat' dir='ltr'>tet.</span> <span class='ocrx_word' id='word_1_2' title='bbox 140 283 157 344; x_wconf 83' lang='lat'>5</span> <span class='ocrx_word' id='word_1_3' title='bbox 420 297 458 344; x_wconf 84' lang='lat' dir='ltr'>nx</span> <span class='ocrx_word' id='word_1_4' title='bbox 481 298 507 344; x_wconf 88' lang='lat' dir='ltr'>s.</span> <span class='ocrx_word' id='word_1_5' title='bbox 535 297 613 346; x_wconf 79' lang='lat' dir='ltr'>snm</span> <span class='ocrx_word' id='word_1_6' title='bbox 636 298 707 346; x_wconf 76' lang='lat' dir='ltr'>iun.</span> <span class='ocrx_word' id='word_1_7' title='bbox 734 297 773 344; x_wconf 81' lang='lat' dir='ltr'>rr</span> <span class='ocrx_word' id='word_1_8' title='bbox 797 295 888 345; x_wconf 85' lang='lat' dir='ltr'>conr.</span> <span class='ocrx_word' id='word_1_9' title='bbox 1182 281 1245 345; x_wconf 74' lang='lat' dir='ltr'>teo</span> 
     </span>
    </p>
   </div>
   <div class='ocr_carea' id='block_1_2' title="bbox 51 380 1293 925">
    <p class='ocr_par' dir='ltr' id='par_1_2' title="bbox 51 380 1293 925">
     <span class='ocr_line' id='line_1_2' title="bbox 60 380 1289 472; baseline 0.002 -21"><span class='ocrx_word' id='word_1_10' title='bbox 60 393 139 472; x_wconf 83' lang='lat' dir='ltr'>aperte</span> <span class='ocrx_word' id='word_1_11' title='bbox 151 382 332 452; x_wconf 87' lang='lat' dir='ltr'>ostendens</span> <span class='ocrx_word' id='word_1_12' title='bbox 344 401 381 450; x_wconf 90' lang='lat' dir='ltr'>se</span> <span class='ocrx_word' id='word_1_13' title='bbox 395 380 548 452; x_wconf 87' lang='lat' dir='ltr'>delicere.</span> <span class='ocrx_word' id='word_1_14' title='bbox 568 386 651 452; x_wconf 84' lang='lat' dir='ltr'>Cum</span> <span class='ocrx_word' id='word_1_15' title='bbox 669 403 749 452; x_wconf 92' lang='lat' dir='ltr'>eum</span> <span class='ocrx_word' id='word_1_16' title='bbox 765 394 878 452; x_wconf 90' lang='lat' dir='ltr'>autem</span> <span class='ocrx_word' id='word_1_17' title='bbox 896 382 945 452; x_wconf 92' lang='lat' dir='ltr'>sic</span> <span class='ocrx_word' id='word_1_18' title='bbox 961 381 1121 454; x_wconf 81' lang='lat' dir='ltr'>allectum</span> <span class='ocrx_word' id='word_1_19' title='bbox 1140 404 1289 472; x_wconf 88' lang='lat' dir='ltr'>magnus</span> 
     </span>
     <span class='ocr_line' id='line_1_3' title="bbox 59 470 1288 561; baseline 0.002 -24"><span class='ocrx_word' id='word_1_20' title='bbox 59 470 162 540; x_wconf 70' lang='lat' dir='ltr'>vidisset</span> <span class='ocrx_word' id='word_1_21' title='bbox 176 471 404 560; x_wconf 77' lang='lat' dir='ltr'>EuthymiuS,</span> <span class='ocrx_word' id='word_1_22' title='bbox 419 483 451 540; x_wconf 93' lang='lat' dir='ltr'>et</span> <span class='ocrx_word' id='word_1_23' title='bbox 474 472 548 560; x_wconf 90' lang='lat' dir='ltr'>ipse</span> <span class='ocrx_word' id='word_1_24' title='bbox 572 492 638 540; x_wconf 91' lang='lat' dir='ltr'>non</span> <span class='ocrx_word' id='word_1_25' title='bbox 667 471 786 540; x_wconf 90' lang='lat' dir='ltr'>minus</span> <span class='ocrx_word' id='word_1_26' title='bbox 810 483 898 542; x_wconf 91' lang='lat' dir='ltr'>esset</span> <span class='ocrx_word' id='word_1_27' title='bbox 915 471 1031 542; x_wconf 91' lang='lat' dir='ltr'>animo</span> <span class='ocrx_word' id='word_1_28' title='bbox 1057 472 1288 561; x_wconf 90' lang='lat' dir='ltr'>perturbatus,</span> 
     </span>
     <span class='ocr_line' id='line_1_4' title="bbox 58 558 1291 650; baseline 0.002 -23"><span class='ocrx_word' id='word_1_29' title='bbox 58 581 147 648; x_wconf 89' lang='lat' dir='ltr'>parum</span> <span class='ocrx_word' id='word_1_30' title='bbox 170 559 308 649; x_wconf 87' lang='lat' dir='ltr'>quidem</span> <span class='ocrx_word' id='word_1_31' title='bbox 329 559 374 628; x_wconf 86' lang='lat' dir='ltr'>ab</span> <span class='ocrx_word' id='word_1_32' title='bbox 391 581 430 628; x_wconf 89' lang='lat' dir='ltr'>eo</span> <span class='ocrx_word' id='word_1_33' title='bbox 454 559 598 631; x_wconf 80' lang='lat' dir='ltr'>recedit:</span> <span class='ocrx_word' id='word_1_34' title='bbox 618 558 718 630; x_wconf 89' lang='lat' dir='ltr'>humi</span> <span class='ocrx_word' id='word_1_35' title='bbox 743 581 821 629; x_wconf 83' lang='lat' dir='ltr'>vero</span> <span class='ocrx_word' id='word_1_36' title='bbox 838 559 994 650; x_wconf 77' lang='lat' dir='ltr'>procidit,</span> <span class='ocrx_word' id='word_1_37' title='bbox 1015 573 1047 630; x_wconf 91' lang='lat' dir='ltr'>et</span> <span class='ocrx_word' id='word_1_38' title='bbox 1069 581 1148 630; x_wconf 87' lang='lat' dir='ltr'>eum</span> <span class='ocrx_word' id='word_1_39' title='bbox 1175 582 1233 630; x_wconf 92' lang='lat' dir='ltr'>cor</span> <span class='ocrx_word' id='word_1_40' title='bbox 1248 559 1291 630; x_wconf 93' lang='lat' dir='ltr'>ad</span> 
     </span>
     <span class='ocr_line' id='line_1_5' title="bbox 55 647 1292 736; baseline 0.002 -20"><span class='ocrx_word' id='word_1_41' title='bbox 55 653 131 716; x_wconf 84' lang='lat' dir='ltr'>lcum</span> <span class='ocrx_word' id='word_1_42' title='bbox 153 647 367 719; x_wconf 75' lang='lat' dir='ltr'>sustulisset:</span> <span class='ocrx_word' id='word_1_43' title='bbox 395 650 572 718; x_wconf 86' lang='lat' dir='ltr'>«Domine</span> <span class='ocrx_word' id='word_1_44' title='bbox 589 653 689 729; x_wconf 86' lang='lat' dir='ltr'>Deus,</span> <span class='ocrx_word' id='word_1_45' title='bbox 717 649 841 735; x_wconf 91' lang='lat' dir='ltr'>inquit,</span> <span class='ocrx_word' id='word_1_46' title='bbox 860 648 904 718; x_wconf 92' lang='lat' dir='ltr'>da</span> <span class='ocrx_word' id='word_1_47' title='bbox 929 671 1052 736; x_wconf 88' lang='lat' dir='ltr'>aquam</span> <span class='ocrx_word' id='word_1_48' title='bbox 1081 650 1224 718; x_wconf 89' lang='lat' dir='ltr'>interra</span> <span class='ocrx_word' id='word_1_49' title='bbox 1248 650 1292 718; x_wconf 91' lang='lat' dir='ltr'>si-</span> 
     </span>
     <span class='ocr_line' id='line_1_6' title="bbox 54 735 1292 826; baseline 0.002 -22"><span class='ocrx_word' id='word_1_50' title='bbox 54 737 132 817; x_wconf 86' lang='lat' dir='ltr'>tienti,</span> <span class='ocrx_word' id='word_1_51' title='bbox 151 736 222 826; x_wconf 86' lang='lat' dir='ltr'>jam</span> <span class='ocrx_word' id='word_1_52' title='bbox 246 735 475 807; x_wconf 86' lang='lat' dir='ltr'>deiicientem</span> <span class='ocrx_word' id='word_1_53' title='bbox 488 735 627 824; x_wconf 87' lang='lat' dir='ltr'>juvenis</span> <span class='ocrx_word' id='word_1_54' title='bbox 659 737 766 826; x_wconf 88' lang='lat' dir='ltr'>hujus</span> <span class='ocrx_word' id='word_1_55' title='bbox 792 737 976 808; x_wconf 89' lang='lat' dir='ltr'>consolans</span> <span class='ocrx_word' id='word_1_56' title='bbox 1004 738 1204 808; x_wconf 85' lang='lat' dir='ltr'>animam.»</span> <span class='ocrx_word' id='word_1_57' title='bbox 1238 739 1292 808; x_wconf 89' lang='lat' dir='ltr'>Sic</span> 
     </span>
     <span class='ocr_line' id='line_1_7' title="bbox 51 825 1293 925; baseline 0.003 -33"><span class='ocrx_word' id='word_1_58' title='bbox 51 825 122 906; x_wconf 86' lang='lat' dir='ltr'>dixit,</span> <span class='ocrx_word' id='word_1_59' title='bbox 150 836 284 895; x_wconf 90' lang='lat' dir='ltr'>etcum</span> <span class='ocrx_word' id='word_1_60' title='bbox 312 825 620 925; x_wconf 27' lang='lat' dir='ltr'>Sabamnprotinus</span> <span class='ocrx_word' id='word_1_61' title='bbox 651 826 898 909; x_wconf 85' lang='lat' dir='ltr'>accersirisset,</span> <span class='ocrx_word' id='word_1_62' title='bbox 922 839 971 896; x_wconf 92' lang='lat' dir='ltr'>ter</span> <span class='ocrx_word' id='word_1_63' title='bbox 995 827 1080 897; x_wconf 87' lang='lat' dir='ltr'>lodit</span> <span class='ocrx_word' id='word_1_64' title='bbox 1109 827 1235 917; x_wconf 85' lang='lat' dir='ltr'>ligone,</span> <span class='ocrx_word' id='word_1_65' title='bbox 1261 838 1293 896; x_wconf 90' lang='lat' dir='ltr'>et</span> 
     </span>
    </p>
   </div>
   <div class='ocr_carea' id='block_1_3' title="bbox 34 913 1308 4451">
    <p class='ocr_par' dir='ltr' id='par_1_3' title="bbox 45 913 1294 1454">
     <span class='ocr_line' id='line_1_8' title="bbox 50 913 1290 1005; baseline 0.002 -23"><span class='ocrx_word' id='word_1_66' title='bbox 50 924 116 982; x_wconf 87' lang='lat' dir='ltr'>terra</span> <span class='ocrx_word' id='word_1_67' title='bbox 135 914 198 982; x_wconf 86' lang='lat' dir='ltr'>rim</span> <span class='ocrx_word' id='word_1_68' title='bbox 213 914 322 984; x_wconf 88' lang='lat' dir='ltr'>sensit</span> <span class='ocrx_word' id='word_1_69' title='bbox 341 913 557 997; x_wconf 80' lang='lat' dir='ltr'>diviniorem,</span> <span class='ocrx_word' id='word_1_70' title='bbox 575 927 607 983; x_wconf 91' lang='lat' dir='ltr'>et</span> <span class='ocrx_word' id='word_1_71' title='bbox 622 915 738 1005; x_wconf 91' lang='lat' dir='ltr'>paruit</span> <span class='ocrx_word' id='word_1_72' title='bbox 758 915 912 998; x_wconf 89' lang='lat' dir='ltr'>nutibus,</span> <span class='ocrx_word' id='word_1_73' title='bbox 930 916 989 1003; x_wconf 86' lang='lat' dir='ltr'>qui</span> <span class='ocrx_word' id='word_1_74' title='bbox 1007 918 1073 986; x_wconf 89' lang='lat' dir='ltr'>sub</span> <span class='ocrx_word' id='word_1_75' title='bbox 1089 915 1290 1005; x_wconf 81' lang='lat' dir='ltr'>adspectum</span> 
     </span>
     <span class='ocr_line' id='line_1_9' title="bbox 48 1001 1291 1094; baseline 0.002 -24"><span class='ocrx_word' id='word_1_76' title='bbox 48 1001 297 1072; x_wconf 81' lang='lat' dir='ltr'>concedebant:</span> <span class='ocrx_word' id='word_1_77' title='bbox 323 1016 355 1072; x_wconf 90' lang='lat' dir='ltr'>et</span> <span class='ocrx_word' id='word_1_78' title='bbox 379 1024 467 1093; x_wconf 90' lang='lat' dir='ltr'>quae</span> <span class='ocrx_word' id='word_1_79' title='bbox 489 1017 562 1074; x_wconf 89' lang='lat' dir='ltr'>erat</span> <span class='ocrx_word' id='word_1_80' title='bbox 585 1003 718 1073; x_wconf 90' lang='lat' dir='ltr'>deserta</span> <span class='ocrx_word' id='word_1_81' title='bbox 742 1016 774 1072; x_wconf 91' lang='lat' dir='ltr'>et</span> <span class='ocrx_word' id='word_1_82' title='bbox 793 1026 903 1094; x_wconf 85' lang='lat' dir='ltr'>aquae</span> <span class='ocrx_word' id='word_1_83' title='bbox 925 1025 1057 1094; x_wconf 84' lang='lat' dir='ltr'>expers,</span> <span class='ocrx_word' id='word_1_84' title='bbox 1080 1027 1206 1092; x_wconf 89' lang='lat' dir='ltr'>aquam</span> <span class='ocrx_word' id='word_1_85' title='bbox 1237 1027 1291 1094; x_wconf 89' lang='lat' dir='ltr'>ge·</span> 
     </span>
     <span class='ocr_line' id='line_1_10' title="bbox 46 1091 1292 1182; baseline 0.003 -24"><span class='ocrx_word' id='word_1_86' title='bbox 46 1092 113 1171; x_wconf 81' lang='lat' dir='ltr'>nuit.</span> <span class='ocrx_word' id='word_1_87' title='bbox 129 1105 158 1162; x_wconf 91' lang='lat' dir='ltr'>et</span> <span class='ocrx_word' id='word_1_88' title='bbox 182 1092 341 1181; x_wconf 88' lang='lat' dir='ltr'>protinus</span> <span class='ocrx_word' id='word_1_89' title='bbox 365 1114 490 1180; x_wconf 88' lang='lat' dir='ltr'>aquam</span> <span class='ocrx_word' id='word_1_90' title='bbox 514 1091 628 1162; x_wconf 89' lang='lat' dir='ltr'>emisit</span> <span class='ocrx_word' id='word_1_91' title='bbox 650 1091 946 1182; x_wconf 88' lang='lat' dir='ltr'>limpidissimam,</span> <span class='ocrx_word' id='word_1_92' title='bbox 965 1106 996 1163; x_wconf 90' lang='lat' dir='ltr'>et</span> <span class='ocrx_word' id='word_1_93' title='bbox 1020 1095 1167 1162; x_wconf 89' lang='lat' dir='ltr'>maxime</span> <span class='ocrx_word' id='word_1_94' title='bbox 1197 1107 1292 1182; x_wconf 92' lang='lat' dir='ltr'>pota-</span> 
     </span>
     <span class='ocr_line' id='line_1_11' title="bbox 45 1179 1294 1262; baseline 0.005 -16"><span class='ocrx_word' id='word_1_95' title='bbox 45 1179 139 1248; x_wconf 91' lang='lat' dir='ltr'>bilem.</span> <span class='ocrx_word' id='word_1_96' title='bbox 162 1181 267 1252; x_wconf 87' lang='lat' dir='ltr'>Sabas</span> <span class='ocrx_word' id='word_1_97' title='bbox 291 1192 406 1252; x_wconf 90' lang='lat' dir='ltr'>autem</span> <span class='ocrx_word' id='word_1_98' title='bbox 434 1203 514 1252; x_wconf 92' lang='lat' dir='ltr'>cum</span> <span class='ocrx_word' id='word_1_99' title='bbox 539 1180 635 1250; x_wconf 91' lang='lat' dir='ltr'>illam</span> <span class='ocrx_word' id='word_1_100' title='bbox 662 1180 806 1250; x_wconf 90' lang='lat' dir='ltr'>bibisset</span> <span class='ocrx_word' id='word_1_101' title='bbox 837 1193 919 1252; x_wconf 86' lang='lat' dir='ltr'>tunc</span> <span class='ocrx_word' id='word_1_102' title='bbox 948 1182 1103 1252; x_wconf 84' lang='lat' dir='ltr'>restinxit</span> <span class='ocrx_word' id='word_1_103' title='bbox 1123 1181 1228 1262; x_wconf 88' lang='lat' dir='ltr'>sitim,</span> <span class='ocrx_word' id='word_1_104' title='bbox 1261 1195 1294 1252; x_wconf 93' lang='lat' dir='ltr'>et</span> 
     </span>
     <span class='ocr_line' id='line_1_12' title="bbox 46 1269 1293 1361; baseline 0.003 -25"><span class='ocrx_word' id='word_1_105' title='bbox 46 1269 111 1337; x_wconf 87' lang='lat' dir='ltr'>satis</span> <span class='ocrx_word' id='word_1_106' title='bbox 130 1282 176 1338; x_wconf 90' lang='lat' dir='ltr'>est</span> <span class='ocrx_word' id='word_1_107' title='bbox 195 1283 392 1340; x_wconf 87' lang='lat' dir='ltr'>recreatus:</span> <span class='ocrx_word' id='word_1_108' title='bbox 416 1281 449 1340; x_wconf 91' lang='lat' dir='ltr'>et</span> <span class='ocrx_word' id='word_1_109' title='bbox 472 1269 615 1340; x_wconf 92' lang='lat' dir='ltr'>latenter</span> <span class='ocrx_word' id='word_1_110' title='bbox 629 1269 698 1338; x_wconf 90' lang='lat' dir='ltr'>vim</span> <span class='ocrx_word' id='word_1_111' title='bbox 724 1269 855 1361; x_wconf 89' lang='lat' dir='ltr'>accepit</span> <span class='ocrx_word' id='word_1_112' title='bbox 871 1270 1037 1350; x_wconf 90' lang='lat' dir='ltr'>divinam,</span> <span class='ocrx_word' id='word_1_113' title='bbox 1064 1271 1148 1340; x_wconf 87' lang='lat' dir='ltr'>odeo</span> <span class='ocrx_word' id='word_1_114' title='bbox 1172 1282 1210 1340; x_wconf 94' lang='lat' dir='ltr'>ut</span> <span class='ocrx_word' id='word_1_115' title='bbox 1234 1270 1293 1340; x_wconf 91' lang='lat' dir='ltr'>de-</span> 
     </span>
     <span class='ocr_line' id='line_1_13' title="bbox 46 1357 1250 1454; baseline 0.003 -30"><span class='ocrx_word' id='word_1_116' title='bbox 46 1369 154 1428; x_wconf 84' lang='lat' dir='ltr'>caetero</span> <span class='ocrx_word' id='word_1_117' title='bbox 169 1359 329 1429; x_wconf 81' lang='lat' dir='ltr'>alacriter</span> <span class='ocrx_word' id='word_1_118' title='bbox 349 1358 437 1428; x_wconf 88' lang='lat' dir='ltr'>ferre</span> <span class='ocrx_word' id='word_1_119' title='bbox 461 1371 575 1449; x_wconf 90' lang='lat' dir='ltr'>posset</span> <span class='ocrx_word' id='word_1_120' title='bbox 598 1357 834 1428; x_wconf 87' lang='lat' dir='ltr'>difficultatem</span> <span class='ocrx_word' id='word_1_121' title='bbox 860 1358 1069 1430; x_wconf 82' lang='lat' dir='ltr'>solitudinis.</span> <span class='ocrx_word' id='word_1_122' title='bbox 1245 1441 1250 1454; x_wconf 23' lang='grc' dir='ltr'>ι</span> 
     </span>
    </p>

    <p class='ocr_par' dir='ltr' id='par_1_4' title="bbox 34 1447 1302 3558">
     <span class='ocr_line' id='line_1_14' title="bbox 78 1447 1293 1538; baseline -0.002 -18"><span class='ocrx_word' id='word_1_123' title='bbox 78 1450 93 1532; x_wconf 68' lang='grc' dir='ltr'><strong>ἕ</strong></span> <span class='ocrx_word' id='word_1_124' title='bbox 112 1451 179 1520; x_wconf 71' lang='lat'>18.</span> <span class='ocrx_word' id='word_1_125' title='bbox 205 1453 290 1517; x_wconf 83' lang='lat' dir='ltr'>Cum</span> <span class='ocrx_word' id='word_1_126' title='bbox 309 1447 359 1518; x_wconf 91' lang='lat' dir='ltr'>sic</span> <span class='ocrx_word' id='word_1_127' title='bbox 382 1468 463 1538; x_wconf 89' lang='lat' dir='ltr'>ergo</span> <span class='ocrx_word' id='word_1_128' title='bbox 488 1452 521 1517; x_wconf 90' lang='lat' dir='ltr'>S.</span> <span class='ocrx_word' id='word_1_129' title='bbox 544 1448 650 1517; x_wconf 89' lang='lat' dir='ltr'>Sabas</span> <span class='ocrx_word' id='word_1_130' title='bbox 667 1469 703 1517; x_wconf 91' lang='lat' dir='ltr'>se</span> <span class='ocrx_word' id='word_1_131' title='bbox 723 1457 854 1538; x_wconf 78' lang='lat' dir='ltr'>gereret</span> <span class='ocrx_word' id='word_1_132' title='bbox 883 1449 917 1517; x_wconf 92' lang='lat' dir='ltr'>in</span> <span class='ocrx_word' id='word_1_133' title='bbox 948 1447 1145 1530; x_wconf 89' lang='lat' dir='ltr'>solitudine,</span> <span class='ocrx_word' id='word_1_134' title='bbox 1164 1459 1197 1517; x_wconf 91' lang='lat' dir='ltr'>et</span> <span class='ocrx_word' id='word_1_135' title='bbox 1221 1469 1293 1518; x_wconf 91' lang='lat' dir='ltr'>ma-</span> 
     </span>
     <span class='ocr_line' id='line_1_15' title="bbox 45 1535 1292 1628; baseline 0.002 -26"><span class='ocrx_word' id='word_1_136' title='bbox 45 1557 133 1624; x_wconf 86' lang='lat' dir='ltr'>gnum</span> <span class='ocrx_word' id='word_1_137' title='bbox 152 1536 277 1606; x_wconf 91' lang='lat' dir='ltr'>imitari</span> <span class='ocrx_word' id='word_1_138' title='bbox 299 1535 535 1624; x_wconf 76' lang='lat' dir='ltr'>Euthymium</span> <span class='ocrx_word' id='word_1_139' title='bbox 553 1546 586 1606; x_wconf 93' lang='lat' dir='ltr'>et</span> <span class='ocrx_word' id='word_1_140' title='bbox 605 1548 780 1624; x_wconf 87' lang='lat' dir='ltr'>tamquam</span> <span class='ocrx_word' id='word_1_141' title='bbox 798 1536 841 1606; x_wconf 89' lang='lat' dir='ltr'>ad</span> <span class='ocrx_word' id='word_1_142' title='bbox 859 1536 1034 1627; x_wconf 87' lang='lat' dir='ltr'>exemplar</span> <span class='ocrx_word' id='word_1_143' title='bbox 1050 1537 1292 1628; x_wconf 81' lang='lat' dir='ltr'>archetypum,</span> 
     </span>
     <span class='ocr_line' id='line_1_16' title="bbox 45 1623 1296 1716; baseline 0.005 -26"><span class='ocrx_word' id='word_1_144' title='bbox 45 1623 80 1690; x_wconf 88' lang='lat' dir='ltr'>ad</span> <span class='ocrx_word' id='word_1_145' title='bbox 106 1623 191 1693; x_wconf 87' lang='lat' dir='ltr'>illius</span> <span class='ocrx_word' id='word_1_146' title='bbox 216 1625 322 1694; x_wconf 84' lang='lat' dir='ltr'>vitam</span> <span class='ocrx_word' id='word_1_147' title='bbox 344 1625 469 1694; x_wconf 87' lang='lat' dir='ltr'>intueri</span> <span class='ocrx_word' id='word_1_148' title='bbox 495 1623 646 1694; x_wconf 86' lang='lat' dir='ltr'>studeret</span> <span class='ocrx_word' id='word_1_149' title='bbox 675 1625 951 1716; x_wconf 85' lang='lat' dir='ltr'>diligentissime,</span> <span class='ocrx_word' id='word_1_150' title='bbox 980 1647 1102 1716; x_wconf 92' lang='lat' dir='ltr'>parum</span> <span class='ocrx_word' id='word_1_151' title='bbox 1133 1625 1296 1716; x_wconf 87' lang='lat' dir='ltr'>temporis</span> 
     </span>
     <span class='ocr_line' id='line_1_17' title="bbox 46 1711 1294 1804; baseline 0.005 -27"><span class='ocrx_word' id='word_1_152' title='bbox 46 1711 223 1794; x_wconf 86' lang='lat' dir='ltr'>intercessit,</span> <span class='ocrx_word' id='word_1_153' title='bbox 249 1723 282 1782; x_wconf 89' lang='lat' dir='ltr'>et</span> <span class='ocrx_word' id='word_1_154' title='bbox 307 1733 387 1783; x_wconf 89' lang='lat' dir='ltr'>curn</span> <span class='ocrx_word' id='word_1_155' title='bbox 403 1713 461 1783; x_wconf 90' lang='lat' dir='ltr'>illc</span> <span class='ocrx_word' id='word_1_156' title='bbox 481 1735 629 1803; x_wconf 88' lang='lat' dir='ltr'>magnus</span> <span class='ocrx_word' id='word_1_157' title='bbox 646 1715 769 1784; x_wconf 83' lang='lat' dir='ltr'>virtute</span> <span class='ocrx_word' id='word_1_158' title='bbox 794 1714 1000 1804; x_wconf 80' lang='lat' dir='ltr'>Euthymios</span> <span class='ocrx_word' id='word_1_159' title='bbox 1026 1714 1153 1784; x_wconf 90' lang='lat' dir='ltr'>ibidem</span> <span class='ocrx_word' id='word_1_160' title='bbox 1172 1715 1294 1784; x_wconf 89' lang='lat' dir='ltr'>obdor·</span> 
     </span>
     <span class='ocr_line' id='line_1_18' title="bbox 47 1801 1295 1894; baseline 0.005 -28"><span class='ocrx_word' id='word_1_161' title='bbox 47 1801 168 1883; x_wconf 84' lang='lat' dir='ltr'>iniisset,</span> <span class='ocrx_word' id='word_1_162' title='bbox 192 1824 266 1872; x_wconf 88' lang='lat' dir='ltr'>vere</span> <span class='ocrx_word' id='word_1_163' title='bbox 290 1801 426 1872; x_wconf 90' lang='lat' dir='ltr'>beatam</span> <span class='ocrx_word' id='word_1_164' title='bbox 451 1803 600 1892; x_wconf 90' lang='lat' dir='ltr'>quietem</span> <span class='ocrx_word' id='word_1_165' title='bbox 625 1813 676 1872; x_wconf 91' lang='lat' dir='ltr'>est</span> <span class='ocrx_word' id='word_1_166' title='bbox 694 1815 884 1874; x_wconf 89' lang='lat' dir='ltr'>assecutus.</span> <span class='ocrx_word' id='word_1_167' title='bbox 913 1802 975 1872; x_wconf 90' lang='lat' dir='ltr'>Sed</span> <span class='ocrx_word' id='word_1_168' title='bbox 993 1825 1073 1873; x_wconf 92' lang='lat' dir='ltr'>cum</span> <span class='ocrx_word' id='word_1_169' title='bbox 1099 1817 1175 1894; x_wconf 91' lang='lat' dir='ltr'>post</span> <span class='ocrx_word' id='word_1_170' title='bbox 1199 1803 1295 1874; x_wconf 89' lang='lat' dir='ltr'>illius</span> 
     </span>
     <span class='ocr_line' id='line_1_19' title="bbox 48 1887 1294 1981; baseline 0.006 -27"><span class='ocrx_word' id='word_1_171' title='bbox 48 1887 198 1961; x_wconf 86' lang='lat' dir='ltr'>decessum</span> <span class='ocrx_word' id='word_1_172' title='bbox 237 1891 486 1962; x_wconf 88' lang='lat' dir='ltr'>monasterium</span> <span class='ocrx_word' id='word_1_173' title='bbox 519 1891 588 1960; x_wconf 93' lang='lat' dir='ltr'>otio</span> <span class='ocrx_word' id='word_1_174' title='bbox 612 1903 644 1959; x_wconf 90' lang='lat' dir='ltr'>et</span> <span class='ocrx_word' id='word_1_175' title='bbox 669 1891 843 1962; x_wconf 89' lang='lat' dir='ltr'>socordiae</span> <span class='ocrx_word' id='word_1_176' title='bbox 867 1891 1034 1981; x_wconf 90' lang='lat' dir='ltr'>paulatim</span> <span class='ocrx_word' id='word_1_177' title='bbox 1061 1914 1096 1962; x_wconf 94' lang='lat' dir='ltr'>se</span> <span class='ocrx_word' id='word_1_178' title='bbox 1125 1892 1294 1974; x_wconf 87' lang='lat' dir='ltr'>dedisset,</span> 
     </span>
     <span class='ocr_line' id='line_1_20' title="bbox 51 1975 1294 2070; baseline 0.006 -27"><span class='ocrx_word' id='word_1_179' title='bbox 51 1975 136 2068; x_wconf 87' lang='lat' dir='ltr'>longo</span> <span class='ocrx_word' id='word_1_180' title='bbox 153 1991 301 2070; x_wconf 90' lang='lat' dir='ltr'>tempore</span> <span class='ocrx_word' id='word_1_181' title='bbox 325 1979 460 2070; x_wconf 81' lang='lat' dir='ltr'>aufugit</span> <span class='ocrx_word' id='word_1_182' title='bbox 483 1979 605 2050; x_wconf 90' lang='lat' dir='ltr'>beatus</span> <span class='ocrx_word' id='word_1_183' title='bbox 633 1980 750 2061; x_wconf 89' lang='lat' dir='ltr'>Sabas,</span> <span class='ocrx_word' id='word_1_184' title='bbox 779 1991 811 2050; x_wconf 91' lang='lat' dir='ltr'>et</span> <span class='ocrx_word' id='word_1_185' title='bbox 839 1979 1016 2050; x_wconf 90' lang='lat' dir='ltr'>habitabat</span> <span class='ocrx_word' id='word_1_186' title='bbox 1039 1981 1074 2049; x_wconf 96' lang='lat' dir='ltr'>in</span> <span class='ocrx_word' id='word_1_187' title='bbox 1096 1980 1294 2062; x_wconf 87' lang='lat' dir='ltr'>solitudine,</span> 
     </span>
     <span class='ocr_line' id='line_1_21' title="bbox 57 2068 1297 2156; baseline 0.005 -24"><span class='ocrx_word' id='word_1_188' title='bbox 57 2071 316 2140; x_wconf 77' lang='lat' dir='ltr'>contererimus</span> <span class='ocrx_word' id='word_1_189' title='bbox 332 2089 421 2150; x_wconf 91' lang='lat' dir='ltr'>eam,</span> <span class='ocrx_word' id='word_1_190' title='bbox 447 2089 536 2156; x_wconf 90' lang='lat' dir='ltr'>quae</span> <span class='ocrx_word' id='word_1_191' title='bbox 559 2079 610 2138; x_wconf 92' lang='lat' dir='ltr'>est</span> <span class='ocrx_word' id='word_1_192' title='bbox 628 2069 719 2138; x_wconf 88' lang='lat' dir='ltr'>circa</span> <span class='ocrx_word' id='word_1_193' title='bbox 743 2068 943 2151; x_wconf 90' lang='lat' dir='ltr'>lordanem,</span> <span class='ocrx_word' id='word_1_194' title='bbox 976 2068 1196 2140; x_wconf 91' lang='lat' dir='ltr'>solitudinem</span> <span class='ocrx_word' id='word_1_195' title='bbox 1229 2089 1297 2138; x_wconf 95' lang='lat' dir='ltr'>non</span> 
     </span>
     <span class='ocr_line' id='line_1_22' title="bbox 60 2156 1298 2248; baseline 0.004 -27"><span class='ocrx_word' id='word_1_196' title='bbox 60 2170 236 2248; x_wconf 87' lang='lat' dir='ltr'>seeusatque</span> <span class='ocrx_word' id='word_1_197' title='bbox 259 2157 361 2228; x_wconf 89' lang='lat' dir='ltr'>stella</span> <span class='ocrx_word' id='word_1_198' title='bbox 381 2156 604 2228; x_wconf 89' lang='lat' dir='ltr'>illuminaret.</span> <span class='ocrx_word' id='word_1_199' title='bbox 635 2156 740 2228; x_wconf 87' lang='lat' dir='ltr'>Sabas</span> <span class='ocrx_word' id='word_1_200' title='bbox 768 2179 847 2228; x_wconf 83' lang='lat' dir='ltr'>vero</span> <span class='ocrx_word' id='word_1_201' title='bbox 872 2171 955 2228; x_wconf 93' lang='lat' dir='ltr'>tunc</span> <span class='ocrx_word' id='word_1_202' title='bbox 979 2158 1136 2247; x_wconf 82' lang='lat' dir='ltr'>attigerat</span> <span class='ocrx_word' id='word_1_203' title='bbox 1165 2157 1298 2226; x_wconf 91' lang='lat' dir='ltr'>tricesi-</span> 
     </span>
     <span class='ocr_line' id='line_1_23' title="bbox 59 2245 1299 2336; baseline 0.003 -26"><span class='ocrx_word' id='word_1_204' title='bbox 59 2262 137 2310; x_wconf 92' lang='lat' dir='ltr'>mum</span> <span class='ocrx_word' id='word_1_205' title='bbox 147 2249 288 2329; x_wconf 86' lang='lat' dir='ltr'>quintum</span> <span class='ocrx_word' id='word_1_206' title='bbox 309 2267 440 2316; x_wconf 89' lang='lat' dir='ltr'>annum</span> <span class='ocrx_word' id='word_1_207' title='bbox 455 2267 538 2316; x_wconf 90' lang='lat' dir='ltr'>suae</span> <span class='ocrx_word' id='word_1_208' title='bbox 551 2246 682 2316; x_wconf 84' lang='lat' dir='ltr'>aetatis:</span> <span class='ocrx_word' id='word_1_209' title='bbox 693 2246 765 2336; x_wconf 89' lang='lat' dir='ltr'>jam</span> <span class='ocrx_word' id='word_1_210' title='bbox 783 2257 896 2316; x_wconf 87' lang='lat' dir='ltr'>autem</span> <span class='ocrx_word' id='word_1_211' title='bbox 909 2246 1075 2316; x_wconf 90' lang='lat' dir='ltr'>adversus</span> <span class='ocrx_word' id='word_1_212' title='bbox 1089 2267 1169 2316; x_wconf 90' lang='lat' dir='ltr'>eum</span> <span class='ocrx_word' id='word_1_213' title='bbox 1186 2245 1299 2335; x_wconf 90' lang='lat' dir='ltr'>coepit</span> 
     </span>
     <span class='ocr_line' id='line_1_24' title="bbox 58 2328 1296 2424; baseline 0.005 -28"><span class='ocrx_word' id='word_1_214' title='bbox 58 2328 165 2401; x_wconf 90' lang='lat' dir='ltr'>bellum</span> <span class='ocrx_word' id='word_1_215' title='bbox 185 2333 401 2416; x_wconf 89' lang='lat' dir='ltr'>daemonum,</span> <span class='ocrx_word' id='word_1_216' title='bbox 420 2355 487 2404; x_wconf 94' lang='lat' dir='ltr'>non</span> <span class='ocrx_word' id='word_1_217' title='bbox 512 2335 657 2406; x_wconf 87' lang='lat' dir='ltr'>obscure</span> <span class='ocrx_word' id='word_1_218' title='bbox 681 2356 743 2404; x_wconf 89' lang='lat' dir='ltr'>nec</span> <span class='ocrx_word' id='word_1_219' title='bbox 769 2334 921 2415; x_wconf 87' lang='lat' dir='ltr'>latenter,</span> <span class='ocrx_word' id='word_1_220' title='bbox 946 2334 1003 2406; x_wconf 90' lang='lat' dir='ltr'>sed</span> <span class='ocrx_word' id='word_1_221' title='bbox 1034 2347 1149 2424; x_wconf 89' lang='lat' dir='ltr'>aperte</span> <span class='ocrx_word' id='word_1_222' title='bbox 1173 2345 1205 2403; x_wconf 92' lang='lat' dir='ltr'>et</span> <span class='ocrx_word' id='word_1_223' title='bbox 1237 2334 1296 2415; x_wconf 90' lang='lat' dir='ltr'>ita,</span> 
     </span>
     <span class='ocr_line' id='line_1_25' title="bbox 56 2422 1299 2505; baseline 0.005 -19"><span class='ocrx_word' id='word_1_224' title='bbox 56 2431 88 2486; x_wconf 93' lang='lat' dir='ltr'>ut</span> <span class='ocrx_word' id='word_1_225' title='bbox 108 2422 197 2493; x_wconf 87' lang='lat' dir='ltr'>oculis</span> <span class='ocrx_word' id='word_1_226' title='bbox 221 2435 468 2505; x_wconf 86' lang='lat' dir='ltr'>cernerentur,</span> <span class='ocrx_word' id='word_1_227' title='bbox 490 2445 568 2494; x_wconf 91' lang='lat' dir='ltr'>eum</span> <span class='ocrx_word' id='word_1_228' title='bbox 604 2423 853 2494; x_wconf 88' lang='lat' dir='ltr'>invadentium.</span> <span class='ocrx_word' id='word_1_229' title='bbox 887 2428 971 2494; x_wconf 90' lang='lat' dir='ltr'>Nam</span> <span class='ocrx_word' id='word_1_230' title='bbox 1004 2445 1084 2494; x_wconf 92' lang='lat' dir='ltr'>cum</span> <span class='ocrx_word' id='word_1_231' title='bbox 1109 2422 1205 2492; x_wconf 90' lang='lat' dir='ltr'>illam</span> <span class='ocrx_word' id='word_1_232' title='bbox 1232 2427 1299 2492; x_wconf 82' lang='lat' dir='ltr'>Deo</span> 
     </span>
     <span class='ocr_line' id='line_1_26' title="bbox 47 2510 1296 2662; baseline 0.002 -86"><span class='ocrx_word' id='word_1_233' title='bbox 47 2519 162 2662; x_wconf 61' lang='lat' dir='ltr'>fretam</span> <span class='ocrx_word' id='word_1_234' title='bbox 193 2535 325 2584; x_wconf 89' lang='lat' dir='ltr'>moram</span> <span class='ocrx_word' id='word_1_235' title='bbox 357 2512 503 2582; x_wconf 90' lang='lat' dir='ltr'>traheret</span> <span class='ocrx_word' id='word_1_236' title='bbox 534 2512 568 2580; x_wconf 97' lang='lat' dir='ltr'>in</span> <span class='ocrx_word' id='word_1_237' title='bbox 594 2511 800 2593; x_wconf 89' lang='lat' dir='ltr'>solitudine,</span> <span class='ocrx_word' id='word_1_238' title='bbox 831 2523 919 2584; x_wconf 90' lang='lat' dir='ltr'>esset</span> <span class='ocrx_word' id='word_1_239' title='bbox 942 2525 1056 2582; x_wconf 91' lang='lat' dir='ltr'>autem</span> <span class='ocrx_word' id='word_1_240' title='bbox 1086 2533 1151 2582; x_wconf 92' lang='lat' dir='ltr'>nox</span> <span class='ocrx_word' id='word_1_241' title='bbox 1171 2510 1296 2594; x_wconf 91' lang='lat' dir='ltr'>media,</span> 
     </span>
     <span class='ocr_line' id='line_1_27' title="bbox 57 2599 1300 2692; baseline 0.006 -29"><span class='ocrx_word' id='word_1_242' title='bbox 57 2599 130 2666; x_wconf 85' lang='lat' dir='ltr'>rumi</span> <span class='ocrx_word' id='word_1_243' title='bbox 157 2623 229 2673; x_wconf 87' lang='lat' dir='ltr'>rero</span> <span class='ocrx_word' id='word_1_244' title='bbox 254 2601 502 2684; x_wconf 86' lang='lat' dir='ltr'>accumbebat,</span> <span class='ocrx_word' id='word_1_245' title='bbox 535 2611 574 2670; x_wconf 94' lang='lat' dir='ltr'>ut</span> <span class='ocrx_word' id='word_1_246' title='bbox 598 2600 731 2672; x_wconf 88' lang='lat' dir='ltr'>labores</span> <span class='ocrx_word' id='word_1_247' title='bbox 756 2621 942 2692; x_wconf 91' lang='lat' dir='ltr'>parumper</span> <span class='ocrx_word' id='word_1_248' title='bbox 978 2601 1184 2683; x_wconf 91' lang='lat' dir='ltr'>remitteret,</span> <span class='ocrx_word' id='word_1_249' title='bbox 1210 2600 1300 2670; x_wconf 83' lang='lat' dir='ltr'>videt</span> 
     </span>
     <span class='ocr_line' id='line_1_28' title="bbox 43 2687 1301 2848; baseline 0.004 -94"><span class='ocrx_word' id='word_1_250' title='bbox 43 2687 190 2784; x_wconf 76' lang='lat' dir='ltr'>quosdam</span> <span class='ocrx_word' id='word_1_251' title='bbox 210 2692 410 2771; x_wconf 89' lang='lat' dir='ltr'>daemones,</span> <span class='ocrx_word' id='word_1_252' title='bbox 436 2690 496 2848; x_wconf 54' lang='lat' dir='ltr'>gui</span> <span class='ocrx_word' id='word_1_253' title='bbox 520 2691 741 2779; x_wconf 85' lang='lat' dir='ltr'>scorpionum</span> <span class='ocrx_word' id='word_1_254' title='bbox 762 2699 794 2758; x_wconf 93' lang='lat' dir='ltr'>et</span> <span class='ocrx_word' id='word_1_255' title='bbox 811 2701 1007 2780; x_wconf 87' lang='lat' dir='ltr'>serpentum</span> <span class='ocrx_word' id='word_1_256' title='bbox 1035 2689 1183 2780; x_wconf 85' lang='lat' dir='ltr'>speciem</span> <span class='ocrx_word' id='word_1_257' title='bbox 1202 2700 1301 2760; x_wconf 91' lang='lat' dir='ltr'>erant</span> 
     </span>
     <span class='ocr_line' id='line_1_29' title="bbox 42 2775 1299 2860; baseline 0.007 -20"><span class='ocrx_word' id='word_1_258' title='bbox 42 2775 160 2859; x_wconf 83' lang='lat' dir='ltr'>imitati,</span> <span class='ocrx_word' id='word_1_259' title='bbox 185 2791 217 2849; x_wconf 92' lang='lat' dir='ltr'>et</span> <span class='ocrx_word' id='word_1_260' title='bbox 240 2801 321 2848; x_wconf 91' lang='lat' dir='ltr'>eum</span> <span class='ocrx_word' id='word_1_261' title='bbox 356 2778 433 2847; x_wconf 81' lang='lat' dir='ltr'>inve</span> <span class='ocrx_word' id='word_1_262' title='bbox 460 2778 585 2860; x_wconf 87' lang='lat' dir='ltr'>ebant,</span> <span class='ocrx_word' id='word_1_263' title='bbox 618 2789 650 2848; x_wconf 91' lang='lat' dir='ltr'>et</span> <span class='ocrx_word' id='word_1_264' title='bbox 683 2777 846 2848; x_wconf 90' lang='lat' dir='ltr'>omnibus</span> <span class='ocrx_word' id='word_1_265' title='bbox 875 2777 987 2848; x_wconf 93' lang='lat' dir='ltr'>modis</span> <span class='ocrx_word' id='word_1_266' title='bbox 1017 2779 1193 2849; x_wconf 90' lang='lat' dir='ltr'>tentabant</span> <span class='ocrx_word' id='word_1_267' title='bbox 1217 2800 1299 2849; x_wconf 92' lang='lat' dir='ltr'>eum</span> 
     </span>
     <span class='ocr_line' id='line_1_30' title="bbox 41 2865 1299 2958; baseline 0.004 -27"><span class='ocrx_word' id='word_1_268' title='bbox 41 2865 296 2950; x_wconf 83' lang='lat' dir='ltr'>perterrefacere.</span> <span class='ocrx_word' id='word_1_269' title='bbox 317 2871 424 2954; x_wconf 79' lang='lat' dir='ltr'>mque</span> <span class='ocrx_word' id='word_1_270' title='bbox 441 2867 593 2958; x_wconf 89' lang='lat' dir='ltr'>primum</span> <span class='ocrx_word' id='word_1_271' title='bbox 613 2866 753 2954; x_wconf 93' lang='lat' dir='ltr'>quidem</span> <span class='ocrx_word' id='word_1_272' title='bbox 770 2887 890 2955; x_wconf 92' lang='lat' dir='ltr'>parum</span> <span class='ocrx_word' id='word_1_273' title='bbox 903 2878 1058 2936; x_wconf 84' lang='lat' dir='ltr'>veretur:</span> <span class='ocrx_word' id='word_1_274' title='bbox 1076 2868 1201 2938; x_wconf 91' lang='lat' dir='ltr'>deinde</span> <span class='ocrx_word' id='word_1_275' title='bbox 1218 2889 1299 2938; x_wconf 92' lang='lat' dir='ltr'>cum</span> 
     </span>
     <span class='ocr_line' id='line_1_31' title="bbox 39 2951 1300 3049; baseline 0.004 -30"><span class='ocrx_word' id='word_1_276' title='bbox 39 2951 98 3022; x_wconf 90' lang='lat' dir='ltr'>cito</span> <span class='ocrx_word' id='word_1_277' title='bbox 118 2955 337 3026; x_wconf 85' lang='lat' dir='ltr'>intellexisset</span> <span class='ocrx_word' id='word_1_278' title='bbox 360 2955 542 3044; x_wconf 90' lang='lat' dir='ltr'>cujusnam</span> <span class='ocrx_word' id='word_1_279' title='bbox 567 2967 654 3024; x_wconf 89' lang='lat' dir='ltr'>esset</span> <span class='ocrx_word' id='word_1_280' title='bbox 675 2953 895 3037; x_wconf 84' lang='lat' dir='ltr'>machinatio,</span> <span class='ocrx_word' id='word_1_281' title='bbox 927 2955 1090 3026; x_wconf 86' lang='lat' dir='ltr'>audacter</span> <span class='ocrx_word' id='word_1_282' title='bbox 1121 2957 1233 3049; x_wconf 89' lang='lat' dir='ltr'>surgit</span> <span class='ocrx_word' id='word_1_283' title='bbox 1257 2955 1300 3025; x_wconf 89' lang='lat' dir='ltr'>ad</span> 
     </span>
     <span class='ocr_line' id='line_1_32' title="bbox 36 3042 1302 3146; baseline 0.003 -36"><span class='ocrx_word' id='word_1_284' title='bbox 36 3045 268 3129; x_wconf 89' lang='lat' dir='ltr'>precationem,</span> <span class='ocrx_word' id='word_1_285' title='bbox 289 3054 322 3113; x_wconf 89' lang='lat' dir='ltr'>et</span> <span class='ocrx_word' id='word_1_286' title='bbox 346 3044 380 3113; x_wconf 93' lang='lat' dir='ltr'>in</span> <span class='ocrx_word' id='word_1_287' title='bbox 406 3044 480 3134; x_wconf 83' lang='lat' dir='ltr'>ejus</span> <span class='ocrx_word' id='word_1_288' title='bbox 505 3042 623 3146; x_wconf 84' lang='lat' dir='ltr'>lingua</span> <span class='ocrx_word' id='word_1_289' title='bbox 648 3055 804 3114; x_wconf 83' lang='lat' dir='ltr'>versatur</span> <span class='ocrx_word' id='word_1_290' title='bbox 828 3043 996 3133; x_wconf 88' lang='lat' dir='ltr'>psalmus.</span> <span class='ocrx_word' id='word_1_291' title='bbox 1012 3049 1083 3116; x_wconf 90' lang='grc' dir='ltr'>Ηοο</span> <span class='ocrx_word' id='word_1_292' title='bbox 1100 3057 1213 3116; x_wconf 90' lang='lat' dir='ltr'>autem</span> <span class='ocrx_word' id='word_1_293' title='bbox 1228 3055 1302 3116; x_wconf 90' lang='lat' dir='ltr'>erat</span> 
     </span>
     <span class='ocr_line' id='line_1_33' title="bbox 37 3133 1301 3223; baseline 0 -23"><span class='ocrx_word' id='word_1_294' title='bbox 37 3133 117 3215; x_wconf 89' lang='lat' dir='ltr'>quod</span> <span class='ocrx_word' id='word_1_295' title='bbox 137 3133 342 3204; x_wconf 87' lang='lat' dir='ltr'>canebatur:</span> <span class='ocrx_word' id='word_1_296' title='bbox 371 3137 442 3204; x_wconf 85' lang='lat' dir='ltr'>Non</span> <span class='ocrx_word' id='word_1_297' title='bbox 459 3134 586 3202; x_wconf 79' lang='lat' dir='ltr'>timebas</span> <span class='ocrx_word' id='word_1_298' title='bbox 606 3155 628 3200; x_wconf 88' lang='lat' dir='ltr'>c</span> <span class='ocrx_word' id='word_1_299' title='bbox 656 3134 771 3202; x_wconf 83' lang='lat' dir='ltr'>timore</span> <span class='ocrx_word' id='word_1_300' title='bbox 795 3143 973 3203; x_wconf 84' lang='lat' dir='ltr'>nocturno:</span> <span class='ocrx_word' id='word_1_301' title='bbox 1000 3135 1058 3202; x_wconf 88' lang='lat' dir='ltr'>sed</span> <span class='ocrx_word' id='word_1_302' title='bbox 1083 3156 1123 3202; x_wconf 84' lang='lat' dir='ltr'>su</span> <span class='ocrx_word' id='word_1_303' title='bbox 1149 3157 1184 3204; x_wconf 88' lang='lat' dir='ltr'>cr</span> <span class='ocrx_word' id='word_1_304' title='bbox 1208 3135 1301 3223; x_wconf 80' lang='lat' dir='ltr'>aspl-</span> 
     </span>
     <span class='ocr_line' id='line_1_34' title="bbox 36 3157 1302 3310; baseline 0.002 -22"><span class='ocrx_word' id='word_1_305' title='bbox 36 3219 100 3288; x_wconf 84' lang='lat' dir='ltr'>dem</span> <span class='ocrx_word' id='word_1_306' title='bbox 119 3233 150 3290; x_wconf 87' lang='lat' dir='ltr'>ct</span> <span class='ocrx_word' id='word_1_307' title='bbox 165 3223 361 3291; x_wconf 82' lang='lat' dir='ltr'>basiliscum</span> <span class='ocrx_word' id='word_1_308' title='bbox 386 3222 573 3292; x_wconf 82' lang='lat' dir='ltr'>ambulabis</span> <span class='ocrx_word' id='word_1_309' title='bbox 596 3221 665 3310; x_wconf 89' lang='lat' dir='ltr'>(Ps.</span> <span class='ocrx_word' id='word_1_310' title='bbox 693 3221 761 3309; x_wconf 81' lang='lat'>90).</span> <span class='ocrx_word' id='word_1_311' title='bbox 780 3221 919 3291; x_wconf 86' lang='lat' dir='ltr'>Talibus</span> <span class='ocrx_word' id='word_1_312' title='bbox 941 3223 1047 3292; x_wconf 90' lang='lat' dir='ltr'>armis</span> <span class='ocrx_word' id='word_1_313' title='bbox 1067 3157 1227 3292; x_wconf 69' lang='lat' dir='ltr'>utebatur</span> <span class='ocrx_word' id='word_1_314' title='bbox 1245 3225 1302 3290; x_wconf 88' lang='lat' dir='ltr'>Sa·</span> 
     </span>
     <span class='ocr_line' id='line_1_35' title="bbox 35 3305 1299 3400; baseline 0.002 -24"><span class='ocrx_word' id='word_1_315' title='bbox 35 3305 88 3376; x_wconf 85' lang='lat' dir='ltr'>bas</span> <span class='ocrx_word' id='word_1_316' title='bbox 110 3309 279 3380; x_wconf 85' lang='lat' dir='ltr'>adversus</span> <span class='ocrx_word' id='word_1_317' title='bbox 303 3308 500 3380; x_wconf 83' lang='lat' dir='ltr'>daemones.</span> <span class='ocrx_word' id='word_1_318' title='bbox 528 3309 750 3378; x_wconf 84' lang='lat' dir='ltr'>solummodo</span> <span class='ocrx_word' id='word_1_319' title='bbox 769 3331 850 3400; x_wconf 85' lang='lat' dir='ltr'>ergo</span> <span class='ocrx_word' id='word_1_320' title='bbox 865 3310 914 3379; x_wconf 90' lang='lat' dir='ltr'>sic</span> <span class='ocrx_word' id='word_1_321' title='bbox 940 3309 1075 3380; x_wconf 88' lang='lat' dir='ltr'>locutus</span> <span class='ocrx_word' id='word_1_322' title='bbox 1103 3322 1153 3380; x_wconf 90' lang='lat' dir='ltr'>est</span> <span class='ocrx_word' id='word_1_323' title='bbox 1182 3309 1299 3388; x_wconf 88' lang='lat' dir='ltr'>Sabus,</span> 
     </span>
     <span class='ocr_line' id='line_1_36' title="bbox 34 3396 1299 3486; baseline 0.002 -24"><span class='ocrx_word' id='word_1_324' title='bbox 34 3409 60 3464; x_wconf 83' lang='lat' dir='ltr'>et</span> <span class='ocrx_word' id='word_1_325' title='bbox 82 3412 248 3469; x_wconf 80' lang='lat' dir='ltr'>venenata</span> <span class='ocrx_word' id='word_1_326' title='bbox 274 3397 334 3468; x_wconf 88' lang='lat' dir='ltr'>illa</span> <span class='ocrx_word' id='word_1_327' title='bbox 359 3398 534 3480; x_wconf 90' lang='lat' dir='ltr'>animalia,</span> <span class='ocrx_word' id='word_1_328' title='bbox 564 3409 737 3486; x_wconf 85' lang='lat' dir='ltr'>tamquam</span> <span class='ocrx_word' id='word_1_329' title='bbox 764 3396 901 3482; x_wconf 87' lang='lat' dir='ltr'>sumus,</span> <span class='ocrx_word' id='word_1_330' title='bbox 930 3399 1042 3468; x_wconf 92' lang='lat' dir='ltr'>statim</span> <span class='ocrx_word' id='word_1_331' title='bbox 1072 3407 1299 3476; x_wconf 84' lang='lat' dir='ltr'>evanuerunt,</span> 
     </span>
     <span class='ocr_line' id='line_1_37' title="bbox 35 3485 847 3558; baseline 0.007 -8"><span class='ocrx_word' id='word_1_332' title='bbox 35 3485 285 3558; x_wconf 85' lang='lat' dir='ltr'>etdissolutum</span> <span class='ocrx_word' id='word_1_333' title='bbox 302 3498 353 3558; x_wconf 93' lang='lat' dir='ltr'>est</span> <span class='ocrx_word' id='word_1_334' title='bbox 377 3487 486 3556; x_wconf 85' lang='lat' dir='ltr'>risum</span> <span class='ocrx_word' id='word_1_335' title='bbox 506 3488 540 3556; x_wconf 93' lang='lat' dir='ltr'>in</span> <span class='ocrx_word' id='word_1_336' title='bbox 563 3489 688 3556; x_wconf 75' lang='lat' dir='ltr'>aerem.</span> <span class='ocrx_word' id='word_1_337' title='bbox 843 3485 847 3496; x_wconf 80' lang='grc'><strong>“</strong></span> 
     </span>
    </p>

    <p class='ocr_par' dir='ltr' id='par_1_5' title="bbox 36 3573 1308 4451">
     <span class='ocr_line' id='line_1_38' title="bbox 73 3573 1303 3663; baseline -0.012 -9"><span class='ocrx_word' id='word_1_338' title='bbox 73 3581 91 3654; x_wconf 72' lang='grc' dir='ltr'><strong>ἓ</strong></span> <span class='ocrx_word' id='word_1_339' title='bbox 115 3581 186 3650; x_wconf 78' lang='lat' dir='ltr'>u.</span> <span class='ocrx_word' id='word_1_340' title='bbox 204 3582 325 3647; x_wconf 88' lang='lat' dir='ltr'>Postea</span> <span class='ocrx_word' id='word_1_341' title='bbox 339 3587 453 3646; x_wconf 90' lang='lat' dir='ltr'>autem</span> <span class='ocrx_word' id='word_1_342' title='bbox 470 3575 600 3646; x_wconf 92' lang='lat' dir='ltr'>accedit</span> <span class='ocrx_word' id='word_1_343' title='bbox 624 3576 758 3646; x_wconf 89' lang='lat' dir='ltr'>adeum</span> <span class='ocrx_word' id='word_1_344' title='bbox 776 3574 918 3663; x_wconf 89' lang='lat' dir='ltr'>quidam</span> <span class='ocrx_word' id='word_1_345' title='bbox 938 3575 1143 3655; x_wconf 84' lang='lat' dir='ltr'>monachus,</span> <span class='ocrx_word' id='word_1_346' title='bbox 1163 3573 1303 3644; x_wconf 91' lang='lat' dir='ltr'>nomine</span> 
     </span>
     <span class='ocr_line' id='line_1_39' title="bbox 36 3663 1304 3754; baseline 0.002 -26"><span class='ocrx_word' id='word_1_347' title='bbox 36 3663 170 3744; x_wconf 80' lang='lat' dir='ltr'>anthus,</span> <span class='ocrx_word' id='word_1_348' title='bbox 197 3667 250 3736; x_wconf 86' lang='lat' dir='ltr'>vir</span> <span class='ocrx_word' id='word_1_349' title='bbox 272 3665 408 3734; x_wconf 89' lang='lat' dir='ltr'>amicus</span> <span class='ocrx_word' id='word_1_350' title='bbox 428 3663 575 3745; x_wconf 90' lang='lat' dir='ltr'>virtutis,</span> <span class='ocrx_word' id='word_1_351' title='bbox 602 3665 661 3750; x_wconf 91' lang='lat' dir='ltr'>qui</span> <span class='ocrx_word' id='word_1_352' title='bbox 683 3663 756 3753; x_wconf 90' lang='lat' dir='ltr'>ipse</span> <span class='ocrx_word' id='word_1_353' title='bbox 774 3683 911 3752; x_wconf 86' lang='lat' dir='ltr'>quoque</span> <span class='ocrx_word' id='word_1_354' title='bbox 935 3663 1038 3754; x_wconf 87' lang='lat' dir='ltr'>longo</span> <span class='ocrx_word' id='word_1_355' title='bbox 1063 3675 1215 3754; x_wconf 92' lang='lat' dir='ltr'>tempore</span> <span class='ocrx_word' id='word_1_356' title='bbox 1232 3683 1304 3732; x_wconf 86' lang='lat' dir='ltr'>ver-</span> 
     </span>
     <span class='ocr_line' id='line_1_40' title="bbox 37 3750 1306 3842; baseline 0.005 -26"><span class='ocrx_word' id='word_1_357' title='bbox 37 3764 123 3820; x_wconf 89' lang='lat' dir='ltr'>satus</span> <span class='ocrx_word' id='word_1_358' title='bbox 140 3753 251 3824; x_wconf 83' lang='lat' dir='ltr'>suerat</span> <span class='ocrx_word' id='word_1_359' title='bbox 270 3775 350 3822; x_wconf 91' lang='lat' dir='ltr'>cum</span> <span class='ocrx_word' id='word_1_360' title='bbox 365 3753 463 3824; x_wconf 90' lang='lat' dir='ltr'>beato</span> <span class='ocrx_word' id='word_1_361' title='bbox 494 3751 694 3840; x_wconf 73' lang='lat' dir='ltr'>Theodosio.</span> <span class='ocrx_word' id='word_1_362' title='bbox 717 3757 750 3821; x_wconf 89' lang='lat' dir='ltr'>ls</span> <span class='ocrx_word' id='word_1_363' title='bbox 773 3773 851 3822; x_wconf 90' lang='lat' dir='ltr'>cum</span> <span class='ocrx_word' id='word_1_364' title='bbox 879 3751 966 3822; x_wconf 90' lang='lat' dir='ltr'>Saba</span> <span class='ocrx_word' id='word_1_365' title='bbox 991 3751 1139 3822; x_wconf 85' lang='lat' dir='ltr'>vinculis</span> <span class='ocrx_word' id='word_1_366' title='bbox 1165 3750 1306 3842; x_wconf 89' lang='lat' dir='ltr'>spiritus</span> 
     </span>
     <span class='ocr_line' id='line_1_41' title="bbox 38 3839 1305 3933; baseline 0.004 -28"><span class='ocrx_word' id='word_1_367' title='bbox 38 3849 112 3909; x_wconf 91' lang='lat' dir='ltr'>tunc</span> <span class='ocrx_word' id='word_1_368' title='bbox 135 3841 332 3933; x_wconf 88' lang='lat' dir='ltr'>colligatus,</span> <span class='ocrx_word' id='word_1_369' title='bbox 363 3843 552 3930; x_wconf 90' lang='lat' dir='ltr'>permansit</span> <span class='ocrx_word' id='word_1_370' title='bbox 580 3841 755 3910; x_wconf 87' lang='lat' dir='ltr'>decaetero</span> <span class='ocrx_word' id='word_1_371' title='bbox 779 3841 822 3910; x_wconf 85' lang='lat' dir='ltr'>ab</span> <span class='ocrx_word' id='word_1_372' title='bbox 848 3839 906 3910; x_wconf 93' lang='lat' dir='ltr'>illo</span> <span class='ocrx_word' id='word_1_373' title='bbox 937 3841 1191 3932; x_wconf 88' lang='lat' dir='ltr'>inseparabilis.</span> <span class='ocrx_word' id='word_1_374' title='bbox 1223 3844 1305 3910; x_wconf 85' lang='lat' dir='ltr'>Cum</span> 
     </span>
     <span class='ocr_line' id='line_1_42' title="bbox 37 3928 1305 4020; baseline 0.002 -25"><span class='ocrx_word' id='word_1_375' title='bbox 37 3946 108 3997; x_wconf 80' lang='lat' dir='ltr'>vero</span> <span class='ocrx_word' id='word_1_376' title='bbox 132 3930 182 4000; x_wconf 89' lang='lat' dir='ltr'>sic</span> <span class='ocrx_word' id='word_1_377' title='bbox 205 3941 321 4002; x_wconf 91' lang='lat' dir='ltr'>essent</span> <span class='ocrx_word' id='word_1_378' title='bbox 344 3930 433 3999; x_wconf 92' lang='lat' dir='ltr'>inter</span> <span class='ocrx_word' id='word_1_379' title='bbox 457 3950 493 4000; x_wconf 88' lang='lat' dir='ltr'>se</span> <span class='ocrx_word' id='word_1_380' title='bbox 517 3929 706 4018; x_wconf 91' lang='lat' dir='ltr'>conjuncti,</span> <span class='ocrx_word' id='word_1_381' title='bbox 728 3951 785 3999; x_wconf 90' lang='lat' dir='ltr'>eos</span> <span class='ocrx_word' id='word_1_382' title='bbox 811 3929 981 3999; x_wconf 83' lang='lat' dir='ltr'>invadunt</span> <span class='ocrx_word' id='word_1_383' title='bbox 1003 3931 1144 4019; x_wconf 90' lang='lat' dir='ltr'>quidam</span> <span class='ocrx_word' id='word_1_384' title='bbox 1161 3928 1305 4020; x_wconf 61' lang='lat' dir='ltr'>algareni</span> 
     </span>
     <span class='ocr_line' id='line_1_43' title="bbox 37 4015 1307 4108; baseline 0.005 -26"><span class='ocrx_word' id='word_1_385' title='bbox 37 4015 133 4100; x_wconf 87' lang='lat' dir='ltr'>plane</span> <span class='ocrx_word' id='word_1_386' title='bbox 146 4017 299 4100; x_wconf 87' lang='lat' dir='ltr'>barbari,</span> <span class='ocrx_word' id='word_1_387' title='bbox 317 4029 351 4088; x_wconf 89' lang='lat' dir='ltr'>et</span> <span class='ocrx_word' id='word_1_388' title='bbox 366 4019 484 4087; x_wconf 91' lang='lat' dir='ltr'>animo</span> <span class='ocrx_word' id='word_1_389' title='bbox 505 4017 771 4108; x_wconf 86' lang='lat' dir='ltr'>malignissimi:</span> <span class='ocrx_word' id='word_1_390' title='bbox 796 4017 854 4105; x_wconf 86' lang='lat' dir='ltr'>qui</span> <span class='ocrx_word' id='word_1_391' title='bbox 876 4018 1016 4105; x_wconf 89' lang='lat' dir='ltr'>quidem</span> <span class='ocrx_word' id='word_1_392' title='bbox 1034 4019 1183 4088; x_wconf 82' lang='lat' dir='ltr'>volentes</span> <span class='ocrx_word' id='word_1_393' title='bbox 1202 4019 1307 4088; x_wconf 89' lang='lat' dir='ltr'>hone-</span> 
     </span>
     <span class='ocr_line' id='line_1_44' title="bbox 38 4105 1307 4206; baseline 0.004 -36"><span class='ocrx_word' id='word_1_394' title='bbox 38 4115 116 4174; x_wconf 89' lang='lat' dir='ltr'>stam</span> <span class='ocrx_word' id='word_1_395' title='bbox 129 4109 285 4199; x_wconf 88' lang='lat' dir='ltr'>acoipere</span> <span class='ocrx_word' id='word_1_396' title='bbox 297 4108 527 4188; x_wconf 90' lang='lat' dir='ltr'>occasionem,</span> <span class='ocrx_word' id='word_1_397' title='bbox 548 4117 585 4176; x_wconf 92' lang='lat' dir='ltr'>ut</span> <span class='ocrx_word' id='word_1_398' title='bbox 601 4105 742 4197; x_wconf 92' lang='lat' dir='ltr'>perinde</span> <span class='ocrx_word' id='word_1_399' title='bbox 755 4129 795 4176; x_wconf 91' lang='lat' dir='ltr'>ac</span> <span class='ocrx_word' id='word_1_400' title='bbox 808 4107 935 4206; x_wconf 79' lang='lat' dir='ltr'>injuria</span> <span class='ocrx_word' id='word_1_401' title='bbox 948 4107 1071 4186; x_wconf 83' lang='lat' dir='ltr'>allecti,</span> <span class='ocrx_word' id='word_1_402' title='bbox 1098 4127 1134 4176; x_wconf 91' lang='lat' dir='ltr'>se</span> <span class='ocrx_word' id='word_1_403' title='bbox 1151 4105 1307 4176; x_wconf 85' lang='lat' dir='ltr'>videren-</span> 
     </span>
     <span class='ocr_line' id='line_1_45' title="bbox 39 4194 1307 4286; baseline 0.004 -27"><span class='ocrx_word' id='word_1_404' title='bbox 39 4201 88 4260; x_wconf 85' lang='lat' dir='ltr'>tur</span> <span class='ocrx_word' id='word_1_405' title='bbox 99 4196 230 4280; x_wconf 87' lang='lat' dir='ltr'>ulcisci,</span> <span class='ocrx_word' id='word_1_406' title='bbox 250 4217 319 4266; x_wconf 92' lang='lat' dir='ltr'>non</span> <span class='ocrx_word' id='word_1_407' title='bbox 337 4208 451 4266; x_wconf 85' lang='lat' dir='ltr'>autem</span> <span class='ocrx_word' id='word_1_408' title='bbox 468 4196 599 4286; x_wconf 90' lang='lat' dir='ltr'>priores</span> <span class='ocrx_word' id='word_1_409' title='bbox 611 4194 722 4265; x_wconf 83' lang='lat' dir='ltr'>facere</span> <span class='ocrx_word' id='word_1_410' title='bbox 746 4194 923 4284; x_wconf 82' lang='lat' dir='ltr'>injurtam,</span> <span class='ocrx_word' id='word_1_411' title='bbox 940 4195 1079 4264; x_wconf 91' lang='lat' dir='ltr'>mittunt</span> <span class='ocrx_word' id='word_1_412' title='bbox 1103 4194 1144 4262; x_wconf 91' lang='lat' dir='ltr'>ad</span> <span class='ocrx_word' id='word_1_413' title='bbox 1171 4205 1307 4265; x_wconf 89' lang='lat' dir='ltr'>sanctos</span> 
     </span>
     <span class='ocr_line' id='line_1_46' title="bbox 39 4281 1308 4440; baseline -0.004 -84"><span class='ocrx_word' id='word_1_414' title='bbox 39 4299 140 4440; x_wconf 51' lang='lat' dir='ltr'><strong><em>w</em></strong></span> <span class='ocrx_word' id='word_1_415' title='bbox 163 4309 203 4356; x_wconf 87' lang='lat' dir='ltr'>ex</span> <span class='ocrx_word' id='word_1_416' title='bbox 223 4287 299 4358; x_wconf 88' lang='lat' dir='ltr'>suis</span> <span class='ocrx_word' id='word_1_417' title='bbox 323 4285 428 4355; x_wconf 83' lang='lat' dir='ltr'>veluti</span> <span class='ocrx_word' id='word_1_418' title='bbox 453 4285 628 4373; x_wconf 88' lang='lat' dir='ltr'>quandam</span> <span class='ocrx_word' id='word_1_419' title='bbox 654 4305 780 4362; x_wconf 88' lang='lat' dir='ltr'>escam,</span> <span class='ocrx_word' id='word_1_420' title='bbox 800 4292 837 4351; x_wconf 95' lang='lat' dir='ltr'>ut</span> <span class='ocrx_word' id='word_1_421' title='bbox 854 4283 881 4351; x_wconf 94' lang='lat' dir='ltr'>si</span> <span class='ocrx_word' id='word_1_422' title='bbox 899 4282 948 4352; x_wconf 93' lang='lat' dir='ltr'>illi</span> <span class='ocrx_word' id='word_1_423' title='bbox 974 4281 1023 4352; x_wconf 91' lang='lat' dir='ltr'>vel</span> <span class='ocrx_word' id='word_1_424' title='bbox 1043 4283 1227 4352; x_wconf 90' lang='lat' dir='ltr'>minimum</span> <span class='ocrx_word' id='word_1_425' title='bbox 1242 4284 1308 4351; x_wconf 93' lang='lat' dir='ltr'>im-</span> 
     </span>
     <span class='ocr_line' id='line_1_47' title="bbox 40 4385 148 4451; baseline 0 -8"><span class='ocrx_word' id='word_1_426' title='bbox 40 4385 60 4451; x_wconf 93' lang='lat' dir='ltr'>p</span> <span class='ocrx_word' id='word_1_427' title='bbox 116 4395 148 4443; x_wconf 87' lang='lat' dir='ltr'>m</span> 
     </span>
    </p>
   </div>
   <div class='ocr_carea' id='block_1_4' title="bbox 165 4371 1309 4487">
    <p class='ocr_par' dir='ltr' id='par_1_6' title="bbox 165 4371 1309 4487">
     <span class='ocr_line' id='line_1_48' title="bbox 165 4371 1309 4487; baseline -0.002 -44"><span class='ocrx_word' id='word_1_428' title='bbox 165 4375 326 4448; x_wconf 83' lang='lat' dir='ltr'>fecissent</span> <span class='ocrx_word' id='word_1_429' title='bbox 354 4375 390 4444; x_wconf 97' lang='lat' dir='ltr'>in</span> <span class='ocrx_word' id='word_1_430' title='bbox 408 4395 487 4444; x_wconf 93' lang='lat' dir='ltr'>eum</span> <span class='ocrx_word' id='word_1_431' title='bbox 508 4374 568 4462; x_wconf 92' lang='lat' dir='ltr'>qui</span> <span class='ocrx_word' id='word_1_432' title='bbox 586 4373 716 4443; x_wconf 90' lang='lat' dir='ltr'>missus</span> <span class='ocrx_word' id='word_1_433' title='bbox 739 4371 861 4454; x_wconf 76' lang='lat' dir='ltr'>suerat,</span> <span class='ocrx_word' id='word_1_434' title='bbox 879 4371 944 4462; x_wconf 93' lang='lat' dir='ltr'>ipsi</span> <span class='ocrx_word' id='word_1_435' title='bbox 964 4371 1309 4487; x_wconf 36' lang='lat' dir='ltr'>ambos-Q</span> 
     </span>
    </p>
   </div>
   <div class='ocr_carea' id='block_1_5' title="bbox 112 4487 1190 4556">
    <p class='ocr_par' dir='ltr' id='par_1_7' title="bbox 112 4487 1190 4556">
     <span class='ocr_line' id='line_1_49' title="bbox 112 4487 1190 4556; baseline 0.003 -4"><span class='ocrx_word' id='word_1_436' title='bbox 112 4493 256 4554; x_wconf 72' lang='lat' dir='ltr'>summ·</span> <span class='ocrx_word' id='word_1_437' title='bbox 274 4493 360 4555; x_wconf 80' lang='lat' dir='ltr'>Vrtur</span> <span class='ocrx_word' id='word_1_438' title='bbox 376 4491 430 4556; x_wconf 88' lang='lat' dir='ltr'>SS.</span> <span class='ocrx_word' id='word_1_439' title='bbox 445 4490 535 4555; x_wconf 85' lang='lat' dir='ltr'>-Vcl</span> <span class='ocrx_word' id='word_1_440' title='bbox 550 4489 613 4554; x_wconf 89' lang='lat' dir='ltr'>llll.</span> <span class='ocrx_word' id='word_1_441' title='bbox 767 4527 771 4536; x_wconf 88' lang='lat'>·</span> <span class='ocrx_word' id='word_1_442' title='bbox 1170 4487 1190 4548; x_wconf 84' lang='grc'>9</span> 
     </span>
    </p>
   </div>
   <div class='ocr_carea' id='block_1_6' title="bbox 0 0 1509 4832">
    <p class='ocr_par' dir='ltr' id='par_1_8' title="bbox 0 0 1509 4832">
     <span class='ocr_line' id='line_1_50' title="bbox 0 0 1509 4832; baseline 0 0"><span class='ocrx_word' id='word_1_443' title='bbox 0 0 1509 4832; x_wconf 95' lang='lat' dir='ltr'> </span> 
     </span>
    </p>
   </div>
  </div>
 </body>
</html>
