2946 4798
231 247 293 311 534
611 265 649 310 nr
674 263 702 311 s.
729 261 891 311 nnncamo
916 264 1036 312 nannrr
1278 241 1349 308 bet.
1369 242 1398 304 tt

187 348 316 420 multae
341 346 481 436 quidem
503 369 606 418 naves
628 370 648 417 e
671 349 811 419 Graecia
836 348 1042 439 navigarunt
1069 349 1106 419 in
1134 353 1316 441 Aegyptum
1340 356 1401 432 quot

187 450 300 508 autem
326 437 432 508 duces
445 448 478 507 et
499 436 624 508 milites
640 436 774 507 duxerit
791 459 1019 528 unaquaeque
1041 459 1179 520 earum;
1202 451 1230 507 et
1249 433 1323 524 quod
1344 433 1401 502 aliis

186 526 326 614 quidem
354 525 462 617 major
488 536 560 595 erat
584 526 674 616 Ajar,
704 525 853 596 Achilles
877 547 955 597 vero
982 539 1055 598 erat
1081 549 1122 598 eo
1146 526 1267 610 sortior;
1287 537 1317 594 et
1334 520 1401 610 qnod

185 617 307 686 Nireus
323 629 395 686 erat
411 614 568 684 omnium
585 614 695 684 forma
712 614 993 706 pulcherrimus?
1008 617 1053 688 ad
1071 637 1176 705 equos
1195 627 1291 686 eutem
1308 632 1399 700 usquc,

186 705 251 775 hoc
268 725 560 794 supervacaneum
585 716 618 772 et
635 705 737 773 inane
765 703 945 787 deducere,
972 717 1005 775 et
1028 705 1160 775 Eumeli
1182 703 1302 793 quidem
1327 720 1401 788 equos

186 794 300 864 dicere
316 792 458 863 caeteris¹
476 813 551 864 esse
568 792 737 875 meliores,
756 792 897 863 tchittis
913 806 1027 874 autem
1045 816 1152 882 equos
1170 794 1246 884 ipsis
1267 803 1399 882 praestan·

186 882 299 964 tiores,
319 893 351 951 et
367 903 424 951 eos
444 881 656 952 immortales
679 881 792 953 dicere
811 895 843 952 et
863 882 1007 965 vocales,
1034 905 1139 971 quam
1165 897 1396 972 supervacaneam

184 971 287 1041 edicit
307 970 550 1052 narrationem,
576 983 609 1040 et
624 993 729 1058 quam
756 993 887 1072 parum¹
901 971 968 1042 lide
988 972 1133 1062 dignum
1155 969 1250 1042 simul
1265 981 1293 1038 et
1307 965 1396 1063 ridirn-

185 1059 256 1130 lum
275 1057 379 1129 ellicit
398 1059 624 1149 scriptorem?
639 1059 701 1130 Sed
721 1059 769 1130 illt
784 1060 923 1148 quidem
942 1061 1026 1130 baec
1043 1060 1202 1140 scribere,
1222 1071 1250 1129 et
1267 1058 1315 1128 bis
1331 1069 1397 1150 otuu

183 1147 362 1228 deteriora,
386 1169 509 1237 nempe
525 1148 668 1218 deorum
695 1170 840 1230 amores,
860 1160 892 1219 et
931 1171 993 1222 nas
1007 1150 1097 1218 inter
1117 1171 1153 1219 se
1176 1148 1330 1240 agitaruut
1343 1141 1400 1213 selt-

183 1236 302 1317 tiones,
325 1258 529 1328 pugnasque
552 1248 585 1306 et
608 1237 694 1318 lites,
712 1238 856 1307 minime
872 1237 920 1307 du
947 1239 1087 1309 itarnnt.
1107 1243 1196 1308 Haeo
1211 1249 1311 1308 autem
1332 1229 1407 1319 quid·

183 1347 262 1395 nam
281 1325 463 1396 conserunt
478 1325 521 1396 ad
537 1346 670 1396 morum
690 1326 901 1396 honestatem
919 1349 959 1397 ac
972 1327 1247 1408 moderationem,
1263 1337 1292 1394 et
1304 1323 1406 1393 animae

183 1413 377 1514 utilitatem,
396 1424 510 1485 elnon
530 1415 642 1505 potius
665 1414 909 1486 detrimentum
930 1415 1090 1498 afferunt,
1110 1417 1308 1486 elvitiorum
1328 1407 1405 1506 malas

183 1504 424 1591 impressiones
451 1503 655 1595 insculpunt
682 1505 716 1572 in
748 1504 874 1574 animis
897 1526 1029 1587 eorum,
1057 1505 1118 1592 qui
1142 1515 1309 1575 versantur
1333 1501 1360 1567 in
1379 1515 1406 1563 ns

183 1589 362 1748 legendis?
387 1593 465 1660 blihi
484 1593 576 1662 enim
592 1591 679 1663 nibil
698 1592 880 1682 persuadet
897 1593 1011 1662 inanis
1027 1593 1122 1664 labor
1138 1614 1264 1674 eorum,
1280 1590 1332 1678 qui
1350 1587 1407 1655 haar

183 1692 302 1780 volunt
327 1679 478 1751 absurda
510 1681 677 1770 mitigare,
699 1693 731 1752 et
758 1703 797 1752 ea
823 1681 992 1752 reducunt
1020 1682 1061 1751 ad
1090 1681 1250 1752 alimenta
1274 1693 1302 1750 et
1329 1685 1408 1768 partes

183 1777 328 1840 animae.
349 1774 413 1839 lut
436 1771 623 1840 enimcum
647 1792 713 1840 non
734 1770 873 1852 suerint,
893 1770 1021 1841 frustra
1036 1783 1069 1841 et
1084 1770 1172 1842 lalso
1187 1771 1346 1846 dicuntur,
1359 1771 1405 1833 aut

183 1857 317 1928 etiamsi
335 1857 487 1941 luerint,
522 1880 584 1948 par
604 1871 654 1929 est
677 1881 716 1930 ea
742 1859 855 1949 potius
877 1859 1009 1942 ridere,
1038 1873 1071 1930 et
1096 1859 1176 1930 odio
1199 1859 1315 1930 habere
1335 1871 1409 1942 quau

184 1945 338 2018 laudare.
355 1947 518 2018 Existimo
542 1959 655 2018 autem
677 1949 758 2018 boni
784 1948 845 2018 viri
864 1948 980 2030 vitam,
1007 1949 1066 2036 qui
1097 1948 1165 2040 legi
1187 1949 1241 2020 Dei
1265 1947 1336 2016 vixit
1354 1959 1409 2009 nnn·

182 2036 366 2137 venienter,
394 2035 534 2136 dignam
556 2057 630 2106 esse
654 2059 742 2127 quae
765 2036 971 2119 elaboretur,
1002 2050 1035 2108 et
1060 2037 1181 2108 litteris
1200 2035 1371 2110 mandetur,
1384 2047 1408 2094 et

182 2146 250 2210 qua
268 2146 341 2214 rpse
360 2146 420 2281 <pur
444 2126 631 2216 componit,
659 2138 727 2196 tam
745 2125 812 2196 sibi
829 2145 932 2214 quam
954 2126 1033 2196 aliis
1059 2139 1168 2216 potest
1193 2139 1409 2218 magnamcon·

183 2212 366 2284 ciliarenti
384 2214 519 2283 itatem:
538 2213 651 2301 qualis
678 2226 728 2284 est
754 2217 819 2283 vita
843 2214 991 2284 Marcelli
1017 2213 1244 2298 admirabilis,
1269 2212 1321 2302 qui
1344 2219 1410 2279 ortus

180 2301 320 2390 quidem
345 2313 395 2372 est
418 2323 458 2371 ex
481 2303 615 2373 civitate
634 2308 781 2404 Apamea
797 2304 829 2370 l:
857 2325 896 2372 ea
920 2315 971 2373 est
985 2315 1098 2374 antem
1118 2304 1238 2374 civitas
1254 2295 1407 2375 orientalis.

179 2411 268 2550 guae
292 2391 391 2462 bonis
411 2390 565 2460 abundat
580 2391 754 2482 plurimis.
774 2391 884 2462 Nobili
900 2413 978 2462 vero
1003 2392 1077 2462 loco
1101 2406 1214 2474 natus,
1236 2415 1292 2483 per
1313 2411 1344 2460 se
1360 2381 1409 2454 nd·

181 2478 267 2581 ‚idn
285 2479 486 2550 nobiliorem
505 2480 627 2550 seriem
644 2481 698 2552 sui
717 2480 865 2572 generis.
892 2485 974 2552 llam
996 2503 1075 2550 cum
1100 2480 1174 2570 jam
1203 2483 1239 2551 in
1269 2482 1335 2570 ipso
1355 2475 1408 2544 tce

174 2569 366 2659 juventutis
383 2569 555 2638 amisisset
579 2583 748 2659 parentes,
776 2583 808 2640 et
832 2581 975 2640 aetatem
1005 2583 1119 2660 ageret
1140 2568 1406 2659 jucundissimum

180 2679 246 2727 non
266 2659 356 2728 sicut
371 2657 506 2747 juvenis
525 2655 710 2728 declinavit
725 2657 767 2727 ad
790 2658 990 2750 voluptates
1012 2679 1122 2746 neque
1142 2659 1361 2730 delectabatur
1371 2651 1410 2740 jt·

179 2766 303 2816 venum
329 2744 589 2828 consuetudine,
616 2747 771 2834 aequalis
797 2747 931 2835 aequali
951 2747 1067 2818 volens
1088 2747 1234 2838 placere,
1255 2761 1289 2819 ut
1305 2743 1408 2814 dicitur.

179 2833 237 2934 sed
252 2835 296 2934 ¹in
314 2833 459 2934 ‚juvenili
481 2855 634 2925 corpore,
662 2836 863 2906 imitabatur
891 2836 1029 2906 canitiei
1056 2836 1272 2926 prudentiam
1301 2847 1329 2904 et
1352 2832 1411 2924 ulti

178 2934 440 2992 mstrtuuonem.
459 2928 676 3011 Quamquam
703 2925 733 2992 ei
763 2925 905 2994 aderent
929 2924 1080 3006 divitiae,
1098 2938 1282 3012 quaesunt
1306 2931 1410 2990 malent

177 3009 219 3080 ad
236 3009 422 3110 esplendas
443 3011 632 3102 voluptates
648 3012 719 3102 igni
736 3013 997 3083 adolescentiae.
1017 3014 1081 3084 Sed
1100 3013 1187 3084 nihil
1210 3014 1326 3084 horum
1340 3007 1410 3078 illum

177 3100 288 3189 coegrt
313 3099 485 3190 negligere
510 3102 785 3191 temperantiam,
804 3123 893 3189 quae
909 3114 981 3172 erat
1004 3101 1035 3172 ei
1056 3124 1135 3172 cara
1160 3125 1180 3172 a
1205 3100 1350 3192 pueritia.
1369 3087 1411 3161 Sed

175 3201 208 3258 et
232 3186 371 3268 orbitae,
402 3201 435 3258 et
458 3201 562 3270 aetas,
589 3203 620 3260 et
648 3189 798 3272 divitiae,
827 3191 1054 3260 haecomnia
1084 3191 1202 3273 simul,
1233 3215 1252 3260 a
1279 3177 1398 3280 prolnnl

176 3277 403 3347 vincebantur
432 3277 626 3378 prudentia.
662 3284 801 3368 Propter
830 3292 1004 3349 externam
1033 3299 1111 3349 vero
1136 3279 1367 3352 eruditionem,
1388 3287 1410 3363 m

178 3387 339 3458 magnam
364 3380 455 3437 vemt
478 3368 704 3438 Antiochiam.
732 3369 877 3440 Ventitat
902 3381 1016 3438 autem
1042 3367 1083 3438 ad
1109 3367 1306 3458 quemdam,
1332 3365 1358 3432 in
1379 3355 1413 3423 dt·

177 3456 277 3524 cendi
303 3455 462 3526 laenitate
480 3455 599 3555 pulcre
615 3457 850 3527 exercitatum.
870 3457 1003 3546 Ingenii
1023 3479 1101 3527 vero
1120 3457 1288 3536 celeritas,
1308 3477 1326 3523 a
1344 3447 1412 3518 rebe·

180 3544 283 3613 menti
302 3545 378 3632 ejus
395 3543 508 3614 studio
526 3543 654 3636 adjuta,
675 3547 705 3615 ei
725 3547 817 3616 brevi
834 3546 981 3637 largitur
999 3567 1124 3637 magna
1139 3545 1231 3616 done
1247 3536 1411 3634 sapientiae·

159 3685 169 3704 .
221 3635 238 3721 ξ
264 3637 307 3704 2.
337 3637 516 3722 Postquam
543 3647 656 3704 autem
678 3649 837 3705 externae
857 3635 1047 3726 sapientiae
1064 3635 1158 3704 visus
1173 3646 1224 3704 est
1241 3633 1306 3705 sibi
1321 3627 1412 3700 haten

177 3720 270 3822 quod
295 3721 485 3794 sufficeret:
514 3743 625 3811 neque
654 3725 744 3793 enim
771 3745 811 3794 ea
834 3735 905 3794 erat
940 3723 1016 3815 ejus
1078 3723 1245 3814 rincipale
1271 3718 1410 3812 studium.

178 3812 243 3880 msi
269 3809 313 3880 ad
339 3811 413 3894 boc,
441 3823 478 3882 ut
501 3813 649 3882 externis
664 3812 743 3884 ,illis
768 3813 934 3894 imbutus,
962 3746 1088 3882 deinde
1112 3812 1306 3884 initiaretur
1328 3810 1356 3878 iu
1375 3819 1410 3870 itt·

176 3921 264 3988 quae
288 3899 359 4001 sola
386 3915 466 4001 sunt
490 3923 587 4002 sacra
613 3903 798 3992 mysteria,
827 3923 950 4003 nempe
975 3923 1078 3983 vera,
1105 3913 1138 3972 et
1161 3923 1251 3990 quae
1273 3899 1316 3970 ad
1336 3901 1410 3965 bend

177 3988 334 4086 deducit,
362 4002 549 4077 sapientia,
577 3992 682 4072 vitae,
719 3991 883 4079 inquam,
910 3990 1150 4072 institutione,
1185 4011 1273 4079 quae
1297 3989 1412 4057 versatur

179 4097 212 4144 m
238 4079 477 4150 exercitatione
500 4091 531 4148 et
553 4100 631 4148 vera
657 4079 888 4171 philosophia.
908 4083 1002 4170 Opus
1026 4089 1141 4150 autem
1162 4079 1194 4150 ei
1218 4096 1347 4170 quoque
1364 4071 1411 4136 ent

204 4267 215 4289 ⁰
230 4269 287 4311 oum
301 4275 389 4316 mutina
404 4275 505 4316 ruissent
520 4271 651 4324 antiquitus
667 4275 737 4316 urbes
748 4277 791 4317 troc
803 4276 899 4317 nomine
909 4273 1041 4322 distinctu,
1050 4275 1114 4320 haee.
1122 4273 1164 4317 ubi
1175 4277 1198 4317 8.
1207 4275 1327 4316 Uercellas
1335 4261 1411 4310 iu'liffl

178 4321 430 4420 ῗὲνέεὲῖξξὲξξωιαίὴι
444 4325 539 4370 ridetur
549 4337 601 4370 esse
611 4327 653 4370 ills
664 4339 723 4378 quse
734 4331 763 4370 sd
773 4331 886 4371 Orontem
898 4330 987 4372 numan
997 4341 1010 4370 ι
1019 4339 1073 4379 roze
1083 4329 1181 4372 Seleuco
1191 4328 1236 4370 tuit
1245 4330 1337 4370 condtts
1344 4323 1362 4362 at
1370 4319 1411 4356 nunt
