2972 4826
263 308 328 373 2⁴8
516 325 554 372 nii
578 325 606 372 s.
632 323 789 372 iuiaosio
812 325 863 371 nr.
889 322 1015 372 uiiioi.
1042 323 1080 371 ar
1102 321 1191 372 noar.
1345 303 1454 370 aaut
1481 303 1482 382 l

217 419 475 481 sacrosanctum
493 430 620 498 corpus
646 409 780 478 Domini
794 408 972 498 acciperet
988 413 1052 478 ilut
1067 405 1238 495 quomodo
1254 407 1455 476 venerandum
1481 399 1482 482 l

217 501 295 588 ejus
317 499 522 590 sanguinem
548 499 597 565 ori
629 497 839 576 admovebis,
871 498 929 585 qui
956 495 1071 567 lurore
1100 497 1168 566 irae
1188 497 1325 584 jubente
1346 507 1455 564 tantum

217 589 400 678 sanguinis
420 600 487 656 tarn
510 587 629 673 inique
652 586 827 655 effudisti?
851 585 982 656 Recede
1006 585 1123 675 igitur,
1142 599 1175 654 et
1196 607 1237 653 ne
1252 605 1367 654 conare
1389 605 1457 652 iioio
1481 591 1482 616 l

217 677 344 746 scelere
372 675 486 744 scelus
513 687 591 744 aiite
614 675 745 744 editum
771 674 984 774 augeresed
1002 696 1143 761 capesse
1160 673 1343 754 vinculum,
1360 687 1459 759 quoiit

217 765 346 854 ligeris,
374 766 539 833 Dominus
563 764 720 833 omnium
746 764 891 833 coelitus
914 764 1117 834 sententiam
1142 761 1212 830 dat.
1231 761 1323 845 Ouod
1340 761 1456 848 quiden

217 853 394 922 vinculum
415 855 481 921 vim
503 853 616 933 babet,
635 866 668 922 et
693 854 852 923 morbum
869 852 978 922 animi
993 851 1200 941 depellendi,
1219 866 1253 920 et
1276 865 1305 921 to
1325 851 1364 920 ad
1387 850 1458 919 sani-

216 953 318 1010 tatem
339 941 551 1010 restituendi.
571 964 590 1007 a

260 1033 278 1118 ξ
302 1036 344 1102 4.
368 1031 455 1099 Huic
475 1030 620 1099 orationi
644 1029 830 1099 obsecutus
851 1035 1040 1118 impensior
1054 1029 1150 1186 {pam
1174 1029 1301 1098 divInis
1319 1027 1458 1096 educatus

216 1119 373 1206 eloquiis,
396 1131 554 1188 accurate
580 1133 688 1199 norat,
705 1130 777 1187 tuiii
795 1139 884 1204 quae
903 1131 1017 1188 essent
1037 1140 1057 1188 o
1083 1117 1152 1188 icia-
1167 1117 1388 1193 sacerdotum,
1403 1130 1457 1184 tuni

215 1229 303 1296 quae
324 1213 455 1297 Ilegum
475 1206 629 1297 propria)
645 1229 723 1276 cuni
743 1208 873 1298 gemitu
890 1220 922 1277 et
939 1207 1106 1296 lacrymis
1122 1207 1163 1276 ad
1186 1206 1348 1296 palatium
1373 1225 1459 1273 rever·

217 1299 311 1366 titur.
333 1301 439 1383 ilique
456 1296 557 1386 longo
579 1296 742 1384 temporis
765 1297 876 1396 spatio
895 1294 1031 1385 dilapso
1046 1297 1137 1386 (octo
1153 1298 1245 1365 enim
1265 1295 1457 1376 meusesjam

216 1385 476 1474 praeterierant)
489 1387 674 1454 servatoris
689 1385 841 1454 natalitia
859 1385 953 1453 luere
969 1385 1152 1465 celebrata;
1171 1389 1357 1474 Imperator
1368 1397 1457 1451 auten

215 1473 370 1543 considet
394 1476 427 1541 iii
455 1473 592 1564 palatio,
622 1472 780 1542 lamentis
805 1495 841 1542 se
864 1473 1004 1551 dedens,
1023 1486 1057 1543 et
1074 1495 1235 1562 magnam
1262 1473 1328 1541 vim
1346 1470 1458 1562 prolui·

216 1563 301 1632 deris
326 1563 571 1652 lacrymarum.
594 1561 688 1644 Quod
715 1585 794 1632 cum
820 1563 1130 1642 animadvertisset,
1150 1561 1458 1648 numinensium

217 1653 380 1740 magister
406 1651 506 1720 aulae
536 1650 615 1730 luit,
644 1671 837 1740 magnaque
869 1650 963 1740 apud
999 1657 1244 1740 Imperatorem
1274 1650 1457 1719 auctoritate.

214 1753 332 1828 utpote
352 1739 583 1810 familiaritate
599 1741 629 1808 ei
651 1740 878 1830 conjunctim,
894 1740 935 1808 ad
955 1739 1052 1809 illum
1070 1739 1215 1819 accedit,
1233 1754 1329 1830 rogat
1344 1757 1457 1808 causan

215 1830 327 1898 lletiis.
354 1835 438 1898 Tum
466 1834 654 1917 Imperator
679 1828 800 1918 lugens
830 1829 1005 1903 acerbius,
1032 1841 1064 1898 et
1089 1823 1253 1917 m‘ajorem
1285 1831 1318 1896 iii
1345 1825 1457 1920 modiiip
1481 1857 1482 1902 i

215 1918 324 1988 lleiis:
354 1923 458 1996 «Tu,
486 1917 610 2004 inquit,
639 1915 774 1987 lIulIiiie
806 1916 923 1986 ludis:
954 1939 1032 1986 nam
1058 1919 1197 2005 quantis
1225 1917 1234 1984 i
1265 1939 1300 1986 se
1325 1919 1357 1985 iii
1383 1912 1460 1983 malis

215 2028 339 2088 verser,
359 2027 426 2076 non
449 2009 567 2076 sentis.
587 2011 656 2097 Ego
674 2027 751 2076 vero
775 2027 886 2095 gemo,
905 2019 937 2075 et
959 2027 1069 2075 meam
1097 2007 1209 2096 ipsius
1232 1939 1373 2095 ileplom
1390 2001 1458 2072 cala·

217 2096 381 2176 mitatem,
401 2095 484 2164 dum
511 2108 623 2166 mente
646 2094 865 2185 complector,
884 2115 987 2181 quam
1009 2094 1122 2164 facilis
1147 2094 1263 2164 aditus
1288 2093 1458 2164 adsacrum

217 2185 383 2272 templum
410 2184 516 2254 servis
544 2197 577 2253 et
602 2183 770 2254 mendicis
803 2197 924 2272 pateat.
958 2183 1112 2272 liberque
1133 2183 1203 2252 illis
1226 2181 1270 2252 ad
1305 2182 1457 2274 Dominpn

215 2294 318 2342 suum
345 2271 601 2361 deprecandum
627 2272 727 2342 detur
757 2273 936 2341 introitus:
968 2273 1053 2342 mibi
1075 2287 1189 2342 autem
1215 2293 1285 2342 non
1317 2263 1457 2340 modoad

215 2360 313 2429 illum
333 2361 459 2436 locum,
476 2381 592 2429 verum
618 2363 719 2430 etiam
746 2361 787 2429 ad
813 2360 946 2430 coelum
966 2361 1081 2449 ipsum
1107 2381 1270 2430 accessus
1312 2359 1459 2429 raeclusus

215 2449 270 2518 sit.
289 2454 371 2518 llam
389 2450 480 2517 venit
498 2449 581 2517 inibi
600 2449 634 2517 in
654 2464 800 2518 mentem
819 2451 1006 2520 sententiae
1023 2471 1041 2518 a
1060 2451 1204 2519 Domiiio
1222 2383 1383 2538 prolatae,
1397 2463 1459 2532 quae

216 2538 329 2627 palam
352 2537 451 2606 dicit:
471 2541 715 2629 Quemcumque
740 2541 929 2628 licaveriti's
947 2561 1049 2629 super
1068 2549 1206 2620 terrum,
1226 2542 1292 2608 eri't
1317 2541 1460 2628 lt'pulustl

215 2629 251 2695 iri
269 2630 369 2696 coelis
383 2627 517 2715 (Ilottli.
537 2631 640 2710 iiiii).
656 2629 743 2695 »Cui
764 2627 944 2697 Rullinus:
965 2649 983 2692 a
1002 2631 1157 2708 Curram,
1176 2628 1301 2713 inquit,
1321 2630 1349 2696 si
1365 2625 1458 2714 placet

214 2715 255 2784 ad
282 2716 503 2805 Episcopum,
525 2715 556 2782 ei
581 2714 785 2805 supplicabo
810 2715 1110 2803 persuadeboque,
1138 2728 1177 2785 ut
1201 2729 1259 2784 tua
1285 2716 1391 2787 solvat
1408 2712 1461 2778 iiii·

213 2803 304 2872 cula.
324 2826 342 2870 ii
365 2843 410 2854 -
433 2825 451 2869 <t
477 2809 514 2872 ilt
540 2825 606 2872 iioii
633 2817 694 2884 est,
712 2805 825 2891 inquit
852 2809 1052 2895 Imperator,
1071 2804 1133 2872 tibi
1159 2825 1289 2874 morem
1313 2816 1460 2894 gesturus.

213 2893 295 2960 llovi
312 2893 403 2961 anim
422 2890 506 2960 adeo
527 2891 657 2978 justam
684 2913 899 2979 aequamque
923 2894 1091 2962 Ambrosii
1116 2913 1191 2962 esse
1215 2893 1463 2964 sementinum

216 2999 282 3048 nori
310 2995 401 3050 metu
422 2981 600 3071 potestatis
615 2983 859 3071 Imperatoriae
874 2982 918 3050 sit
942 2981 1051 3071 legem
1078 2981 1232 3051 divinam
1252 2982 1461 3050 notuimus.»

213 3073 336 3138 Verum
363 3091 442 3139 cum
469 3071 610 3139 instaret
635 3069 806 3151 bullicus,
835 3069 1122 3160 pollicereturque
1146 3091 1183 3140 sa
1208 3071 1384 3140 Ambrosio
1406 3083 1463 3155 pec

214 3179 414 3236 suasurum,
432 3163 621 3247 Imperator
633 3159 731 3247 jubet
752 3179 895 3260 propere
910 3159 1017 3242 abire;
1036 3159 1179 3250 ipseque
1202 3157 1290 3229 lalsa
1311 3180 1371 3250 spe
1385 3153 1464 3225 indu·

93 3285 95 3290 ·
213 3259 301 3328 etue,
319 3260 351 3316 et
374 3245 503 3317 Rulliiii
522 3247 676 3317 conlisus
701 3269 892 3336 promissis,
914 3247 1017 3336 paulo
1043 3261 1119 3336 post
1138 3249 1308 3335 sequitur.

168 3371 175 3384 ·
256 3338 275 3424 ξ
298 3342 341 3408 tt.
363 3340 402 3406 Ut
419 3337 569 3425 primum
586 3350 699 3405 autem
715 3335 892 3406 Rudinum
911 3349 1053 3406 sanctus
1068 3336 1153 3405 vidit
1169 3335 1384 3408 Ambrosius:
1399 3328 1465 3397 «Ii-

212 3423 305 3494 deris
336 3425 433 3505 mibi,
464 3425 589 3512 inquit,
619 3423 765 3506 Rulline,
797 3447 922 3494 canum
949 3424 1200 3514 Impudentiam
1227 3425 1378 3494 imitaris
1402 3437 1463 3486 nan

212 3513 346 3582 tametsi
366 3525 423 3582 tuo
439 3535 547 3582 suasu
571 3527 639 3582 tam
665 3513 781 3583 erudel
789 3513 816 3583 is
840 3512 929 3583 lacta
945 3525 996 3582 est
1010 3514 1143 3596 caedes,
1164 3527 1201 3584 tii
1218 3527 1334 3584 tamen
1351 3513 1394 3580 ita
1409 3526 1464 3596 pet

212 3602 360 3673 lricuisti
374 3625 423 3684 os,
443 3615 480 3672 ut
498 3623 558 3671 nec
577 3601 714 3689 pudeat,
732 3622 793 3670 nec
802 3603 924 3759 pIgeat
941 3617 1031 3672 tanta
1052 3603 1147 3672 rabie
1161 3615 1282 3673 contra
1299 3599 1463 3688 imaginari

214 3692 270 3760 Ilei
296 3691 511 3762 insanivisse.
531 3713 550 3756 i›
572 3691 635 3759 Ubi
652 3711 729 3760 vero
747 3696 798 3761 Ru
826 3713 907 3760 inus
924 3691 1048 3760 obnixe
1062 3713 1141 3761 eum
1158 3704 1325 3768 oraverat,
1341 3689 1464 3782 dixerat·

211 3799 279 3865 que
302 3785 547 3869 Imperatorem
574 3779 665 3848 brevi
691 3801 730 3848 eo
756 3793 956 3861 venturum,
979 3793 1121 3849 sanctus
1145 3780 1345 3850 Ambrosius
1368 3775 1464 3868 diunt

211 3867 283 3936 zelo
298 3889 483 3938 aecensus:
507 3890 524 3934 a
547 3873 570 3936 II
596 3889 626 3949 o,
655 3868 778 3955 inquit,
807 3867 953 3951 Rulline,
974 3868 1135 3957 praedico
1160 3889 1215 3937 me
1238 3867 1338 3938 illum
1362 3864 1402 3934 ab
1425 3878 1464 3956 tp·

213 3956 315 4025 troitu
340 3958 428 4027 sacri
445 3891 603 4026 vestibuli
623 3956 890 4044 prohibiturum.
910 3956 1005 4041 Quod
1032 3958 1061 4028 si
1079 3957 1265 4046 imperium
1284 3952 1417 4048 mutarit
1430 3963 1461 4046 tt

212 4045 444 4132 tyrannidem,
464 4045 603 4114 caedem
629 4045 752 4114 lubens
772 4046 932 4134 equidem
953 4045 1135 4135 excipiam.
1154 4067 1173 4112 ii
1189 4045 1323 4129 Quibus
1339 4039 1458 4112 auditis.

213 4131 374 4204 liuliinus
400 4134 602 4222 Imperatori
628 4155 689 4224 pei
704 4135 963 4204 internuncium
994 4135 1180 4224 significat,
1200 4135 1412 4216 hortaturque
1432 4133 1460 4189 nt

213 4236 350 4292 maneat
374 4223 407 4292 iii
425 4223 563 4313 palatio.
582 4227 676 4306 Quae
699 4245 778 4292 curii
801 4228 992 4312 Impamtor
1006 4223 1041 4291 iii
1061 4223 1174 4292 medlo
1188 4222 1263 4293 loro
1276 4217 1458 4311 accepisset:

213 4315 306 4391 «Eo,
327 4311 450 4400 inquit,
469 4311 553 4380 illuc
567 4310 807 4393 nibilominus,
826 4311 1017 4400 qnojusiis
1040 4312 1241 4400 debitasque
1256 4301 1459 4381 contumelias

211 4389 462 4468 subeam.»Ubi
479 4419 556 4468 vero
567 4399 609 4468 ad
626 4421 743 4470 saeros
756 4401 874 4490 templi
888 4400 1034 4490 parietes
1045 4401 1192 4482 advenit,
1206 4421 1271 4470 noii
1289 4390 1458 4486 ingreditur
