3046 4838
94 291 160 354 ott.
187 289 196 352 l
469 309 505 356 na
527 309 554 356 s.
576 309 681 358 urcio
705 311 755 356 ar.
782 307 914 356 aovrorr.
1238 289 1280 355 39

91 393 196 462 vinctos
221 391 333 460 teneri.
364 391 605 464 Interseeerant
632 395 724 462 enim
755 392 940 480 quemdam
975 391 1125 460 fiscalem
1152 391 1323 478 judicem.

86 495 111 551 et
132 503 165 550 ea
185 501 283 550 causa
303 481 337 548 in
359 481 506 552 vinculis
533 483 762 552 habebantur.
790 481 838 550 Eli
868 482 921 551 ius
941 501 1022 572 ergo
1048 501 1179 550 memor
1202 481 1326 550 Christi

85 569 224 638 dicentis:
242 574 281 638 In
302 593 441 640 carcere
459 594 565 652 uam,
599 583 630 641 et
653 572 790 641 acautis
818 504 865 639 aad
891 593 963 649 ma·
994 582 1048 651 et,
1076 570 1244 652 Quamdiu
1266 572 1329 640 uni

82 683 117 728 aa
135 659 271 728 mairrim's
296 661 383 728 mers
413 661 556 748 sumtis,
592 661 680 730 milvi
707 662 834 749 fecistis
855 659 998 748 (Motth.
1029 658 1134 746 xxv);
1161 670 1259 747 rogat
1291 680 1327 729 se

81 747 146 816 duci
165 747 204 816 ud
227 769 294 816 eos.
322 747 392 818 Sed
416 771 491 818 cum
516 751 829 840 appropinquasset
852 747 1040 827 custodiis,
1062 747 1187 816 milites
1209 747 1325 816 conle-

78 837 141 906 stim
165 849 407 928 exsurgentes,
435 836 530 908 valde
565 839 595 908 ei
631 838 860 915 obstiterunt,
892 859 954 906 nec
978 837 1210 927 permiserunt
1244 856 1325 907 eum

78 925 199 1014 pmpius
224 925 401 996 accedere.
428 931 520 996 Tunc
553 926 610 997 ille
635 940 786 996 moestus
810 925 1023 1006 admodum,
1055 924 1326 1013 indignatusque

74 1013 175 1082 animo
194 1017 343 1094 recessit,
366 1028 399 1084 et
422 1030 579 1105 coeptum
607 1016 737 1106 peregit
752 1016 825 1083 iter.
847 1016 907 1084 Ubi
924 1025 1038 1084 autem
1056 1012 1098 1082 ad
1115 1013 1325 1083 destinatum

75 1104 207 1190 pervenit
242 1102 385 1182 locum,
411 1117 643 1174 commoratus
675 1117 726 1174 est
759 1102 964 1191 aliquandiu
997 1101 1089 1192 apud
1119 1101 1323 1181 Lemovices,

74 1191 273 1278 iuviseusque
289 1193 411 1262 omnia
438 1195 654 1275 monasteria,
676 1209 744 1264 tam
763 1195 852 1260 intra
870 1194 1004 1272 urbem,
1023 1213 1127 1278 quam
1146 1192 1180 1259 in
1200 1193 1326 1260 subur-

73 1280 157 1349 banis
177 1282 239 1350 sita
259 1280 483 1350 devotissime
506 1283 660 1352 omnium
681 1282 935 1352 benedictiones
965 1280 1155 1349 hauriebat.
1176 1279 1326 1348 visitatis

72 1368 158 1438 etiarn
182 1369 215 1438 iu
234 1393 300 1440 suo
326 1370 534 1440 monasterio
553 1370 729 1452 fratribus
751 1385 784 1440 et
800 1369 952 1440 seeundo
968 1369 1043 1459 ejus
1059 1368 1220 1438 hbbatem
1237 1369 1327 1456 (pri-

72 1481 139 1526 mus
159 1461 245 1528 euim
270 1459 315 1528 ad
335 1459 579 1548 Episcopatum
604 1473 724 1549 raptus
740 1459 839 1548 erat),
859 1471 1000 1547 paterna
1018 1456 1175 1546 singulos
1199 1455 1326 1526 sollici·

72 1545 177 1616 tudine
191 1547 411 1628 admonebat,
440 1547 580 1616 hortans
603 1569 722 1618 omnes
745 1548 873 1616 servire
897 1553 963 1617 Deo
983 1548 1018 1616 in
1040 1547 1179 1615 veritate
1195 1559 1227 1615 et
1244 1545 1327 1615 sim-

73 1634 205 1722 plicitate
219 1637 347 1719 cordis,
365 1636 588 1723 quotidieque
611 1638 645 1704 in
673 1637 797 1707 melius
818 1635 992 1727 perlicere,
1012 1651 1186 1725 arreptum
1205 1655 1327 1724 propo-

75 1723 164 1792 situm
184 1727 274 1794 omni
302 1725 469 1796 instantia
493 1723 535 1794 ad
562 1725 665 1795 linem
691 1748 801 1813 usque
827 1725 1024 1815 perducere.
1044 1725 1141 1794 Venit
1160 1737 1274 1792 autem
1295 1734 1328 1792 et

75 1809 111 1880 ad
134 1815 302 1902 praedium
330 1827 513 1904 parentum
539 1837 695 1885 suorum.
723 1821 805 1884 Nam
830 1827 864 1884 et
889 1814 936 1882 ihi
954 1813 1142 1884 habebatur
1161 1811 1233 1899 jam
1253 1833 1328 1882 mo-

77 1904 290 1984 nasterium,a
317 1925 485 1994 germano
507 1903 580 1991 ejus
605 1903 703 1972 Alitio
723 1905 758 1972 in
785 1903 793 1970 i
822 1925 859 1972 sa
882 1916 1021 1991 paterna
1044 1901 1148 1970 domo
1167 1915 1328 1970 constru-

80 2003 166 2058 ctum.
185 1993 302 2080 lbique
330 1991 492 2061 similiter
518 1992 675 2063 salutatis
702 1925 877 2072 iratribus,
903 1991 1101 2060 etcomiter
1124 1989 1323 2066 consolatis,

84 2077 118 2146 ad
130 2081 279 2152 civitatem
297 2104 400 2152 suam
420 2081 565 2150 reditum
585 2095 691 2170 parat:
707 2101 856 2166 eumque
870 2079 960 2148 haud
979 2078 1096 2168 procul
1114 2078 1327 2234 Bituriqibus

85 2165 137 2234 iter
154 2184 318 2260 carperet,
351 2168 460 2238 voluit
484 2170 606 2240 iterum
631 2171 797 2240 divertere
828 2168 870 2236 ad
906 2169 1089 2237 civitatem.
1122 2167 1232 2236 Stimu
1250 2166 1329 2236 abat

82 2256 157 2323 enim
176 2263 327 2330 animum
350 2260 439 2347 ejus,
462 2258 552 2344 quod
580 2281 665 2338 reoS,
689 2260 749 2346 qui
775 2259 979 2327 tenebantur
1003 2257 1037 2324 in
1063 2276 1210 2334 carcere,
1240 2254 1327 2323 nihil

81 2357 161 2412 antea
177 2348 331 2433 juvisset,
352 2369 415 2416 nec
438 2369 496 2416 eos
521 2346 665 2417 liberare
692 2348 866 2435 potuisset.
887 2351 1005 2432 ltaque
1030 2345 1093 2414 iter
1117 2365 1235 2434 agens,
1255 2365 1330 2432 pre-

82 2432 199 2506 sabatur
221 2437 423 2515 Dominum,
445 2449 484 2506 ut
507 2435 599 2505 adito
615 2458 762 2516 earcere,
781 2456 847 2503 non
870 2449 1040 2524 pateretur
1056 2433 1207 2503 laborem
1225 2453 1328 2501 suum

81 2519 184 2594 frustra
204 2525 381 2596 consumi.
405 2529 477 2607 Qua
502 2538 615 2594 autem
641 2525 697 2594 die
721 2527 942 2614 ingressurus
960 2538 1032 2592 erat
1048 2523 1231 2600 civitatem,
1249 2540 1328 2589 cunr

77 2609 158 2680 valde
177 2613 335 2684 diluculo
359 2613 503 2683 levasset
522 2613 642 2683 oculos
665 2613 707 2682 ad
731 2613 879 2692 eoelum,
900 2611 986 2682 facta
1010 2625 1060 2680 est
1083 2611 1194 2712 caligo
1217 2621 1250 2678 et
1271 2628 1331 2708 ¹¹⁰?

77 2697 143 2769 bula
158 2705 336 2773 tenebrosa
362 2701 478 2782 nimis,
498 2703 544 2771 ita
569 2715 607 2772 ut
633 2701 838 2772 habitatores
857 2701 1003 2770 civitatis
1019 2700 1061 2769 ad
1081 2713 1229 2789 spatium
1244 2697 1329 2786 jacti

75 2787 184 2878 lapidis
208 2813 351 2862 cernere
375 2813 442 2859 non
471 2805 618 2879 possent.
646 2792 700 2861 Sic
723 2813 805 2892 ergo
836 2789 967 2878 Eligius
991 2789 1111 2858 urbem
1137 2789 1326 2877 ingressus,

73 2897 142 2948 cum
168 2881 483 2970 appropinquasset
504 2880 620 2968 januis
648 2902 808 2960 carceris,
835 2879 1014 2948 confestim
1043 2899 1106 2945 eeu
1134 2899 1259 2966 magno
1284 2873 1332 2942 s-

74 2968 178 3039 rientis
194 2969 366 3058 impulsu,
386 2968 503 3036 divino
527 2981 613 3038 nutu
635 2967 829 3037 confractae
847 2981 929 3036 sunt
953 2987 1059 3047 serae,
1079 2965 1236 3055 dissipati
1257 2985 1332 3033 car-

73 3054 168 3139 dines,
194 3059 283 3129 ostia
308 3058 458 3126 carceris
485 3055 663 3147 patefacta,
680 3057 874 3152 omniaque·
890 3053 1164 3144 compeditorum
1193 3049 1333 3122 vincula

73 3145 181 3216 soluta.
203 3153 298 3216 Tunc
318 3146 451 3236 Eligius
470 3166 667 3215 concessam
701 3146 768 3214 sibi
803 3146 961 3214 virtutem
987 3143 1086 3230 quasi
1113 3140 1199 3209 nihil
1229 3141 1334 3209 adse

15 3257 16 3263 ¹
73 3236 229 3321 pertinere
253 3235 439 3314 simulans,
463 3235 530 3303 cito
554 3255 573 3302 a
599 3255 734 3304 earcere
758 3233 908 3302 recedit:
935 3233 992 3302 dat
1019 3245 1130 3300 tamen
1163 3229 1228 3297 reis
1252 3248 1333 3296 con-

15 3662 18 3695 ἱ

17 3769 19 3814 l

17 3819 19 3842 l

16 3868 19 3932 l

17 3933 19 3993 l

72 3321 190 3404 silium,
209 3336 248 3394 ut
272 3345 351 3394 mox
374 3323 454 3394 inde
472 3337 647 3402 exeuntes,
667 3322 707 3391 ad
732 3321 913 3392 eeclesiam
937 3319 1152 3408 confugiant.
1172 3322 1256 3386 Tum
1280 3314 1333 3382 illi

72 3413 189 3501 egressi
213 3414 289 3484 sine
314 3433 420 3487 mora.
440 3411 542 3483 celeri
567 3433 675 3482 cursu
690 3411 732 3480 ad
752 3410 928 3481 basilicam
948 3409 1036 3478 beati
1055 3405 1193 3496 sulpitii
1212 3423 1334 3504 prope-

73 3514 151 3571 rant.
177 3503 239 3573 Ubi
264 3523 346 3572 eum
370 3502 488 3572 omnia
512 3512 627 3572 essent
650 3500 815 3570 ecelesiae
836 3501 922 3570 ostia
946 3498 1115 3572 obserata,
1131 3507 1164 3564 et
1188 3515 1233 3563 rer
1254 3492 1334 3561 hrnc

17 3609 18 3620 ¹
73 3589 144 3659 iude
155 3591 485 3690 circumspicientes,
501 3611 672 3678 nusquam
688 3589 881 3658 invenirent
894 3585 1088 3664 introitum,
1099 3581 1214 3652 subito
1229 3579 1336 3650 l'racta

75 3692 118 3746 est
139 3679 285 3748 fenestra
307 3693 425 3760 vitrea,
442 3700 513 3748 una
527 3701 567 3749 ex
585 3678 755 3756 maximis,
795 3699 859 3748 uae
871 3686 969 3745 erant
983 3673 1017 3742 in
1033 3672 1142 3741 sroutc
1157 3670 1332 3742 basilicae:

75 3767 235 3855 simulque
259 3768 387 3838 ostium
407 3788 519 3836 unum
543 3767 577 3836 in
598 3700 890 3838 ecelesiaelhtere
915 3761 1121 3861 patefactum
1140 3773 1210 3830 est:
1232 3772 1334 3846 atque

75 3855 116 3924 ita
139 3856 185 3926 illi
209 3858 245 3926 in
273 3855 453 3926 basilicam
473 3855 632 3947 ingressi,
650 3856 769 3924 altaris
793 3856 955 3925 thronum
979 3861 1161 3941 petierunt.
1183 3854 1336 3949 Cumque

84 3959 208 4016 sauctus
236 3944 369 4036 Eligius
391 3943 510 4014 omnia
533 3958 731 4016 sanctorum
756 3943 829 4014 loca
859 3943 1023 4022 invisens,
1047 3961 1087 4009 eo
1116 3947 1336 4027 pervenisset,

16 4076 21 4123 q
83 4033 197 4104 invenit
219 4055 279 4104 eos
302 4054 424 4102 omnes
446 4032 538 4102 circa
566 4032 691 4111 altare,
719 4053 781 4102 scu
806 4031 899 4122 apud
933 4029 1132 4119 sepulcrum
1153 4027 1225 4118 jam
1255 4023 1340 4094 dicti

82 4122 225 4192 antistitis
247 4121 486 4192 consistentes.
511 4126 615 4192 Porro
640 4121 765 4191 milites
789 4134 826 4190 ut
846 4119 1006 4188 viderunt
1028 4137 1201 4186 carcerem
1236 4113 1340 4182 dissi-

83 4223 197 4296 patum,
216 4211 333 4282 statim
361 4211 530 4301 persecuti
547 4221 628 4281 suut
654 4230 712 4280 eos
738 4207 917 4296 usquead
942 4207 1055 4277 locum
1085 4214 1336 4304 memoratum

85 4297 284 4390 ingressique
301 4299 495 4379 basilicam,
513 4299 704 4389 injecerunt
718 4298 768 4369 eis
784 4318 920 4377 manus,
932 4317 972 4366 ec
987 4293 1076 4364 lerro
1092 4307 1233 4371 vinctos,
1250 4289 1340 4358 foras

85 4391 199 4462 trahere
233 4389 472 4462 conabantur.
509 4385 600 4471 Quos
634 4387 756 4459 beatus
788 4384 920 4476 eligius
945 4382 1072 4454 blande
1106 4377 1337 4468 compellans:
