2946 4798
229 263 292 328 538
609 281 649 328 nr
673 282 700 327 s.
728 279 888 328 xaacaxxo
913 275 1034 326 taetra
1277 256 1343 322 ott.
1361 255 1399 318 29

184 365 408 454 impietatem,
423 369 488 435 Deo
502 373 615 434 autem
629 377 742 436 essent
757 365 1002 435 consecrandi:
1020 363 1114 452 quod
1127 369 1208 434 Deus
1219 359 1298 431 valde
1305 359 1334 428 in
1342 358 1400 446 ipso

183 468 215 524 et
234 476 293 542 per
308 455 423 546 ipsum
438 463 527 524 esset
543 453 804 544 glorificandus,
823 465 856 524 ct
882 451 983 524 multi
999 453 1062 522 filii
1079 453 1134 522 Dei
1154 474 1209 544 per
1221 449 1302 520 illum
1315 461 1403 545 essent

182 543 303 624 futuri,
325 555 358 613 et
374 542 471 634 digni
486 553 601 612 essent
616 541 778 613 censendi
805 555 947 633 paterna
964 541 1183 613 haereditate.
1202 545 1279 610 llaec
1291 535 1404 623 illequr·

184 632 262 702 dem
283 631 436 702 dicebat:
456 653 499 700 an
516 643 630 701 autem
649 633 809 704 effectum
827 631 896 702 sint
912 646 1108 711 consecuta,
1128 628 1270 701 ostendet
1282 626 1320 707 id,
1332 622 1400 712 quod

183 734 235 792 est
260 734 375 811 postea
398 732 636 790 consecutum.
1367 799 1384 809 ..

229 813 317 898 §a
346 808 526 878 Marcellus
554 828 630 877 vero
655 809 738 880 baec
767 809 925 890 audiens,
953 808 1143 898 quinetiam
1169 831 1206 878 ea
1227 826 1303 895 quae
1319 799 1398 872 audnt

185 899 336 979 faciens,
366 897 450 966 nihil
477 918 631 984 unquam
657 897 699 968 de
723 919 759 968 se
784 920 838 968 rna
867 919 949 968 num
975 909 1034 968 aut
1060 911 1172 966 mente
1194 893 1398 984 οοηοορίι,ἓ“ῑ

185 1001 237 1058 est
262 988 417 1058 locutus:
444 986 503 1056 sed
531 987 595 1058 hoc
620 987 746 1090 potius,
765 921 962 1074 quodcum
987 986 1074 1056 alios
1097 985 1276 1064 excelleret,
1299 987 1399 1049 eteeet

186 1077 331 1169 primae,
355 1075 507 1164 seipsum
533 1075 742 1147 existimaret
764 1089 798 1146 et
822 1075 1015 1149 nominaret
1038 1075 1196 1145 omnium
1211 1063 1424 1144 attinentia

185 1177 299 1236 autem
324 1185 364 1234 ex
386 1162 445 1235 illo
468 1185 605 1254 quoque
622 1163 851 1256 significatur.
870 1169 904 1235 ls
923 1185 1001 1234 oum
1020 1163 1206 1250 aliquando
1228 1161 1405 1232 delectaretur

186 1273 344 1326 sermone
368 1253 461 1324 senis
476 1253 580 1343 bujus
597 1253 825 1335 admirabilis,
849 1253 912 1324 diu
926 1251 1025 1342 quasi
1043 1252 1249 1340 quibusdam
1271 1246 1411 1320 fruebatur

185 1341 330 1424 deliciis,
349 1353 382 1411 et
400 1342 443 1412 ab
462 1341 556 1414 illius
580 1342 699 1433 lingua
721 1342 887 1432 pendens,
907 1363 975 1412 non
991 1341 1110 1412 aderat
1126 1339 1325 1412 monasterio.
1338 1330 1412 1422 lpud

186 1431 385 1514 monachos,
404 1453 483 1501 eum
500 1433 644 1514 abesset,
665 1431 832 1502 inciderat
841 1429 1101 1523 jucundissima
1118 1429 1162 1500 dc
1179 1452 1218 1501 eo
1242 1425 1373 1503 narratio,
1388 1433 1412 1488 et

184 1521 227 1592 de
241 1542 281 1590 eo
296 1520 513 1591 habebantur
529 1542 704 1592 sermones
720 1520 863 1609 quidam
884 1519 977 1610 apud
996 1526 1180 1590 loannem.
1200 1525 1298 1607 Atque
1313 1536 1347 1584 ex
1361 1531 1414 1612 rut·

185 1609 307 1679 nachis
321 1608 475 1696 quidem,
495 1609 531 1691 ii,
548 1610 608 1698 qui
622 1622 719 1679 erant
744 1609 932 1700 probiores,
951 1620 983 1680 et
1006 1609 1075 1678 alia
1099 1609 1205 1699 hujus
1220 1607 1280 1678 viri
1296 1603 1413 1675 admira·

185 1698 330 1770 bantur:
357 1698 546 1785 quinetiam
571 1698 636 1768 hoc
659 1719 796 1787 quoque
816 1697 1000 1778 addebant,
1022 1697 1113 1788 quod
1139 1721 1159 1767 a
1184 1695 1416 1788 Praefecturalse

185 1787 395 1868 removisset,
414 1800 447 1855 et
464 1787 578 1858 sedern
596 1801 664 1857 tam
682 1787 781 1858 facile
797 1787 1001 1875 reliquisset,
1022 1807 1106 1868 rem,
1128 1807 1217 1874 quae
1236 1784 1312 1857 solet
1331 1781 1415 1878 dena

185 1875 284 1946 valde
308 1876 440 1966 paucis.
467 1876 620 1964 lmprobi
645 1889 773 1959 autem,
799 1877 914 1962 etqui
945 1875 1149 1966 ignorabant
1177 1873 1316 1945 Marcelli
1337 1887 1416 1938 aututt

186 1963 475 2056 magnitudinem,
495 1964 559 2034 hoo
573 1965 699 2054 ipsum,
725 1965 817 2054 quod
842 1964 986 2056 fugisset
1002 1963 1161 2055 gloriam,
1188 1959 1417 2059 dicebant'inuse

186 2054 313 2124 habere
342 2052 528 2141 quamdam
562 2053 739 2124 materiam
773 2065 805 2124 et
840 2054 1054 2124 occasionem
1085 2051 1215 2142 gloriae
1244 2049 1416 2142 cupiditatis.

187 2149 302 2230 Neque
329 2143 420 2212 enim
449 2163 528 2212 cum
558 2142 674 2214 liceret
702 2142 859 2213 llarcello
887 2143 1068 2232 imperare,
1097 2141 1220 2212 maluit
1242 2143 1311 2233 ipse
1331 2136 1418 2228 paritr

187 2232 286 2302 aliis:
313 2229 372 2300 sed
389 2230 479 2317 quod
500 2251 566 2299 non
586 2231 759 2322 ignoraret
782 2231 952 2313 futurum,
978 2242 1016 2302 ut
1038 2231 1192 2302 Joannes
1216 2231 1247 2301 ei
1271 2231 1302 2300 iu
1325 2228 1419 2298 honore

189 2320 429 2412 praeferretur,
448 2331 481 2389 et
496 2340 575 2389 eum
593 2342 678 2402 esse,
696 2322 757 2412 qui
772 2335 843 2391 erat
855 2323 889 2389 in
906 2321 970 2389 bac
986 2319 1202 2390 Praefectura
1219 2331 1418 2410 successurus

189 2410 312 2481 maluit
328 2430 363 2479 se
376 2407 459 2498 fuga
484 2407 689 2492 subducere,
711 2431 814 2498 quam
834 2409 940 2480 videri
959 2408 1009 2478 illi
1035 2408 1246 2490 seeundum;
1273 2429 1333 2478 nec
1352 2398 1419 2474 facrlr

188 2498 357 2570 sustinere
374 2497 484 2587 potuit
500 2518 578 2567 eum
595 2519 669 2569 esse
686 2497 887 2589 praelatum.
980 2563 984 2570 .

231 2591 250 2676 §
275 2591 353 2660 tu.
380 2591 470 2656 Haec
494 2587 555 2656 etsi
576 2600 691 2658 essent
706 2586 884 2658 confutata
903 2585 1030 2667 facilia,
1057 2586 1254 2658 accuratius
1271 2576 1421 2657 tamardo·

188 2676 278 2746 cebit
305 2675 524 2766 experientia.
554 2680 704 2746 loannes
724 2678 816 2747 enim
843 2675 960 2746 volens
983 2674 1169 2757 declarare,
1193 2675 1233 2744 ad
1256 2695 1352 2763 quam
1371 2687 1422 2765 ptr

187 2764 331 2834 fundam
354 2766 501 2834 venisset
521 2764 701 2836 llarcellus
717 2765 961 2846 humilitatem,
982 2775 1015 2833 et
1036 2764 1242 2854 persuadere
1267 2757 1420 2854 monacbis.

189 2875 231 2922 ne
246 2852 346 2922 facile
364 2852 654 2923 condemnarent:
684 2854 847 2936 «Rebus,
871 2854 994 2942 inquit,
1016 2853 1125 2942 ipsis,
1153 2874 1173 2923 o
1200 2853 1278 2934 lilii,
1305 2854 1424 2922 commt-

189 2941 332 3011 tendum
349 2955 400 3010 est
411 2941 598 3031 judicium,
620 2965 637 3009 »
654 2965 804 3034 cumque
819 2942 905 3012 nibil
923 2940 1018 3013 aliud
1034 2941 1187 3024 dixisset,
1200 2941 1235 3010 in
1253 2941 1362 3010 animo
1375 2953 1424 3002 ter·

190 3029 286 3100 sabat
316 3029 470 3100 redeunti
500 3031 657 3101 Marcello
686 3031 890 3103 vilissimum
917 3031 1073 3101 ordinem
1104 3030 1310 3110 ministerii,
1337 3041 1426 3110 nempe

189 3119 364 3189 asinorum
381 3140 514 3201 curam,
536 3121 565 3190 ei
582 3119 731 3190 credere.
747 3125 929 3210 Postquam
945 3141 1027 3210 ergo
1043 3117 1100 3188 ille
1115 3119 1227 3202 rediit,
1246 3132 1280 3189 et
1292 3121 1352 3190 hoc
1363 3107 1424 3207 qttl

190 3207 370 3277 videbatur
400 3209 548 3278 maxime
577 3209 868 3300 ignominiosum,
898 3209 933 3278 in
966 3219 1155 3296 conspectu
1178 3208 1334 3279 omniunt
1353 3207 1427 3298 jusstl

189 3295 408 3378 Praefectus,
442 3297 622 3368 Marcellus
655 3298 712 3368 hic
737 3297 955 3368 manifestum
981 3296 1076 3368 dedit
1105 3309 1347 3388 argumentum
1372 3305 1426 3363 suat

191 3386 377 3460 modestiae
405 3398 437 3456 et
462 3384 604 3456 demissi
636 3386 790 3477 spiritus.
820 3392 892 3458 Non
923 3385 1035 3456 solum
1060 3386 1152 3456 enim
1174 3387 1314 3476 jussum
1338 3384 1427 3454 tabem

189 3475 333 3565 accepit,
365 3473 421 3544 sed
448 3474 527 3545 fecit
554 3476 656 3546 etiam
678 3474 809 3563 aliquid
837 3474 1041 3566 elegantius.
1069 3473 1157 3544 tideo
1185 3475 1281 3544 enim
1305 3473 1428 3544 lubenter

189 3562 275 3632 dixit
290 3585 326 3632 se
347 3563 463 3633 subire
487 3563 551 3634 hoo
570 3585 660 3634 onus
685 3564 879 3645 ministerii,
908 3575 945 3633 ut
972 3563 1007 3633 id
1034 3564 1136 3633 etiam
1163 3575 1304 3654 poneret
1331 3564 1361 3632 in
1380 3559 1428 3627 loct

188 3651 348 3721 beneficii
365 3665 397 3722 et
412 3665 548 3744 rogaret
563 3665 600 3722 ut
619 3652 709 3723 datis
726 3653 864 3743 scriptis
881 3652 947 3722 sibi
965 3666 1153 3734 caveretur,
1173 3664 1211 3722 ut
1226 3673 1302 3734 nec,
1320 3652 1349 3722 si
1362 3643 1428 3718 tellrt

189 3739 343 3829 quidem,
371 3754 484 3830 posset
508 3742 551 3812 ab
567 3763 607 3812 eo
632 3741 800 3812 recedere.
821 3746 859 3812 Et
876 3762 943 3811 non
966 3742 1016 3812 sic
1033 3741 1119 3811 dixit
1133 3739 1288 3828 quidem,
1316 3753 1428 3829 nonau-

190 3844 257 3900 tem
283 3829 373 3900 fecit.
400 3835 514 3918 Neque
537 3830 617 3902 fecit
634 3830 787 3919 quidem,
815 3829 874 3900 sed
896 3849 1000 3920 parvo
1024 3841 1193 3919 tempore:
1221 3831 1280 3900 sed
1307 3830 1340 3900 in
1364 3827 1428 3918 lacttt

189 3920 277 4011 ipsis
292 3920 388 3990 visus
402 3932 454 3990 est
470 3920 571 4011 lunge
586 3921 709 3990 acrior.
735 3919 881 3990 Tamdiu
905 3929 1019 3988 autem
1046 3931 1241 4008 perseverat
1261 3919 1295 3988 in
1317 3919 1374 3988 hoc
1389 3931 1426 3982 rt·

190 4009 343 4092 misterio,
363 4008 472 4078 donec
488 4031 609 4080 omnes
634 4007 753 4079 multis
779 4008 939 4099 precibus
963 4007 1140 4097 supplices
1163 4007 1207 4076 ab
1226 4029 1267 4079 eo
1284 4000 1427 4079 contende

190 4111 283 4176 runt.
304 4111 341 4169 ut
364 4098 414 4167 eis
433 4096 572 4184 quidem
598 4097 809 4187 ignosceret:
836 4098 880 4167 ab
907 4096 971 4166 hoc
996 4117 1074 4167 vero
1098 4096 1236 4166 servitio
1261 4096 1424 4188 discederet·

190 4186 386 4257 Absurdum
411 4186 503 4257 enirn
529 4206 623 4267 esse,
652 4184 753 4256 talem
779 4186 891 4256 virum
917 4197 985 4254 tam
1011 4183 1091 4255 vilia
1116 4185 1235 4255 subire
1261 4186 1425 4256 ministeria.

191 4275 251 4358 qui
276 4276 371 4365 gregi
390 4275 532 4345 rationis
557 4275 706 4365 compoti
727 4274 856 4376 dignus
879 4285 951 4344 erat
976 4294 1143 4363 praeesse.
1423 4349 1425 4356 y

226 4363 254 4448 ’ἕ
278 4369 344 4436 11.
368 4369 439 4434 lton
466 4361 613 4434 multum
640 4377 805 4455 temporis
829 4363 1032 4446 intercessit,
1059 4375 1091 4434 et
1114 4361 1263 4432 loannes
1288 4363 1372 4452 ipse,
1390 4371 1427 4442 qu
