2972 4826
247 292 309 356 tal
547 307 587 354 nc
610 305 845 354 cuiuscunque
869 307 896 352 s.
924 305 1050 354 urceum
1073 307 1122 354 aa.
1330 287 1402 352 nat.
1426 289 1441 351 6

201 394 321 464 civitas
335 402 399 462 tota
417 391 544 482 gaudio
563 391 750 480 inopinato,
764 409 850 459 novo
862 403 895 458 et
912 390 1064 460 mirabili
1079 403 1131 459 est
1146 389 1287 480 repleta:
1304 389 1443 476 omniqua

204 504 280 552 mox
305 479 469 550 dilatione
494 493 634 560 remota,
661 491 805 565 uterque
829 500 930 548 sexus
946 492 978 548 et
996 480 1112 548 omnis
1135 491 1239 559 aetas,
1266 489 1359 566 atque
1374 477 1443 546 adeo
1483 515 1484 548 ;

201 571 303 640 etiam
329 569 459 639 infirmi
482 567 525 637 ad
551 568 650 638 litora
673 580 916 638 convenerunt.
943 573 1096 654 Namque
1112 566 1181 638 sere
1205 568 1268 637 viri
1290 587 1396 637 omnes
1419 579 1445 634 et
1483 581 1484 586 ’

202 661 376 742 mulieres,
404 678 502 728 senes
525 667 558 726 et
576 657 732 747 Juvenes‚
758 678 847 726 anus
871 668 903 726 et
917 656 1143 747 juvenculae,
1171 657 1268 747 pueri
1291 669 1321 726 et
1349 655 1445 724 adole·
1483 717 1484 720 ,

201 746 387 830 scentulae,
411 745 569 814 infantuli
595 757 627 815 et
647 744 837 815 infantulae
855 767 957 815 naves
977 767 1079 835 saepe
1102 746 1222 827 dictas,
1242 758 1363 815 tantam
1377 749 1446 812 Baro

201 849 414 924 cunctaeque
430 834 547 904 ltaliae
567 833 729 904 laetitiam
750 834 940 915 afferentes,
958 833 1098 904 intentis
1112 835 1288 906 obtutibus
1304 846 1333 904 et
1342 834 1448 922 jucun·

201 924 355 995 dissimis
379 923 506 992 animis
532 923 703 994 venientes
727 923 981 1014 exspectabant.
1483 923 1484 950 ²

244 1016 357 1102 §14-
385 1017 426 1082 Ut
449 1024 561 1082 autem
583 1011 682 1100 juxta
705 1023 841 1102 portum
866 1012 1130 1103 applicuerunt,
1158 1012 1296 1082 cuinam
1321 1011 1385 1081 viro
1406 1033 1449 1078 ec-

201 1101 391 1172 clesiastieo
414 1111 447 1171 et
463 1099 623 1191 religioso
640 1113 772 1170 tantum
799 1101 998 1171 thesaurum
1026 1102 1240 1192 porrigerent
1257 1115 1292 1171 et
1312 1101 1449 1169 commit·

202 1203 334 1272 terent,
363 1189 578 1282 ignorabant.
606 1194 690 1260 Urso
722 1189 813 1259 euim
848 1191 1050 1260 Barinorum
1075 1190 1376 1280 lrclriepiscopus,
1413 1188 1451 1256 vir

202 1280 394 1380 religiosus,
421 1283 555 1366 Deoque
578 1277 717 1370 dignus,
743 1289 776 1348 et
790 1277 940 1349 dominis
964 1277 1093 1348 Italicis
1108 1279 1349 1350 notissimuset
1371 1277 1451 1346 lami·

202 1369 297 1438 liaris
321 1367 455 1438 amicus
479 1379 551 1437 erat
575 1378 646 1437 tum
675 1365 768 1458 apud
793 1372 955 1448 Tranum,
990 1389 1070 1436 cum
1095 1389 1164 1455 quo
1192 1379 1225 1437 et
1251 1389 1312 1439 nos
1338 1365 1392 1437 illo
1409 1366 1452 1434 die

200 1479 350 1528 eramus.
377 1457 477 1526 llavis
500 1457 591 1526 euim
612 1454 682 1526 illic
707 1467 909 1547 praeparata
930 1456 1052 1538 stabat,
1078 1477 1182 1542 quam
1210 1470 1286 1546 post
1309 1455 1392 1524 diem
1414 1454 1451 1523 al-

201 1558 310 1616 terum
336 1544 470 1636 ingredi
487 1556 661 1625 statuerat,
679 1565 785 1614 causa
800 1545 965 1616 orationis
977 1545 1226 1634 lerosolymam
1243 1543 1451 1636 prolecturus.

200 1640 303 1707 Porro
324 1635 455 1726 lagatus
472 1633 514 1704 ad
540 1657 619 1704 eum
645 1633 790 1703 festinus
815 1635 906 1704 venit
925 1634 1053 1704 civium
1079 1635 1282 1704 Bareusium
1307 1655 1383 1704 cum
1412 1633 1452 1700 lit-

201 1725 292 1804 teris,
320 1745 408 1811 quae
428 1723 694 1814 omnipotentem
718 1722 899 1792 Dominum
930 1734 998 1792 tam
1028 1723 1172 1792 mirifica
1195 1723 1288 1792 dona
1312 1721 1453 1793 ecclesiae

200 1813 340 1882 Barensi
357 1811 468 1902 ipsius
487 1825 636 1901 tempore
660 1811 871 1882 concessisse
889 1811 1144 1902 significabant.
1162 1813 1299 1882 Omisso
1322 1833 1397 1903 ergo
1409 1809 1452 1878 ille

200 1915 318 1992 coepto
353 1901 495 1984 itinere,
522 1900 693 1970 immensa
722 1899 872 1991 repletus
896 1900 1035 1983 laetitia,
1072 1905 1196 1972 Barum
1230 1901 1301 1971 sibi
1332 1919 1454 2004 propere

201 1990 384 2082 petendum
410 1989 626 2060 existimavit.
645 1990 784 2060 Interim
801 2003 924 2061 nautae
948 1990 1040 2060 Eliae
1055 1989 1344 2062 Abbaticoenobir
1361 1995 1390 2060 S.
1408 1993 1454 2056 Be-

200 2079 338 2162 nedicti,
363 2078 453 2166 quod
472 2101 575 2170 supra
596 2092 730 2168 portum
757 2079 860 2150 situm
885 2090 946 2160 est,
963 2079 1149 2169 capsellam
1167 2101 1285 2150 sacras
1312 2077 1453 2166 reliquias

200 2169 428 2239 continentem
448 2167 758 2237 commendarunt:
774 2189 877 2254 quam
894 2167 950 2236 ille
965 2167 1170 2257 suscipiens
1195 2168 1227 2236 in
1249 2168 1370 2238 eadem
1384 2163 1453 2236 beati

199 2256 372 2328 Benedicti
393 2256 537 2326 ecclesia
563 2277 654 2327 nono
673 2256 728 2325 die
752 2255 881 2326 mensis
898 2255 992 2344 Maji,
1019 2257 1054 2324 in
1075 2277 1144 2343 quo
1169 2257 1401 2327 translationis
1416 2265 1453 2322 est

199 2346 383 2417 constituta
407 2343 572 2414 celebrari
606 2343 828 2425 solemnitaS,
866 2345 976 2414 tribus
1004 2343 1127 2415 diebus
1154 2359 1188 2414 et
1212 2345 1373 2416 noctibus
1391 2363 1452 2414 cun

199 2434 376 2503 Fratribus
392 2435 465 2504 suis
480 2433 664 2522 diligenter
678 2445 711 2502 et
729 2445 828 2502 caute
847 2433 1042 2504 custodivit.
1061 2438 1142 2503 llam
1170 2433 1250 2504 inde
1278 2447 1391 2525 postea
1406 2431 1454 2500 luit

199 2522 323 2605 ablata,
341 2533 373 2592 et
392 2521 434 2590 ad
452 2522 597 2604 curiam,
624 2543 712 2612 quae
736 2520 863 2590 dicitur
891 2523 1064 2612 Catapani,
1091 2522 1283 2613 deportata.
1311 2529 1401 2594 lnter
1420 2519 1455 2589 ci·

200 2633 255 2682 ves
281 2632 430 2698 namque
454 2615 617 2680 Barenses
634 2609 745 2680 civilis
765 2609 935 2682 dissensio
950 2625 983 2681 et
1007 2611 1128 2682 seditio
1144 2612 1317 2693 exoriens,
1335 2609 1455 2681 induas

199 2710 250 2770 est
274 2713 387 2790 partes
411 2699 531 2770 divisa.
559 2700 622 2769 arii
641 2699 733 2768 enim
760 2698 794 2768 in
825 2698 890 2768 bac
914 2699 1061 2771 civitatis
1084 2713 1191 2790 parte,
1218 2701 1280 2771 alii
1313 2701 1346 2770 in
1368 2698 1456 2769 altera

199 2793 359 2859 Sanctum
381 2787 547 2858 collocare
577 2788 784 2858 nitebantur.
811 2787 899 2870 ouid
924 2801 1037 2859 autem
1068 2790 1156 2858 inter
1187 2789 1265 2861 illos
1297 2788 1454 2860 evenerit,

200 2898 259 2968 per
275 2888 371 2946 notas
397 2898 517 2946 vocum
540 2876 704 2948 nolumus
728 2877 854 2946 nostris
883 2878 1107 2948 moerendum
1142 2877 1338 2966 relinquere
1363 2887 1457 2968 poste·

200 2965 258 3034 ris:
281 2965 337 3036 sed
359 2965 534 3036 malumus
551 2965 685 3036 silentio
701 2966 909 3053 sempiterno
926 2967 1044 3048 teucri,
1060 2977 1093 3036 et
1108 2967 1281 3039 oblivione
1307 2963 1454 3058 ignorari.

198 3053 346 3124 Tandem
365 3075 442 3124 vero
465 3054 666 3124 adveniente
679 3053 953 3145 archiepiscopo,
974 3067 1097 3126 nautae
1113 3057 1247 3127 eteives
1265 3061 1457 3148 rogaverunt

199 3142 310 3225 illum,
328 3156 366 3213 ut
382 3143 567 3234 capsellam
589 3143 684 3212 illam
703 3142 790 3212 intra
811 3145 943 3212 curiam
961 3167 1059 3216 suam
1079 3144 1206 3216 sineret
1223 3147 1357 3235 reponi,
1379 3139 1455 3231 quod

198 3232 294 3303 locus
319 3231 389 3302 illic
413 3243 501 3302 essct
525 3245 627 3324 aptus
650 3243 682 3302 et
715 3229 874 3390 amplus,
903 3231 1019 3320 ibique
1050 3233 1191 3325 propria
1220 3234 1368 3305 ecclesia
1390 3251 1456 3302 ccu-

196 3332 396 3392 strueretur.
416 3326 568 3404 Quorum
596 3320 653 3391 ille
671 3331 768 3410 postu
785 3321 890 3390 utioui
914 3343 1121 3392 consensum
1145 3322 1322 3412 praebuit:
1345 3336 1378 3393 et
1393 3338 1457 3388 mor

195 3431 275 3481 cum
301 3409 478 3500 Episcopis
494 3421 526 3480 et
545 3409 679 3480 clericis
703 3409 866 3496 omnique
892 3409 1018 3500 populo
1038 3410 1185 3482 civitatis
1202 3412 1310 3483 nudis
1326 3410 1457 3502 pedibus

197 3499 279 3569 illuc
304 3520 461 3590 pergens,
488 3499 531 3569 de
555 3499 667 3569 medio
691 3498 808 3568 curiae
828 3498 980 3581 abstulit,
1007 3512 1039 3568 et
1065 3500 1098 3570 in
1123 3500 1269 3571 ecclesia
1284 3501 1374 3572 beati
1391 3519 1458 3588 pro·

196 3589 392 3680 tomartyria
416 3587 600 3678 Stephani,
630 3607 719 3674 quae
751 3587 870 3675 paucis
896 3587 1074 3658 mensibus
1098 3601 1176 3660 ante
1196 3611 1309 3660 annos
1329 3603 1394 3660 tres
1416 3583 1456 3652 ia·

194 3677 324 3748 bricata
348 3676 469 3754 suerat.
488 3675 660 3768 deposuit.
693 3674 820 3744 Deinde
839 3675 983 3748 sollicite
1007 3679 1158 3770 cogitare
1185 3691 1385 3769 coeperunt,
1409 3672 1456 3743 cui

195 3766 265 3834 viro
283 3765 417 3848 idoneo,
440 3765 545 3856 digno
569 3777 601 3836 et
616 3763 710 3834 fideli
736 3775 867 3834 tautum
894 3765 1093 3838 thesaurum
1113 3766 1260 3839 fideliter
1273 3763 1455 3858 custodien-

193 3853 277 3924 dum
295 3855 557 3936 committerent,
584 3855 701 3942 quiet
730 3852 920 3924 oblationes
944 3855 1098 3926 fidelium
1124 3857 1328 3946 susciperet,
1361 3849 1456 3924 fideli·

193 3943 361 4029 terquead
380 3944 573 4016 necessaria
586 3942 862 4034 basilicaaopera
873 3956 1032 4026 servaret,
1052 3945 1285 4033 omnibusque
1299 3949 1456 4034 praeesset

192 4030 400 4102 utilitatibus
418 4032 582 4122 providus
605 4031 843 4122 dispensator.
863 4032 927 4102 Sed
953 4034 1123 4103 neminem
1146 4033 1254 4105 alium
1281 4044 1392 4103 tantae
1416 4046 1456 4095 rer

193 4120 304 4212 magis
331 4120 492 4190 idoneum
525 4119 591 4190 hac
615 4131 819 4211 tempestate
847 4121 996 4212 reperire
1021 4135 1226 4213 potueruut,
1252 4142 1357 4209 quarn
1389 4127 1456 4188 ente

189 4209 322 4279 dictum
349 4208 456 4278 Ellam
479 4209 653 4280 lbharem.
681 4215 799 4311 ltaque
832 4211 989 4281 omnium
1014 4233 1188 4282 consensu
1218 4223 1250 4282 et
1268 4209 1382 4280 favore
1405 4207 1455 4273 lr-

189 4298 433 4386 cbiepiseopus
448 4296 600 4368 loculum
618 4320 771 4389 corporis
787 4311 818 4369 et
831 4311 963 4370 caetera
979 4321 1084 4390 supra
1101 4314 1290 4370 memorata
1307 4299 1354 4368 illi
1373 4313 1455 4366 conr·

188 4387 296 4466 misit,
317 4385 528 4475 agendisque
553 4387 715 4459 omuibus
739 4409 817 4458 eum
837 4389 1070 4480 praepositum
1096 4411 1171 4460 esso
1194 4389 1313 4460 voluit.
