2994 4832
65 335 126 400 ott.
148 337 166 399 5
429 351 466 398 nn
490 351 517 398 s.
542 351 622 402 saut
645 351 716 398 aar.
743 351 782 398 nr
806 349 896 397 conr.
1188 331 1251 395 tet

63 439 185 522 quierat
208 439 240 504 iu
265 434 406 517 exsilio,
422 449 453 506 et
471 435 596 526 gaudio
621 435 686 505 suit
712 433 874 524 repletus
896 447 929 502 et
952 433 1107 502 omnium
1139 454 1297 523 praesen·

62 527 123 594 tium
145 524 311 595 malorum
330 523 583 612 quodammodo
606 537 657 596 est
673 524 812 594 oblitus.
832 521 1009 612 Ejusmodi
1027 544 1082 592 res
1101 535 1152 590 est
1166 523 1294 601 anima,

59 636 124 700 quae
143 615 287 684 luctatur
307 636 391 683 cum
409 613 672 696 calamitatibus,
698 626 732 683 et
748 611 975 682 condemnata
999 622 1050 682 est
1074 609 1222 679 alienam
1238 610 1297 678 do-

58 725 131 772 num
153 703 306 774 habitare
338 723 399 791 pro
427 725 499 780 sua.
518 702 546 772 si
571 701 788 773 solummodo
819 713 916 771 notos
944 699 1138 789 adspexerit
1165 699 1295 794 oculos,

56 791 105 860 boo
118 792 235 861 minuit
258 789 448 873 molestias,
465 803 497 860 et
515 790 612 860 affert
628 812 792 879 magnum
810 789 970 858 solatium
988 788 1207 859 calamitatis.

88 883 193 966 558.
220 885 303 950 Cum
331 879 409 951 illos
432 899 512 968 ergo
536 879 621 948 adeo
645 879 803 950 lubenter
824 876 964 948 vidisset
987 877 1197 957 Paniardis,
1217 897 1295 946 eum

53 968 247 1038 multosdies
269 968 366 1056 apud
392 991 426 1040 se
443 968 594 1048 retinuit,
623 989 734 1056 neque
757 989 836 1036 eum
862 966 995 1038 volebat
1010 966 1153 1036 omuino
1178 965 1298 1036 dimit-

53 1071 126 1136 tere;
151 1057 205 1128 sed
230 1057 388 1145 quotidie
422 1058 513 1126 circa
538 1058 657 1126 horam
683 1077 810 1126 nonam
840 1054 911 1142 jam
942 1077 960 1124 e
984 1055 1087 1124 domo
1112 1055 1299 1144 procedens

49 1151 118 1232 (toto
138 1147 225 1214 euim
243 1146 313 1216 alio
334 1159 485 1234 ternpore
504 1145 539 1214 in
558 1159 654 1236 grato
671 1145 893 1235 permanebat
917 1143 1068 1233 silentio)
1091 1163 1249 1214 sermone
1267 1155 1299 1212 et

52 1233 192 1304 allmento
214 1257 274 1305 eos
296 1234 524 1324 impertiebat,
544 1235 654 1304 amice
673 1247 706 1303 et
730 1235 862 1304 sincere
880 1255 960 1302 cum
981 1233 1031 1303 eis
1056 1232 1159 1302 vitam
1177 1253 1296 1322 agens.

53 1327 119 1392 Cum
141 1345 206 1393 uno
230 1325 347 1410 itaque
363 1323 420 1392 die
443 1322 493 1392 illi
511 1323 694 1404 venissent,
712 1336 751 1392 ut
767 1335 1016 1392 consueverant
1031 1320 1077 1410 (is
1094 1333 1209 1390 autem
1227 1332 1299 1390 erat

52 1433 146 1481 nonus
160 1412 267 1496 tutti),
282 1413 512 1482 cunctabatur
527 1411 644 1502 egredi
668 1411 876 1482 Patriaroba.
896 1416 935 1480 Et
959 1409 1009 1479 illi
1024 1409 1163 1495 quidem
1181 1430 1300 1503 exspe-

51 1501 179 1582 ctabant,
205 1503 325 1572 cibum
352 1501 495 1570 minime
522 1513 721 1590 tangentes:
755 1499 952 1570 Patriarcha
975 1520 1064 1579 vero,
1092 1497 1206 1572 media
1225 1499 1298 1587 jam

52 1603 133 1658 nocte
154 1612 323 1680 egressus,
344 1588 555 1679 lacrymosos
575 1589 707 1660 habens
724 1589 861 1659 oculos:
888 1610 906 1655 a
933 1593 1008 1668 Vos,
1033 1587 1155 1673 inquit,
1181 1586 1298 1656 cibum

53 1680 170 1747 sumite.
190 1684 258 1750 lion
287 1691 338 1749 est
361 1680 452 1747 euim
480 1678 563 1748 rnibi
589 1678 710 1748 otium.
741 1701 760 1746 »
791 1677 865 1748 Illis
888 1689 1001 1747 autem
1027 1675 1210 1765 diligenter
1233 1677 1301 1744 sci·

56 1767 248 1848 scitantibus,
266 1766 436 1854 quidnam
454 1768 485 1836 ei
505 1766 695 1848 accidisset,
714 1764 806 1854 quod
825 1777 893 1834 tam
912 1763 1007 1834 tarde
1024 1779 1111 1836 esset
1128 1785 1299 1855 egressus

57 1865 83 1922 et
100 1878 155 1924 eur
176 1857 282 1926 tristis
315 1867 427 1936 esset,
453 1866 486 1924 et
508 1868 623 1926 essent
645 1855 721 1945 ejus
753 1853 845 1925 oculi
880 1853 1003 1924 suffusi
1032 1852 1217 1943 lacrymis,
1245 1852 1302 1922 ille

61 1945 157 2014 acerbe
178 1945 334 2033 ejulans:
352 1947 415 2013 «0
439 1943 534 2016 beate
560 1957 665 2034 pater,
682 1944 807 2031 inquit,
829 1941 872 2012 ad
894 1942 1016 2012 Sabam
1044 1943 1194 2024 intuens,
1213 1946 1298 2021 Heu,

64 2030 163 2118 inquit,
178 2033 242 2103 bac
258 2034 344 2102 bora
361 2045 519 2102 mortuus
542 2045 594 2104 est
611 2038 801 2122 Imperator
817 2031 1033 2101 Anastasius:
1052 2043 1085 2100 et
1100 2042 1231 2120 oportet
1249 2052 1302 2099 me

66 2139 175 2208 quoque
184 2123 325 2192 omnino
335 2121 470 2192 decimo
485 2121 540 2190 die
556 2133 632 2210 post
649 2143 729 2192 eurn
741 2119 922 2206 excedere„
933 2130 973 2190 ut
988 2139 1130 2189 causam
1149 2130 1300 2190 nostram

69 2228 185 2296 agamus
203 2224 281 2282 ante
305 2209 472 2280 horribile
496 2208 661 2282 tribunal.
693 2232 710 2278 n
741 2214 811 2280 Hoc
842 2209 959 2299 ipsum
983 2228 1121 2296 quoque
1143 2219 1301 2298 apertum

67 2293 121 2364 luit
140 2298 220 2369 beato
243 2299 365 2380 Sabae,
385 2311 417 2368 et
436 2299 496 2369 illa
521 2310 718 2386 nocteque
741 2299 872 2368 visione
895 2297 1060 2387 diguatus
1082 2308 1134 2366 est
1156 2297 1303 2367 Patriar·

68 2383 129 2459 aba.
143 2385 254 2458 dicitur
271 2390 388 2476 ipsum
413 2409 550 2477 quoque
574 2387 700 2457 vidisse
715 2387 875 2468 lulmina‚
901 2407 990 2472 quae
1004 2384 1153 2476 desuper
1175 2385 1304 2454 immit-

67 2471 196 2546 tebantur
215 2478 249 2546 in
276 2481 544 2566 Imperatorem,
569 2487 701 2546 etcum
726 2475 830 2546 veluti
856 2475 1162 2565 persequebantur,
1189 2485 1228 2544 ut
1251 2474 1305 2542 ln-

63 2563 251 2635 terimerent:
270 2586 352 2635 eum
377 2577 490 2634 autem
516 2563 703 2654 lugientem
728 2564 762 2634 in
780 2564 894 2654 regiae
912 2563 1111 2653 penetralia,
1131 2563 1306 2651 turpiter*

55 2650 196 2725 effudisse
212 2653 381 2723 animam.
405 2652 470 2724 Sed
493 2675 586 2722 mors
600 2649 742 2741 quidem
770 2653 1004 2741 Imperatoris,
1026 2664 1065 2722 ut
1088 2673 1177 2740 quae
1197 2672 1304 2740 appa-

52 2756 176 2812 merant
208 2743 357 2814 visiones
388 2741 654 2832 significabant,
680 2742 794 2812 statim
827 2741 894 2812 luit
925 2741 1055 2812 audita.
1083 2740 1210 2811 lleinde
1238 2740 1304 2809 vita

50 2849 170 2920 quoque
188 2831 332 2902 excessit
351 2830 441 2900 Elias
461 2831 668 2912 Patriacum,
688 2831 777 2900 sicut
793 2830 836 2901 ab
857 2831 932 2920 ipso
950 2829 1165 2918 praedictum
1178 2829 1300 2900 fuerat.

86 2921 102 3004 ξ
123 2923 190 2991 52.
218 2925 301 2990 Cum
325 2940 407 3009 ergo
425 2929 500 3008 post
515 2918 732 2991 Anastasium
752 2919 912 2991 Iustinus
929 2918 962 2954 **
983 2919 1038 3009 pie
1059 2917 1306 3006 assumpsisset

51 3007 234 3094 imperium,
256 3019 289 3077 et
303 3029 370 3165 cper
390 3008 589 3078 universum
617 3007 736 3078 orbern
763 3018 870 3078 terrae
891 3007 1042 3077 misisset
1068 3007 1241 3088 edictum,
1268 3019 1307 3078 ut

48 3095 220 3166 Orthodoxi
238 3097 301 3184 qui
328 3119 381 3167 em
403 3097 657 3166 remitterentur
672 3095 716 3166 ab
731 3096 849 3166 exsilio
866 3119 873 3180 ς
888 3094 1174 3166 Chalcedonensis
1191 3107 1307 3166 autem

49 3184 193 3272 synodus
212 3183 420 3256 scriberetur
445 3185 479 3252 in
505 3185 612 3255 sacris
637 3184 784 3264 tabulis,
810 3197 842 3254 et
866 3197 993 3254 veteres
1017 3182 1163 3253 bonores
1188 3182 1308 3251 redde-

48 3286 159 3343 rentur
185 3273 398 3354 0rthodoxis‚
428 3285 460 3343 et
486 3295 607 3345 rursus
630 3272 816 3360 tranquilla
843 3272 1039 3342 fruerentur
1063 3269 1225 3340 Ecclesia.
1245 3269 1307 3340 llis

48 3361 91 3429 sic
117 3359 224 3444 sactis,
251 3376 285 3432 et
302 3363 440 3432 Iustino
465 3366 673 3452 Imperatore
697 3368 830 3432 reversa
858 3381 980 3431 rursus
1000 3357 1068 3428 lide
1094 3358 1304 3438 orthodoxa,

47 3462 112 3519 erat
126 3451 265 3538 quidem
283 3451 404 3521 beatus
421 3451 528 3521 Sabas
545 3462 645 3521 uatus
659 3449 842 3540 plusquam
859 3449 1033 3549 octoginta
1047 3469 1157 3518 annos
1172 3447 1304 3526 aetatis,

47 3549 74 3607 et
87 3539 237 3628 eorporis
252 3538 489 3610 imbecillitate
511 3552 544 3608 et
562 3551 746 3621 senectute,
772 3549 804 3608 et
823 3537 926 3627 longa
947 3535 1006 3606 illa
1030 3547 1063 3605 et
1082 3535 1217 3624 intensa
1240 3534 1308 3604 vir-

49 3638 153 3696 tutum
176 3628 415 3698 exercitatione
438 3626 586 3697 afflictus
609 3639 641 3698 et
666 3638 868 3698 maceratus.
897 3631 1021 3696 Verum
1048 3625 1222 3694 enimvero
1246 3624 1309 3694 etsi

48 3716 89 3784 ita
105 3739 142 3786 se
159 3717 309 3798 baberet,
333 3727 493 3806 prompto
513 3727 626 3786 umen
654 3727 686 3786 et
704 3715 810 3786 alacri
836 3715 946 3784 animi
969 3713 1083 3784 studio
1103 3712 1246 3783 florebat
1269 3734 1310 3782 ac

50 3805 190 3892 rigebat:
206 3817 240 3876 et
254 3827 342 3893 quos
361 3816 500 3896 propter
516 3803 689 3874 Christum
706 3803 916 3893 suscipiebat
929 3803 1075 3883 labores,
1098 3800 1309 3893 praelerebat

48 3893 140 3962 omni
156 3895 261 3982 quieti
285 3907 318 3963 et
343 3894 451 3962 animi
478 3891 689 3962 relaxationi.
718 3892 813 3962 Unde
835 3892 937 3962 etiam
958 3892 1075 3961 omnia
1101 3903 1311 3981 postponens

51 3980 129 4062 zelo,
148 4004 214 4070 quo
232 3983 427 4052 ducebatur
450 4003 511 4072 pro
535 3980 603 4051 lide
622 3981 819 4062 orthodoxa,
846 3981 961 4051 statim
979 3979 1151 4070 profectus
1174 3992 1226 4050 est
1251 4002 1312 4071 per

52 4072 235 4142 Caesaream
265 4084 298 4141 et
327 4069 584 4161 Scythopolim‚
614 4069 674 4139 ubi
699 4069 901 4159 praedicans
926 4070 1023 4161 pium
1049 4069 1137 4138 illud
1158 4069 1310 4140 edictum

55 4160 274 4246 Imperatoris,
289 4173 323 4230 et
338 4159 372 4230 iu
392 4159 518 4231 tabulis
532 4159 757 4231 ecclesiarum
771 4158 965 4230 inscribens
979 4171 1129 4245 quatuor
1145 4157 1309 4248 synodos:

77 4301 89 4321 ·
101 4301 240 4350 anstasius,
249 4303 347 4346 tulmtua
357 4305 459 4350 afflatus,
468 4301 547 4354 perlit.

78 4355 103 4379 '¹
112 4355 135 4394 lt
143 4359 294 4399 amentarius
303 4359 381 4400 lueret
390 4360 414 4399 et
424 4368 478 4398 auae
488 4359 574 4409 egerat.
584 4357 708 4408 sceptrum
717 4361 796 4397 tumen
811 4352 885 4406 gessit
901 4363 995 4396 summa
1009 4364 1064 4395 cum
1080 4355 1158 4401 laude,
1167 4364 1194 4394 ac
1206 4351 1253 4394 tull
1266 4355 1314 4403 pte·

56 4407 491 4509 {²1¹0'3⁵12'²32}1⁰2⁵{⁸ffl{7³³⁸²¹²¹¹⁸¹²¹²¹³²
508 4421 535 4453 ex
553 4421 632 4453 sorore
649 4413 772 4461 nepotem,
790 4419 864 4460 quum
881 4409 955 4450 adbuc
972 4408 1071 4456 viveret,
1088 4407 1134 4452 sibl
1152 4416 1315 4450 successorem
