2934 4810
20 275 72 342 ut.
92 277 131 341 26
360 297 624 346 uxurrxonocruu
655 297 874 346 runosruarorr
1087 313 1088 318 κ
1123 279 1227 349 ibid*

18 377 78 436 rima
98 383 128 436 et
141 391 264 455 corpore
285 386 510 459 curans,atque
527 377 605 454 iuju-
635 379 665 438 iu
680 376 853 441 domesticis
874 379 994 457 legibus
1015 381 1173 444 servandis
1196 383 1271 460 rigi·

18 457 82 515 iaset
95 455 267 529 calumnias,
284 459 312 519 ei
329 457 448 532 inlatas,
476 459 606 520 infracto
634 456 738 532 lautia,
756 460 914 535 singulare
937 463 1085 522 orationis
1109 463 1269 538 studium,

18 536 249 598 rimosustinens.
262 537 306 599 td
320 539 524 600 immortalem
539 537 606 600 bea·
635 538 768 599 eximius
783 539 814 599 iu
829 538 930 601 Jesum
951 549 1043 618 atque
1066 541 1226 619 Deiparam
1241 559 1270 604 a·

22 629 100 690 mirae
119 623 196 678 sorte
226 617 378 679 transiisse
407 618 531 680 ridetur
554 633 606 678 an·
637 631 715 688 mor,
744 617 861 680 assidua
886 619 918 679 in
942 619 1116 682 afflictando
1144 637 1272 699 corpore

18 692 103 754 otuu.
119 714 134 753 r
635 697 794 772 acerbitas,
802 699 911 760 ardens
922 701 954 760 in
968 701 1119 776 proximos
1130 701 1272 775 charitas,

636 791 753 838 suruma
770 777 897 838 inomni
911 781 1062 841 virtutum
1078 779 1272 844 laudeanimi

29 875 290 942 stromatibus
311 883 440 946 mern
461 882 566 946 MAUR·
636 854 788 930 demissio,
811 873 882 918 eum
901 859 1077 950 'absolutum
1105 861 1274 952 sanctitatis

197 967 376 1034 tm,
619 935 1272 1097 iretractarentur-,tt,critic

155 1091 231 1157 uoto
247 1109 330 1157 nano
342 1095 428 1158 1751.
638 1093 813 1171 theologicis
825 1063 943 1158 'studiis
958 1101 992 1160 ad
1018 1066 1272 1174 praedicationem

637 1173 795 1246 iormatus,
812 1183 942 1252 urgente
958 1179 988 1238 iu
1006 1179 1159 1256 proximos
1172 1179 1271 1240 chori·

30 1249 191 1316 lixurrnox.
214 1291 253 1302 -
276 1254 389 1318 Rornae
413 1257 508 1318 sancti
533 1254 608 1317 Lao·
637 1259 708 1326 tate,
737 1261 887 1332 tamquam
909 1273 926 1317 e
948 1273 1069 1320 carcere
1089 1259 1125 1320 ad
1147 1274 1272 1320 cursum

18 1347 73 1390 ‚aaut
94 1350 106 1394 a
131 1335 220 1398 Portu
250 1335 390 1396 liauritio
419 1335 609 1398 Conlessoris
636 1332 673 1393 ad
688 1331 980 1398 lucrandasauirnas
1004 1353 1165 1413 egressus,
1190 1345 1271 1400 tauta

18 1411 134 1474 cludine
148 1413 302 1476 Mincium
323 1417 486 1478 strictioris
507 1417 609 1479 obser·
636 1414 833 1476 contentione
848 1415 1054 1492 apostolatum
1076 1421 1217 1496 suscepit,
1239 1426 1272 1480 ut

18 1495 120 1566 antiae,
149 1495 213 1556 zelo
248 1495 421 1557 animarum
454 1505 482 1558 et
513 1497 609 1558 sacris
636 1493 793 1554 conatibus
808 1496 904 1571 impar
924 1495 1022 1572 ejecta
1045 1498 1218 1574 sanguinis,
1240 1507 1273 1560 a·

18 1568 155 1636 trititiam
170 1575 417 1655 expeditionibus
438 1578 606 1654 conspicui,
637 1570 786 1648 postoiicis
806 1573 959 1636 laboribus
979 1576 1009 1636 iu
1032 1577 1095 1655 ipso
1120 1577 1273 1655 praedica·

18 1663 70 1711 uem
91 1651 157 1715 Pius
172 1653 277 1716 Nouos
298 1654 438 1718 Pontifex
459 1655 607 1718 Maximus
637 1651 727 1712 tionis
741 1653 865 1714 exordio
881 1653 1038 1718 abstinere
1059 1657 1086 1718 ei
1104 1656 1198 1719 luerit
1221 1673 1273 1719 ne·

18 1727 196 1795 rSanctorum
207 1733 364 1796 Cimonem
383 1734 498 1797 retulit.
635 1746 727 1792 cesse.
755 1731 817 1794 Hoc
844 1750 881 1795 ex
910 1735 1039 1808 morbo,
1062 1738 1175 1814 quinto
1207 1745 1272 1812 post

36 1808 212 1874 rbeonardus
225 1831 241 1876 a
254 1812 348 1876 Portu
359 1815 499 1877 llauritio
514 1815 605 1876 inora
635 1826 726 1881 anuo,
742 1811 885 1890 Deiparae
901 1831 957 1892 ope
976 1815 1139 1888 relevatus,
1161 1817 1197 1878 ad
1214 1817 1273 1892 pri-

21 1887 128 1963 igustica
148 1891 263 1966 ltaliae,
285 1895 342 1970 piis
362 1893 541 1971 parentibus
556 1911 605 1956 ua·
634 1890 746 1952 stiuam
760 1895 990 1955 contentionem
1006 1895 1044 1956 ita
1057 1912 1089 1956 se
1103 1895 1272 1972 renovavit,

18 1968 68 2038 rs*‚
78 1979 105 2030 et
113 1973 174 2048 jam
186 1990 200 2035 a
214 1974 314 2052 prima
328 1975 459 2052 pueritia
476 1975 605 2036 mirilico
637 1978 669 2031 ut
682 1971 812 2048 prodigii
836 1971 899 2034 loco
922 1973 1087 2036 baberetur
1104 1976 1134 2036 in
1150 1989 1272 2052 corpus-

18 2049 103 2110 ttulam
118 2055 319 2131 propensione
332 2051 368 2114 ad
382 2054 522 2130 pietatem
541 2069 608 2130 por·
636 2049 702 2110 culo
725 2049 798 2112 adeo
824 2053 959 2131 graviter
990 2053 1117 2128 allecto,
1144 2055 1243 2116 inedia
1262 2102 1270 2128 ,

18 2127 511 2196 iuditiudicialuturaesanctitatis.
526 2131 608 2205 Quae
636 2130 761 2207 vigiliis,
785 2133 1039 2194 macerationibus
1053 2149 1177 2212 semper
1189 2141 1290 2195 exte-⁴

18 2205 77 2268 tulto
98 2211 217 2274 clariora
240 2212 352 2274 deinde
372 2213 436 2290 ejus
463 2217 495 2274 in
508 2213 608 2276 adole·
637 2217 739 2282 nuato,
757 2218 871 2273 tautam
888 2213 985 2274 inesse
1007 2213 1195 2276 firmitatem.
1209 2212 1271 2275 Hoc

18 2289 93 2348 leutio
111 2291 287 2366 eluxerunt,
310 2309 378 2354 cum
394 2293 519 2355 Romam
543 2307 608 2370 pro·
638 2289 669 2348 in
694 2291 772 2352 vitae
793 2307 906 2368 genere
931 2307 1089 2370 nunquam
1117 2309 1172 2354 uec
1193 2295 1271 2369 peri·

18 2372 96 2440 ectus,
122 2373 151 2432 iu
179 2370 315 2449 Collegio
343 2387 470 2434 romano
500 2373 609 2434 studiis
637 2369 711 2430 culis
725 2369 901 2445 deterritus,
918 2387 972 2432 nac
987 2371 1142 2434 laboribus
1165 2372 1273 2434 delati·

21 2449 142 2528 tterorum
156 2469 189 2514 ac
204 2452 411 2530 pbilosopbiae
426 2454 606 2529 operamne·
636 2456 732 2525 gatus,
755 2465 852 2511 annos
876 2458 1008 2529 quatuor
1030 2467 1118 2530 supra
1143 2452 1273 2529 quadra·

20 2529 44 2582 u.
63 2524 97 2588 lla
111 2533 190 2592 enim
210 2534 241 2592 iu
269 2529 318 2594 illa
340 2531 511 2594 scholarum
533 2532 609 2594 cele·
637 2529 722 2604 ginta
746 2531 967 2605 perseverarit:
990 2540 1101 2609 quanta
1119 2547 1185 2594 cum
1203 2533 1271 2594 aui-

19 2603 146 2669 ritateest
167 2619 315 2684 versatus,
341 2617 374 2672 ut
393 2612 465 2672 dum
489 2611 607 2688 ingenii
638 2623 758 2670 marum
795 2609 951 2681 utilitate,
981 2611 1135 2673 declarant
1169 2609 1272 2673 ltaliae

18 2687 188 2752 scrutatione
211 2689 329 2754 nemini
346 2691 535 2761 corruederet,
563 2692 609 2752 in·
637 2692 777 2766 regiones
801 2690 971 2752 admirabili
1000 2691 1064 2769 ejus
1084 2689 1204 2752 dicendi
1228 2692 1272 2765 ri,

19 2768 118 2827 orentii
141 2785 281 2842 morum,
303 2770 480 2832 austeritate
502 2773 607 2846 ritae,
637 2783 693 2844 qua
716 2767 761 2830 rel
779 2767 1178 2850 obstinatissimosquospue
1201 2784 1272 2846 per-

18 2848 153 2924 outemptu
168 2855 227 2923 sui,
248 2851 349 2911 studio
370 2865 473 2912 rerum
491 2850 606 2912 diriua·
637 2847 783 2920 vincebat,
798 2850 834 2910 ad
851 2849 1010 2926 religionis
1030 2852 1165 2912 studium
1188 2866 1273 2912 revo-

18 2935 54 2980 tm
73 2941 171 2990 oorues
191 2929 400 3004 antecederet,
421 2927 498 2991 adeo
521 2937 554 2991 ut
575 2931 606 2991 iu
636 2935 731 2998 cetae,
756 2943 789 2990 ao
804 2927 875 2988 urbs
890 2928 982 2992 Roma
999 2933 1171 3009 praecipue,
1195 2947 1274 3009 pirae

18 2997 164 3070 lulesccute
194 3013 272 3071 alter
306 3009 440 3071 Aloisius
467 3007 606 3086 Gonzaga
636 3007 836 3069 concionibus
859 3007 935 3084 eius,
959 3011 994 3072 ad
1010 3026 1084 3087 quas
1103 3013 1196 3073 etiam
1218 3009 1273 3072 Bo-

18 3075 103 3167 tllegio
130 3085 170 3148 illi
199 3089 337 3152 redditus
367 3089 533 3150 videretur.
557 3089 609 3150 ilis
639 3087 776 3148 nedictus
811 3083 1078 3167 Decimusquartus
1110 3091 1273 3164 interluit,

18 3161 88 3222 osttis
107 3164 320 3243 laudamentis,
335 3169 370 3230 ad
391 3183 605 3230 consumman-
636 3167 710 3228 adeo
731 3167 767 3230 ad
783 3167 928 3228 uirtutem
955 3175 1078 3240 exarsit,
1102 3177 1135 3230 ut
1156 3169 1274 3232 lruotus

19 3252 57 3298 um
78 3249 236 3309 sanctitatis
260 3264 333 3325 opus
347 3248 426 3326 quod
448 3247 608 3312 aedificare
636 3247 735 3308 adbuc
751 3256 922 3326 perennent
936 3247 1106 3310 admirandi
1130 3249 1212 3310 illius
1234 3250 1274 3310 A·

18 3331 135 3394 reparat,
162 3327 243 3389 inter
268 3327 384 3389 sodales
416 3325 609 3391 Cararitauos
638 3325 813 3405 postulatus.
830 3325 893 3388 Nec
908 3343 992 3400 vero,
1005 3328 1079 3389 dum
1096 3337 1273 3391 exterorum

18 3395 122 3477 llertus,
137 3406 209 3468 dum
226 3408 262 3469 de
277 3423 365 3468 more
381 3406 462 3468 tilius
476 3407 607 3470 sodalitii
635 3406 722 3467 saluti
739 3405 926 3480 consulebat,
943 3424 1013 3469 suos
1026 3407 1273 3470 obliviscebatur.

18 3484 65 3562 rius
76 3491 146 3546 esset
161 3487 191 3547 in
207 3488 342 3550 naranda
359 3503 450 3566 opera
470 3488 608 3566 apostoli·
636 3485 726 3558 Nam,
742 3485 891 3548 beneficio
907 3485 1033 3550 Cosmae
1049 3489 1141 3560 tertii,
1153 3489 1184 3549 iu
1204 3487 1274 3548 soli-

18 3571 34 3612 is
52 3557 129 3624 b'rbis
148 3567 424 3640 concionatoribus,
446 3575 549 3645 captus
570 3568 609 3629 A·
638 3566 746 3628 tudine
759 3564 900 3628 Etruriae
921 3577 1088 3646 comparata
1105 3583 1139 3630 aa
1161 3569 1273 3642 domo,

18 3637 139 3704 ostolatus
158 3648 331 3720 sanctitate,
355 3647 435 3710 nibil
457 3649 555 3723 magis
577 3649 608 3710 iu
637 3647 669 3708 in
685 3661 775 3726 quam
798 3646 861 3724 ipse
875 3662 938 3709 sese
955 3663 969 3709 a
986 3648 1211 3726 praedicatione
1226 3663 1274 3709 re·

21 3715 67 3777 otis
85 3720 188 3786 babere
212 3727 320 3802 coepit,
340 3743 436 3868 guam
459 3741 490 3788 se
513 3735 608 3789 totum
637 3727 737 3805 cipere
750 3723 786 3786 ad
800 3727 894 3788 sancti
917 3724 1026 3802 ignatii
1039 3729 1182 3790 exercitia
1197 3727 1274 3789 sole-

21 3798 182 3880 rutinorum
197 3805 286 3868 saluti
302 3811 339 3868 de
364 3808 450 3869 icare.
473 3805 516 3867 td
530 3808 608 3885 quod
637 3807 698 3881 bat,
720 3812 824 3867 auctor
847 3804 905 3866 luit
931 3807 967 3867 iis
993 3807 1045 3885 qni
1067 3809 1184 3868 arctius
1211 3807 1274 3869 Deo

22 3883 67 3936 ¹¹³⁶
86 3897 175 3950 tenus
190 3901 250 3964 ouo
273 3886 391 3949 lucilius
415 3887 608 3963 lormaretur,
637 3886 804 3948 adhaerere
819 3884 946 3960 uellent,
969 3896 1002 3947 ut
1022 3903 1058 3947 eo
1083 3887 1273 3961 secederent,

18 3959 112 4040 ttreuis
132 3967 270 4028 omuibus
284 3966 440 4040 abdicatis,
466 3967 497 4027 in
524 3967 609 4029 lami·
639 3965 753 4044 ibique,
772 3966 858 4043 juxta
881 3965 964 4043 leges
985 3965 1023 4028 ab
1038 3967 1100 4043 ipso
1115 3966 1273 4037 conditas,

18 4035 198 4122 iarui'ratrum
207 4045 607 4110 ldiuorumileiormatorum
637 4052 693 4108 eta
710 4043 868 4107 Clemente
882 4044 1051 4108 Undecimo
1067 4046 1215 4125 probatas,
1229 4060 1274 4106 se-

18 4119 114 4179 ustrtuti
134 4122 286 4198 rigidioris
302 4129 459 4203 ingressus
473 4134 528 4188 est.
554 4126 610 4189 Hic
638 4127 713 4188 oreti
729 4142 745 4187 a
762 4126 887 4204 populo,
902 4127 1046 4204 asperiori
1065 4127 1145 4188 ritae
1161 4140 1274 4214 genere

22 4197 127 4283 lautitia
149 4205 244 4278 vixit,
271 4221 430 4284 nunquam
452 4222 608 4268 asumma
638 4213 809 4268 uterentur.
824 4204 906 4266 idem
923 4205 1009 4283 plura
1025 4203 1162 4293 sodalitia
1184 4203 1275 4264 Urbis

18 4283 406 4349 luctrtuteestrisusabesse.
423 4285 608 4350 Admiranda
638 4285 782 4354 excoluit,
807 4292 905 4366 atque
923 4283 997 4345 illud
1022 4297 1182 4371 praecipue
1206 4297 1273 4342 sau·

27 4375 104 4423 *anso
114 4387 335 4444 praenegare.
347 4361 484 4436 beamont..
638 4367 764 4428 ctissimi
781 4364 886 4425 Gordia
901 4362 985 4437 lesu,
1001 4362 1082 4440 quod
1097 4369 1142 4424 est
1158 4377 1189 4422 m
1207 4377 1274 4422 san-
