2932 4812
253 298 317 363 622
647 317 687 364 ns
711 317 738 365 s.
765 317 891 365 amana
915 317 1046 366 aonam
1306 293 1372 357 llll..
1391 291 1416 354 ll

207 401 384 484 balneum,
410 422 488 470 cnm
506 412 619 470 autem
647 401 778 471 vultum
797 401 908 472 solum
942 402 1087 472 lavacris
1106 401 1269 478 abluisset,
1285 408 1317 464 ut
1334 415 1416 464 mrum

205 489 455 647 q‘nljubebant
480 488 645 560 voluntati
662 490 882 572 satisfaceret,
910 512 977 560 nou
1004 491 1137 561 sinebat
1154 488 1310 584 reliquum
1331 501 1415 583 corpas

204 579 270 648 cali
298 579 328 648 is
343 577 461 648 foveri.
488 583 529 648 Ut
553 599 631 648 vero
654 579 817 669 deinceps
842 579 972 659 lateret,
991 579 1126 650 emebat
1140 601 1217 650 auro
1239 573 1412 658 ancillrsprr-

206 667 329 740 suasis.
358 671 441 738 Cum
466 679 578 736 autem
601 666 708 737 multa
732 668 835 738 etiam
855 668 1001 742 fecisset.
1031 681 1069 738 ut
1089 669 1157 738 viro
1179 661 1413 758 persuaderetur

205 769 294 826 esset
317 755 471 846 ejusdem
497 755 658 837 instituti,
686 757 746 826 ubi
773 778 839 826 non
861 755 945 826 vidit
963 779 1044 828 cum
1069 757 1299 846 obtemperare,
1320 748 1411 850 sedet·

206 867 285 935 pere
310 845 410 914 etiarn
430 843 504 914 lieri
531 857 704 934 parentem
731 845 878 916 aliorum
896 845 1102 931 liberorum,
1124 845 1164 914 de
1182 845 1258 934 luga
1271 851 1374 940 cogitat.
1390 851 1408 900 et

207 934 348 1004 statuiti
378 953 454 1002 sum
477 934 638 1004 maritum
653 947 686 1004 et
709 947 853 1024 patrem,
880 935 1088 1022 quinetiam
1115 955 1193 1004 snas
1207 950 1327 1021 quoque
1345 921 1406 994 taral-

207 1035 291 1092 tates
314 955 520 1108 rabennae.
549 1021 611 1092 Sed
636 1043 715 1092 cum
741 1023 884 1124 quidam
911 1024 975 1092 viri
999 1024 1081 1094 boni
1105 1036 1137 1094 et
1161 1022 1283 1092 virtutis
1307 1025 1406 1087 amantes
1449 1099 1450 1102 Ἴ

207 1110 402 1188 sentientes,
421 1109 456 1179 id
478 1109 708 1200 prohiberent,
722 1111 876 1182 dicentes
890 1110 976 1182 illud
1001 1113 1246 1246 apostolicum:
1271 1107 1345 1207 Ouid
1358 1123 1406 1196 ott
1440 1127 1452 1175 r

205 1203 280 1280 scir,
309 1201 442 1281 mulier,
461 1223 506 1269 no
517 1202 629 1269 vr‘rrtm
644 1212 740 1270 tuum
751 1204 885 1271 solvam
898 1203 1003 1291 facies
1019 1207 1065 1290 d·
1082 1206 1157 1272 Cor.
1170 1201 1241 1288 vul?
1251 1207 1355 1294 mansit
1366 1211 1407 1291 uot-
1440 1192 1443 1283 l

205 1287 296 1370 dem,
323 1309 423 1378 aegre
445 1287 558 1360 serens
577 1311 666 1372 eam,
699 1311 768 1377 qua
800 1290 989 1370 tenebatur,
1027 1291 1278 1367 necessitatem
1308 1282 1407 1353 cilium
1439 1300 1452 1362 ¹,

206 1390 319 1446 autem
340 1377 429 1446 intra
454 1389 693 1468 sumptuosam
718 1392 750 1448 et
769 1377 987 1467 splendidam
1010 1391 1148 1460 vestem,
1176 1392 1330 1473 tamquam
1352 1387 1407 1460 pttt
1439 1382 1452 1449 l

206 1464 341 1537 ludium
360 1467 622 1548 exercitationis
643 1479 808 1556 perpetuo
827 1466 967 1549 larebat,
989 1468 1129 1557 quando
1148 1489 1226 1537 cnm
1250 1475 1350 1536 marito
1371 1475 1407 1522 ron
1438 1514 1441 1545 ,

204 1554 352 1624 habebat
371 1555 669 1626 consuetudinem.
696 1559 777 1626 Cum
795 1578 873 1626 vero
898 1556 1055 1626 omnium
1075 1555 1205 1628 falleret
1227 1555 1337 1630 ocutos.
1351 1563 1407 1618 suan
1438 1630 1441 1649 Ι

204 1643 345 1713 amitam
361 1642 463 1714 latere
489 1665 556 1714 non
575 1645 696 1735 potuit.
720 1643 783 1714 Sed
801 1645 877 1733 ipsa
893 1644 1034 1732 quidem
1059 1667 1140 1715 cum
1158 1669 1197 1716 co
1223 1645 1407 1714 novissem
1438 1680 1442 1737 Ι

205 1733 415 1823 increpabat,
433 1745 466 1802 et
489 1732 733 1804 indumentum
759 1733 934 1804 irridebat.
954 1737 999 1804 Ea
1017 1755 1093 1803 vero
1123 1669 1319 1823 nibifaegrc
1342 1726 1406 1794 lena
1438 1740 1452 1819 f*

204 1822 357 1912 ipsorum
375 1821 605 1911 asperitatem,
629 1822 694 1892 hoc
713 1823 852 1912 gravius
866 1821 1005 1904 screbat,
1026 1822 1116 1909 quod
1141 1845 1207 1894 nou
1225 1831 1324 1914 posset
1338 1829 1405 1885 ont&

203 1909 319 2012 latere.
346 1911 512 1993 Quocirca
545 1910 663 1981 multis
697 1911 860 2000 lacrymis
890 1922 923 1980 et
953 1912 1136 2001 precibus,
1163 1924 1201 1983 ut
1219 1934 1270 1983 res
1291 1915 1405 1979 taceatur.

203 2022 249 2068 rm
279 2011 374 2068 strat.

256 2023 329 2162 pal.
358 2093 437 2157 Erat
451 2101 564 2157 autem
581 2088 612 2157 ci
637 2089 785 2157 maxime
807 2089 844 2157 in
865 2090 988 2158 votisa
1012 2089 1144 2159 mundo
1167 2087 1326 2178 abrumpi,
1349 2091 1407 2150 sttl

203 2189 274 2246 rut
299 2182 399 2256 lleus,
425 2175 662 2266 philosophari
678 2177 706 2244 *.
731 2176 826 2247 Unde
850 2176 952 2247 etiam
976 2199 1056 2248 cum
1080 2190 1216 2249 uterum
1241 2178 1336 2252 serrat,
1356 2183 1406 2238 ato

203 2265 353 2337 secundo
365 2266 438 2355 jam
457 2278 577 2356 partus
604 2277 794 2366 appeteret,
822 2266 1060 2337 celebrabatur
1088 2268 1228 2355 quidem
1252 2255 1407 2345 lastangle

204 2354 285 2424 riosi
316 2353 475 2443 martyris
500 2353 684 2435 Laurentri;
714 2354 774 2424 illa
797 2374 875 2423 vero
908 2357 1129 2444 pernoctabat
1161 2355 1335 2433 insomnis,
1357 2363 1408 2437 garn

202 2443 355 2522 flectens,
384 2442 535 2533 psalmos
560 2465 699 2525 canens,
730 2442 865 2513 dolores
896 2455 928 2512 et
952 2457 1110 2514 naturam
1142 2466 1299 2536 superare
1324 2448 1408 2534 contt·

131 2565 133 2572 ·
201 2533 299 2602 deos.
328 2533 478 2601 Desierat
503 2531 725 2612 matutinum,
752 2530 811 2601 illa
835 2543 950 2604 autem
981 2554 1048 2602 non
1075 2533 1230 2604 cessabat
1251 2557 1270 2604 a
1295 2525 1407 2623 procilos·

202 2621 264 2692 Sed
287 2621 336 2692 sic
360 2641 497 2708 quoque
511 2620 661 2711 seipsam
686 2619 881 2702 intendens,
908 2620 1043 2692 dolores
1060 2625 1227 2694 sentiebat
1239 2623 1383 2723 graviores.
1392 2617 1407 2674 rt

201 2709 364 2780 violenter
383 2708 536 2797 quidem,
560 2711 649 2800 parit
669 2719 796 2779 tamen.
821 2713 927 2797 Atque
947 2710 1039 2798 quod
1056 2723 1177 2783 natum
1190 2711 1319 2800 quidem
1334 2707 1407 2802 luent
1451 2729 1452 2794 j

200 2811 272 2869 crat
302 2798 555 2878 masculinnm;
581 2797 806 2888 simulatque
830 2810 944 2869 autem
971 2811 1137 2870 natumst
1161 2814 1275 2872 sancto
1295 2799 1409 2889 baptist*¹
1451 2807 1452 2854 ῑ

199 2886 263 2957 luit
288 2899 539 2978 regeneratum,
565 2887 609 2956 ab
635 2885 700 2956 hoc
731 2887 863 2957 mundo
886 2886 1087 2970 discedens,
1115 2888 1157 2959 ad
1191 2911 1286 2968 eum,
1307 2886 1353 2974 qui
1370 2875 1408 2946 illu
1451 2897 1452 2944 t

200 2987 262 3056 est,
290 2975 544 3046 transmittitur.
574 2974 674 3046 Illam
695 2997 773 3044 vero
798 2977 900 3046 etiam
927 2989 1002 3066 post
1026 2988 1163 3067 partum
1192 2977 1340 3048 vexabant
1356 2964 1410 3038 dolr
1451 2991 1452 3032 t

201 3085 278 3145 res,
305 3078 337 3134 et
361 3067 506 3136 acerbus
536 3064 712 3136 cruciatus
736 3077 880 3134 mortem
916 3065 1139 3136 accelerabat.
1174 3067 1311 3137 Adstans
1340 3071 1408 3128 autett
1451 3075 1452 3122 t

201 3153 459 3234 mantuanum
486 3171 652 3245 asperam·
669 3168 701 3223 et
717 3175 855 3244 gravem
880 3152 1021 3224 vidisset
1046 3157 1306 3313 perpessionem,
1324 3159 1409 3220 contor-
1451 3161 1452 3214 l

199 3242 301 3313 batus
327 3263 431 3332 prope
447 3241 562 3313 emisit
586 3243 750 3312 animam.
770 3247 854 3312 Cum
871 3263 907 3312 se
924 3257 1040 3314 autem
1057 3243 1109 3314 col
1124 3245 1249 3335 egisset
1267 3265 1302 3314 ac
1314 3249 1409 3310 mcretss·

200 3345 261 3414 set,
283 3332 391 3402 currit
410 3330 451 3401 ad
478 3353 586 3412 aram,
602 3343 636 3401 et
657 3352 732 3400 eam
753 3331 788 3400 iu
809 3331 926 3401 orbem
940 3332 1109 3415 ambiens,
1137 3333 1302 3424 lacrymas
1318 3322 1409 3422 publ·
1451 3341 1452 3408 l

199 3419 301 3492 debat
324 3443 363 3491 en
387 3420 509 3502 oculis,
535 3441 634 3490 voces
657 3419 831 3490 emittebat
856 3420 1092 3502 miserabiles,
1123 3435 1157 3491 et
1176 3436 1215 3493 ut
1236 3417 1409 3514 quarucitust·
1451 3429 1452 3504 t

200 3529 333 3580 muma
357 3509 492 3600 superis
516 3507 691 3578 adveniret
707 3509 887 3580 invocabat
910 3509 1092 3580 auxilium.
1115 3510 1180 3580 Illa
1202 3531 1275 3582 vero
1301 3506 1409 3592 arbitrata

198 3597 264 3669 hoc
279 3619 354 3669 esse
381 3597 467 3668 illud
492 3609 641 3689 tempus
674 3596 766 3685 quod
795 3597 899 3668 finem
920 3599 1074 3687 imponet
1096 3600 1173 3690 ejus
1196 3596 1408 3672 desideriam
1451 3609 1452 3688 l

198 3687 259 3778 qui
275 3686 390 3758 adbuc
413 3686 586 3758 assidebat
605 3687 637 3755 in
660 3687 799 3776 templo,
823 3709 882 3776 per
904 3688 1072 3758 nuncium
1086 3689 1269 3778 significat,
1287 3701 1314 3756 et
1327 3685 1406 3773 ipsun·

197 3788 230 3848 ct
254 3797 289 3848 se
313 3776 427 3848 adbuc
446 3799 521 3848 esse
544 3776 723 3854 victuram,
744 3776 773 3845 si
798 3774 898 3846 detur
921 3776 1183 3866 jusjurandum,
1214 3791 1246 3847 et
1265 3786 1345 3866 pacta
1361 3781 1409 3859 ttt·

199 3878 297 3937 venta
316 3867 488 3947 ineantur,
515 3879 678 3953 utrosque
702 3864 745 3933 de
768 3877 899 3936 caetero
923 3865 1074 3936 victuros
1090 3886 1165 3937 csse
1187 3867 1221 3935 in
1246 3863 1407 3936 continens.

197 3967 230 4025 et
253 3977 320 4026 nou
345 3976 450 4043 quam
473 3953 636 4036 mundus,
659 3953 719 4023 scd
738 3974 843 4041 quam
868 3954 941 4025 vult
963 3959 1064 4037 Deus,
1085 3956 1188 4025 vitam
1213 3977 1284 4026 esse
1301 3955 1409 4105 perstlll

195 4056 343 4116 acturos.
364 4049 462 4113 Paret
481 4044 531 4113 vir
554 4043 671 4112 uxoris
686 4043 799 4113 verbis
815 4055 847 4112 ct
870 4042 1050 4130 voluntati,
1076 4055 1109 4114 et
1132 4043 1307 4136 respondet
1329 4061 1336 4107 ι
1373 4025 1409 4124 sl*
1451 4101 1452 4112 ,

196 4151 269 4202 esse
287 4153 504 4222 persuasum.
531 4131 628 4214 Quod
643 4130 784 4219 quidem
809 4152 887 4200 cum
913 4130 974 4202 illa
992 4132 1197 4214 rescivisset,
1223 4149 1346 4230 corpore
1364 4137 1412 4207 qu·
1451 4129 1452 4142 ¹

197 4215 274 4286 dem
300 4241 335 4289 se
358 4220 460 4291 habet
491 4219 626 4301 melius,
649 4221 766 4290 animo
789 4232 903 4291 autem
927 4221 1086 4310 protinus
1105 4223 1217 4292 evadit
1240 4221 1357 4292 laetior.
1375 4223 1411 4276 set

222 4371 235 4397 ¹¹
250 4373 327 4416 Vitam
341 4376 432 4420 scilicet
447 4382 599 4426 monasticam
615 4383 732 4430 amplecti.
747 4394 817 4433 quam
832 4385 918 4426 Gracci
933 4387 1014 4426 Patras
1028 4383 1274 4436 rcvcraptu'toscptn'am
1284 4373 1411 4423 nominasset·
1451 4415 1452 4420 ,

197 4429 333 4468 sueverunt.
343 4431 509 4474 monachorum
520 4438 597 4475 autom
608 4435 700 4486 inslgnr
711 4438 757 4477 tuit
767 4439 909 4487 pontumal
919 4439 1121 4489 philosophorum.
