2960 4824
224 270 286 334 :tlt
429 287 468 334 na
491 283 538 334 ss.
563 285 688 335 nicasio
713 289 777 344 aa„
805 285 959 334 surnaria
984 287 1020 332 ur
1044 283 1111 332 soc.
1137 285 1191 330 nri.
1290 263 1366 329 uae.
1391 265 1423 327 ll

177 371 423 462 excerpsimus,
443 383 480 440 ut
492 371 603 452 vobis,
625 371 685 458 qui
704 372 780 462 ejus
796 371 877 440 estis
895 369 1066 460 peregrini
1083 379 1115 438 et
1131 365 1327 448 confratres,
1346 365 1425 452 ejus·

178 483 244 547 que
260 461 325 530 sub
350 459 538 550 patrocinio
563 459 736 551 degentes,
763 459 880 546 aliquo
906 457 1007 528 modo
1030 455 1315 528 satisfaceremus.
1338 453 1427 524 Proli-

177 549 314 619 xitatem
331 571 408 618 vero
427 548 686 628 miraculorum,
712 570 800 636 quae
826 570 885 637 per
910 548 1020 637 ipsius
1046 546 1164 616 merita
1186 546 1349 614 Dominus
1361 564 1427 631 ope-

178 639 246 708 rari
270 637 433 728 dignatus
456 649 518 718 est,
539 639 673 725 penitus
699 637 905 728 pertransire
928 636 1074 727 dignum
1098 634 1281 715 duximus,
1306 632 1380 720 quia
1400 632 1426 729 in

178 725 425 798 enumerandis
448 727 623 807 omnibus,
654 747 715 795 nec
745 725 910 815 memoria
938 746 1000 794 nec
1033 745 1145 794 sermo
1171 725 1263 793 vires
1286 719 1428 812 suppedi·

181 828 324 886 tant.....

507 1159 679 1238 PASSIO
717 1161 780 1239 SS.
817 1161 1124 1240 MARTYRUM

184 1384 366 1484 Nlllstt
403 1403 465 1482 nr.
497 1399 720 1484 alrannus
752 1403 801 1480 nv
831 1383 1121 1486 lblltthltl
1156 1399 1329 1484 sononia
1359 1397 1430 1478 nu

681 1580 730 1662 aa
764 1579 954 1660 sonionur
1477 1583 1478 1588 ¹

282 1819 325 1864 ur
355 1819 528 1866 HABETUR
558 1819 595 1866 tlt
629 1817 868 1874 ennndrtouo
899 1817 1163 1866 HANUSGRIPTO
1196 1817 1352 1880 couleti,

416 1909 467 1973 Clll
492 1925 739 1974 subsecuturus
765 1925 903 1981 ANTlQUA
928 1920 1168 1973 MARTYROLOGIA
1184 1902 1213 1968 ⁴⁸.

384 2119 542 2188 Martyrii
567 2123 719 2178 lauream
746 2119 921 2176 consecuti
948 2123 1030 2176 sunt
1058 2133 1146 2176 anno
1174 2121 1255 2178 407.

227 2323 304 2406 ἐι.
344 2325 506 2407 Tempore
537 2340 605 2406 quo
637 2317 792 2389 Wandali
825 2319 948 2387 multas
981 2319 1084 2388 urbes
1108 2317 1363 2396 subvertentes,
1387 2334 1430 2404 per
1471 2364 1476 2383 .

182 2407 333 2478 diversas
360 2409 564 2497 provincias,
591 2407 678 2476 nihil
696 2407 789 2477 eliud
814 2428 918 2492 quam
947 2407 1219 2477 Christianorum
1248 2406 1431 2497 sanguinem
1468 2396 1476 2453 l

182 2497 276 2567 sitire
290 2495 503 2579 videbantur,
521 2496 696 2565 clarebant
714 2496 746 2564 in
763 2495 881 2566 Galliis
896 2495 1053 2566 Nicasius
1071 2495 1291 2578 Rbemensis,
1309 2509 1340 2565 et
1353 2493 1432 2564 luia·
1468 2486 1476 2597 l

183 2608 248 2655 nus
263 2584 297 2620 *⁴*
313 2585 567 2655 Aurelianensis
587 2585 778 2666 Pontifices,
806 2585 942 2674 magnis
967 2584 1132 2674 prodigiis
1148 2597 1180 2653 et
1195 2584 1379 2655 virtutibus
1395 2581 1432 2674 ll?
1474 2633 1475 2668 p

182 2675 309 2764 signes;
326 2675 385 2763 qui
412 2674 543 2743 meritis
567 2675 640 2743 suis
657 2695 696 2742 ac
723 2672 893 2763 precibus,
918 2674 1005 2742 banc
1022 2674 1107 2742 iram
1125 2672 1373 2762 indignationis
1389 2673 1430 2737 uer
1469 2678 1473 2739 ἶ

183 2763 319 2832 dillerre
339 2763 568 2843 decertarunt,
595 2775 633 2831 ut
664 2761 829 2851 populum
858 2761 992 2831 interim
1019 2761 1062 2830 ad
1088 2761 1334 2850 poenitentiam
1359 2777 1432 2828 revo-

182 2862 308 2920 carent.
335 2854 373 2919 lt
390 2851 439 2919 illi
458 2851 725 2920 thesaurizantes
743 2850 808 2920 sibi
835 2850 933 2932 iram,
962 2848 1159 2920 nullatenus
1174 2871 1298 2920 eorum
1318 2865 1432 2940 praece·
1472 2855 1474 2866 ²

183 2940 250 3029 ptis
285 2938 495 3010 salutaribus
524 2939 772 3029 obtemperant.
809 2943 941 3008 lnterea
978 2937 1130 3008 Wandali
1166 2948 1433 3010 castrametentur

182 3029 273 3096 circa
292 3028 412 3098 urbem
440 3028 662 3110 Rbemorum,
679 3039 711 3097 et
733 3027 828 3097 omni
849 3029 986 3117 regione
1000 3027 1219 3118 depopulata,
1245 3027 1432 3098 Christianos
1472 3083 1473 3116 ἶ

183 3115 414 3204 potissimum,
442 3115 533 3188 velut
552 3117 693 3186 deorum
711 3137 852 3186 suorum
876 3117 1045 3196 inimicos,
1067 3131 1100 3186 et
1124 3116 1283 3188 moribus
1303 3132 1431 3207 pagano·
1472 3149 1473 3158 .

184 3227 259 3274 rum
275 3205 476 3287 contrarios,
502 3207 644 3276 omnino
668 3204 780 3274 delere
805 3205 1016 3296 satagebant.
1033 3205 1158 3275 Ultimo
1178 3205 1296 3293 itaque
1316 3203 1432 3276 subver-

182 3293 289 3363 sionis
308 3292 375 3394 die,
402 3294 471 3364 illis
487 3294 757 3381 circumquaque
774 3293 904 3364 lortiter
920 3293 1183 3384 proeliantibus,
1210 3295 1304 3364 cives
1328 3305 1432 3362 terrore

183 3381 344 3473 perculsi,
367 3382 410 3452 ad
436 3397 593 3453 sanctum
619 3383 804 3464 Nicasium,
832 3383 866 3450 in
898 3383 1113 3454 orationibus
1142 3395 1362 3472 prostratum,
1385 3397 1431 3472 cu·

182 3484 375 3552 currerunt,
395 3471 642 3561 interrogantes
666 3471 748 3558 quid
775 3470 895 3542 utilius
922 3471 996 3540 fieri
1020 3472 1237 3553 decerneret,
1265 3484 1324 3542 aut
1346 3486 1431 3562 servi·

181 3561 244 3630 tuti
269 3581 303 3630 se
333 3561 487 3650 gentium
509 3559 653 3642 tradere,
680 3573 739 3630 aut
762 3582 871 3648 usque
896 3560 938 3629 ad
966 3573 1107 3630 mortem
1129 3583 1195 3650 ,pro
1226 3561 1336 3630 salute
1353 3553 1431 3626 urbu

180 3648 356 3719 dimicare.
375 3650 441 3734 Qui
458 3649 644 3738 praescius,
662 3671 701 3717 ex
719 3648 922 3718 revelatione
941 3648 1058 3718 divina
1075 3649 1196 3720 urbem
1216 3649 1352 3738 penitus
1367 3641 1432 3712 sub·

181 3737 375 3808 vertendam
411 3760 491 3808 cum
527 3759 652 3838 magna
684 3737 876 3808 constantia
906 3739 1105 3827 respondit:
1133 3734 1430 3828 «Indignationen

181 3828 281 3907 banc,
301 3827 394 3915 justo
417 3827 472 3898 Dei
484 3825 630 3916 judicio,
659 3826 783 3896 nostris
808 3826 997 3896 sceleribus
1022 3841 1239 3916 provocatam
1264 3846 1329 3895 non
1354 3823 1431 3909 igno·

181 3938 310 3988 ramus.
338 3921 551 4006 Quapropter
574 3914 616 3983 ad
639 3914 774 4005 llagella
799 3915 918 3984 divina
941 3915 1153 4004 compuncti,
1181 3936 1249 3985 non
1270 3911 1431 4002 inviticut

181 4005 411 4096 desperantes,
438 4004 496 4074 sed
517 4004 682 4094 patientes
697 4015 729 4072 et
749 4003 979 4084 devotissime,
994 4025 1073 4074 cum
1099 4025 1238 4075 summa
1257 4023 1317 4093 spe
1330 3996 1431 4070 salutis

183 4107 316 4163 nostrae
341 4092 575 4182 suscipiamus
593 4091 712 4161 mortis
726 4091 933 4181 periculum,
957 4106 1127 4178 quatenus
1148 4093 1224 4183 ipsa
1248 4111 1337 4162 mors
1354 4101 1430 4175 praej

183 4203 272 4261 sens,
301 4202 367 4250 non
394 4180 605 4269 supplicium
634 4180 732 4250 nobis
757 4179 827 4262 liat,
855 4180 914 4250 sed
937 4181 1140 4251 remedium.
1162 4187 1428 4270 eceeegoquaa

208 4339 220 4363 ⁹
234 4341 298 4380 Hanc
307 4341 442 4382 Paaaloniun
452 4351 465 4382 c
474 4338 604 4392 posteriore
615 4341 713 4382 Sartona
724 4341 826 4383 editione
836 4341 998 4385 exscribimus.

207 4393 232 4419 ⁸·
247 4393 269 4433 Β.
278 4394 362 4432 Auloni
372 4396 449 4436 natale
459 4395 496 4434 dle
508 4396 533 4434 17
543 4393 678 4436 novembrio
687 4395 806 4436 recolltur.
816 4395 875 4438 vio·
885 4406 940 4448 ergo
950 4397 1045 4438 Surium
1055 4396 1098 4436 hcc
1109 4393 1153 4436 die.
