2972 4826
16 3265 22 3276 ¹
119 3263 121 3266 ·
205 3245 607 3316 coenasaeptusptone

255 289 318 354 tnt
629 307 669 354 ux
693 306 721 354 s.
747 304 881 354 nxconno
904 305 980 353 xxc.
1004 307 1054 352 rr.
1331 287 1441 354 [ibbo

253 393 272 480 ξ
295 393 375 464 1⁰.
396 393 478 460 Cum
497 388 634 458 dicendi
659 389 849 478 Episcopus
873 389 976 459 linem
1002 388 1148 470 fecisset,
1168 388 1441 458 universusbomi-
1478 439 1479 502 1

192 501 293 574 ,num
320 492 436 548 coetus
455 478 490 546 in
516 477 678 548 laetitiam
700 478 940 582 lacrymasque
958 477 1120 567 profusus
1142 477 1296 557 discedit,
1313 477 1441 566 synodus
1478 507 1479 596 p

208 567 370 655 frequens
393 566 435 636 ad
464 567 542 636 novi
573 567 742 656 praesulis
765 568 962 636 unctionem
995 566 1216 637 convenit-l
1251 587 1314 654 quo
1341 587 1442 654 magno
1478 597 1479 652 q

209 656 346 728 tandem
384 655 500 724 labore
531 657 750 746 impetratum
782 669 855 736 est,
888 668 927 726 ut
956 677 992 726 se
1032 667 1204 745 pateretur
1227 654 1361 744 inungi,
1384 666 1440 722 turn
1478 653 1479 746 l

209 746 431 836 magistratus
452 744 700 834 magnitudine,
719 758 791 814 tum
818 745 942 814 virium
972 766 1128 826 suarum,
1155 758 1193 814 ut
1221 745 1291 834 ipse
1313 743 1440 832 putabat,

207 833 441 904 imbecillitate
476 832 698 902 deterritum:
735 855 947 920 quamquam
985 834 1042 902 Dei
1078 833 1141 903 hoc
1171 855 1245 902 esse
1272 833 1315 902 im
1340 831 1441 908 erium,

207 920 556 1012 multifariamtplane
571 935 787 1010 cognoverat.
809 927 883 1005 Quo
904 921 1010 1010 igitur
1024 922 1081 992 die
1100 927 1288 1079 Mgreusem
1307 853 1442 988 tlronun

206 1008 418 1092 conscendit,
440 1031 556 1080 secum
582 1010 676 1079 nic«
703 1011 765 1080 Hic
788 1011 874 1093 dies,
901 1010 1047 1092 Nicolae,
1068 1010 1123 1080 bic
1151 1032 1235 1082 ocus
1261 1007 1444 1079 moresalios

208 1099 317 1169 affert:
338 1100 413 1185 J'nm
438 1119 504 1169 non
532 1097 604 1180 tibi,
623 1099 680 1168 sed
702 1099 780 1168 altis
803 1113 853 1169 est
876 1099 1074 1181 vivendum,
1093 1097 1366 1186 quandoquidem
1384 1095 1444 1164 aliis

207 1189 331 1268 vivere,
349 1188 414 1258 hoc
437 1200 488 1258 est
511 1187 661 1278 profecto
684 1189 751 1258 sibi
771 1189 780 1256 i
809 1189 837 1258 si
864 1209 1028 1276 perquam
1062 1189 1209 1257 maxime
1227 1189 1347 1256 wvivere.
1365 1189 1446 1252 »lete

207 1299 286 1346 cum
314 1277 380 1346 sibi
404 1275 576 1345 videretur
590 1276 671 1346 cleri
694 1211 882 1366 populique
906 1277 987 1345 vitia
1013 1277 1136 1365 partim
1161 1275 1369 1366 corrigenda,
1387 1294 1444 1361 par-

208 1364 269 1436 tim
302 1364 448 1434 tollenda
472 1386 558 1445 esse,
579 1387 646 1433 non
671 1365 736 1434 soli
762 1371 838 1446 Deo,
863 1376 901 1433 nt
925 1378 1016 1445 ante,
1034 1365 1092 1434 sed
1119 1365 1318 1434 bominibus
1335 1381 1446 1449 quoque

206 1454 311 1522 vitam
336 1475 434 1523 suam
461 1452 574 1542 palam
603 1451 794 1523 faciendam
819 1475 894 1522 esse
919 1453 1073 1543 putavit,
1100 1466 1138 1522 ut
1163 1453 1215 1522 illi
1238 1452 1384 1542 exemplo
1406 1450 1447 1516 sui

208 1541 369 1622 facerent,
390 1541 481 1629 quod
508 1563 617 1632 prece,
646 1553 705 1611 aut
734 1542 903 1642 imperio,
933 1555 992 1612 aut
1017 1542 1145 1612 ratione
1180 1540 1333 1612 fortassis
1361 1538 1448 1608 lacere

208 1630 410 1700 noluissent.
438 1636 541 1700 Erant
563 1633 640 1720 eJus‘
663 1630 799 1720 pristim
821 1651 944 1711 mores
967 1643 1005 1700 ut
1019 1631 1089 1718 jam
1107 1632 1350 1720 expressimus,
1370 1628 1447 1696 abso·

208 1717 300 1789 lutae
325 1719 459 1789 virtutis
476 1731 508 1788 et
531 1717 672 1796 formae,
690 1731 791 1805 atque
807 1732 966 1788 accurata
982 1718 1132 1806 quadam
1149 1720 1368 1808 castigatione
1378 1736 1447 1785 com-

209 1808 325 1898 positi.
347 1812 385 1877 tt
403 1809 565 1894 quoniam
583 1808 715 1878 aliaest
732 1807 853 1897 privati
871 1807 1023 1878 bominis
1039 1809 1135 1886 ratio,
1154 1808 1221 1878 alia
1238 1808 1446 1898 magistratum

208 1897 379 1988 gerentis,
406 1897 507 1965 vitam
544 1918 704 1977 omnem,
741 1918 920 1984 moresque
955 1919 1016 1986 pro
1052 1897 1275 1988 magistratus
1309 1893 1448 1984 dignitate

208 1984 503 2056 transformandos
526 2006 601 2054 esse
626 1984 768 2076 putavit.
795 1985 905 2075 Igitur
928 1986 962 2054 iu
987 1985 1082 2054 omni
1105 1985 1261 2074 corporis
1284 1984 1376 2054 cultu
1396 2001 1449 2050 ma-

202 2073 290 2165 jore,
311 2096 415 2161 quam
441 2085 531 2155 ante,
549 2074 685 2144 incuria
708 2086 742 2143 et
760 2074 969 2163 negligentia
994 2072 1069 2143 fuit.
1097 2074 1187 2144 Nilril
1211 2087 1285 2143 erat
1305 2074 1337 2140 in
1356 2093 1391 2140 no
1411 2089 1448 2134 ve

207 2177 362 2243 nustum,
379 2161 464 2230 nibil
478 2162 629 2252 elegans,
650 2162 735 2231 nibil
753 2177 967 2244 accuratum,
985 2175 1117 2252 praetor
1132 2185 1255 2243 mores,
1274 2159 1449 2244 vivendique
1478 2193 1479 2200 κ

207 2251 441 2341 disciplinam.
469 2253 577 2320 Vestis
602 2251 681 2340 plus
704 2251 804 2322 solito
825 2250 901 2320 vilis
916 2265 1018 2337 atque
1035 2251 1201 2341 neglecta,
1221 2251 1256 2319 in
1275 2272 1344 2339 qua
1358 2247 1449 2316 nullus

206 2353 295 2410 esset
318 2339 459 2409 omnino
484 2340 585 2420 nitor,
607 2353 667 2409 aut
690 2337 811 2422 fastus,
838 2339 897 2409 sed
921 2341 1106 2428 castigatae
1130 2343 1245 2431 potius
1272 2334 1451 2410 humilitatis

207 2441 239 2498 et
264 2427 450 2498 modestiae
474 2427 702 2584 significatio:
738 2451 801 2498 nec
828 2429 921 2497 enim
958 2427 1026 2498 alio
1059 2429 1181 2515 quotis
1217 2443 1317 2519 pacto
1347 2435 1450 2516 poterat

207 2516 409 2606 sapientius,
428 2529 488 2585 aut
520 2516 643 2586 acilius
667 2517 881 2587 sacerdotum
899 2517 933 2585 in
951 2519 1073 2586 vestitu
1090 2517 1260 2587 luxuriem
1283 2527 1449 2605 amputare.

206 2607 288 2675 llam
307 2604 384 2692 quis
401 2617 470 2673 tam
489 2605 673 2694 impudens
690 2605 803 2687 fuerit,
823 2605 882 2694 qui
905 2607 1057 2696 privatus
1082 2605 1265 2696 pretiosam
1283 2618 1315 2676 et
1332 2601 1449 2696 nitidant

150 2717 157 2737 ⁴
208 2705 331 2763 vestem
359 2715 426 2762 non
450 2693 652 2776 erubescat,
679 2717 758 2764 cum
789 2694 1027 2784 magistratum
1062 2694 1321 2783 amplissimum
1355 2691 1453 2760 vident

206 2781 394 2872 vulgariter
416 2793 449 2851 et
475 2781 687 2873 negligenter
711 2783 904 2852 indutum?
939 2782 1047 2852 Semel
1083 2783 1205 2852 edebat
1237 2782 1407 2868 qnotidie,
1431 2787 1453 2842 et

206 2870 338 2958 vesperi
362 2868 515 2956 quidem,
534 2885 571 2940 ut
596 2871 745 2961 publicis
770 2871 927 2962 negotiis,
954 2893 1042 2958 quae
1067 2894 1128 2959 pro
1153 2872 1376 2961 magistratus
1396 2885 1452 2935 am·

207 2956 378 3045 plitudine
403 2979 527 3048 magna
557 2973 669 3041 erant,
703 2960 892 3047 multaque,
919 2959 1010 3030 diem
1044 2959 1203 3030 licentius
1226 2957 1451 3050 commodaret.

206 3051 272 3116 llec
292 3067 397 3116 coena
421 3060 533 3116 tamen
557 3048 697 3136 publico
721 3048 861 3118 vacabat
885 3069 1039 3128 munere,
1058 3048 1341 3135 quandoquidem
1367 3041 1452 3116 tricli-

205 3135 302 3204 nium
328 3135 416 3224 ojus
443 3158 506 3206 suo
525 3138 669 3208 consilio
693 3151 752 3206 aut
775 3158 840 3227 ope
864 3136 1101 3228 indigentibus
1120 3137 1256 3227 patebat
1276 3157 1414 3226 semper.
1431 3141 1454 3196 el

418 3225 424 3236 '
609 3227 779 3384 gotiorum
796 3227 1052 3316 opportunitate
1072 3226 1354 3296 intercidebatnr.
1371 3221 1453 3292 cinus

205 3325 279 3383 erat
301 3313 484 3400 ejusmodi,
504 3315 563 3402 qui
588 3339 606 3384 a
651 3315 867 3405 jejunitatem
894 3328 927 3385 et
949 3315 1206 3396 abstinentiam,
1225 3336 1331 3401 quarn
1353 3311 1392 3382 ad
1413 3329 1454 3406 st·

205 3401 392 3482 turitatem,
412 3403 527 3492 potius
547 3405 716 3475 invitaret.
735 3409 859 3480 Carnes
887 3403 932 3473 ab
956 3404 1095 3474 ineunte
1122 3417 1229 3474 aetate
1259 3405 1304 3473 ita
1330 3399 1452 3470 dimisit.

205 3505 244 3562 ut
267 3490 344 3560 illas
369 3513 546 3579 nunquam
579 3494 613 3562 in
638 3493 733 3563 omni
758 3491 889 3579 reliqna
920 3492 987 3561 vita
1023 3492 1260 3583 resumpserit.
1288 3497 1358 3562 Non
1393 3486 1456 3582 plu}

204 3601 275 3650 uno
299 3579 430 3650 ferculo
454 3582 607 3651 coenavit
632 3605 800 3670 unquam,
820 3581 886 3650 nisi
913 3581 1087 3668 hospitum
1110 3582 1231 3672 gratia,
1254 3599 1396 3667 quorum
1416 3572 1454 3640 dt·

204 3669 318 3757 gnitas
342 3681 402 3738 aut
425 3669 671 3741 affluentiorem
692 3692 819 3751 escam,
839 3682 899 3738 aut
921 3669 1154 3740 delicatiorem
1174 3681 1355 3758 expeteret.
1381 3669 1456 3734 llnn·

204 3777 309 3843 quam
328 3757 403 3827 sine
426 3781 602 3829 sacrorum
628 3759 795 3830 librorum
822 3759 965 3828 lectione
980 3773 1160 3828 coenatum
1178 3770 1239 3828 est.
1259 3763 1337 3826 Post
1353 3750 1455 3843 epulas

205 3865 283 3944 vero
300 3847 414 3936 gravis
430 3847 556 3934 aliquis
576 3870 699 3931 sermo,
716 3847 937 3919 sanctissimo
960 3861 1062 3934 atque
1085 3847 1284 3916 doctissimo
1304 3849 1455 3937 conventu

205 3932 347 4021 dignus,
377 3934 617 4008 inducebatur.
649 3943 731 4007 Nam
762 3935 954 4006 sacerdotes
981 3935 1112 4025 aliquot
1135 3935 1328 4007 eruditione
1351 3929 1455 4028 etuti

204 4022 378 4122 probatos,
399 4039 581 4113 perpetuos
594 4026 661 4096 sibi
674 4027 833 4096 convivas
852 4025 989 4182 delegit,
1004 4048 1021 4093 a
1039 4025 1166 4112 quibus
1183 4024 1341 4093 suaviore
1356 4018 1455 4118 aliquo

204 4133 311 4179 anum
330 4112 406 4181 cibo
422 4112 580 4184 aleretur.
601 4120 627 4185 t
652 4137 768 4186 mensa
793 4116 828 4183 in
853 4115 967 4184 cubic
991 4115 1175 4183 semisutnr
1191 4135 1264 4182 sese
1289 4111 1452 4197 recipiens,

201 4211 295 4270 totns
320 4199 353 4269 in
379 4201 576 4273 coelestium
608 4203 935 4293 contemplationum
962 4225 1125 4293 campum
1151 4200 1413 4294 diffundebatur.
1429 4198 1455 4255 el

204 4289 359 4358 animum
374 4289 511 4362 diurnis
525 4293 716 4380 alienisque
731 4293 824 4363 curis
840 4293 1055 4374 distractum,
1073 4306 1237 4362 nocturna
1253 4289 1456 4375 meditatione

204 4376 385 4447 collectum
411 4377 591 4450 refovebat.
614 4385 766 4469 cumque
785 4383 873 4451 inter
890 4383 951 4452 bas
967 4381 1110 4453 delicias
1129 4381 1344 4468 aliquantum
1360 4381 1456 4442 noctis

1478 4533 1479 4562 l
