2972 4826
243 269 307 333 208
493 285 532 332 nn
557 287 584 332 s.
611 285 768 334 anaaosro
792 287 842 332 rr.
868 285 995 334 aaaron.
1022 285 1059 331 ιι
1083 283 1173 332 noer.
1327 267 1436 330 ttttst
1475 327 1476 354 3

199 371 385 442 invenisset
398 369 486 459 (erat
509 371 601 440 enim
627 369 687 440 illo
711 371 745 438 in
770 382 920 460 ternpore
944 383 1039 440 extra
1054 368 1196 439 domum
1238 369 1366 457 ositos),
1389 367 1440 434 mi·
1475 375 1476 458 ζ

200 472 333 532 seratus
358 472 515 540 matrem,
545 473 577 528 et
611 459 714 528 iidem
741 460 851 550 ipsius
886 457 1160 548 contemplatus,
1190 391 1295 528 Ellseo
1316 456 1439 534 similis,
1475 481 1476 538 i

202 571 308 641 supra
326 569 459 638 eorpus
484 547 625 619 infantis
650 569 685 617 se
710 549 783 639 ipse
808 549 1025 638 composuit,
1058 562 1161 634 atque
1193 545 1319 618 orando
1341 545 1442 614 meruit

200 640 314 709 vivum
336 637 478 706 reddere
495 637 608 718 matri,
627 657 729 724 quem
756 650 929 708 mortuum
957 638 1143 706 invenerat.
1161 636 1217 706 ‘Ad
1242 657 1336 724 quem
1360 633 1441 704 etiam
1475 659 1476 734 l

200 725 410 820 infantulum
437 723 593 796 libellum
620 726 845 816 conscripsit,
879 739 916 798 ut
939 725 1029 814 quod
1056 726 1176 796 aetatis
1210 723 1346 794 infautia
1374 722 1444 792 scire

201 837 269 886 non
293 826 443 905 poterat,
478 812 623 904 legendo
660 827 872 905 agnosceret.
901 820 1142 885 Verumtamen
1175 814 1301 884 sactum
1332 809 1446 899 scriptis
1475 855 1476 894 i

200 906 274 975 suis
301 924 367 973 non
393 903 693 973 commemoravit:
716 903 773 972 sed
792 925 860 991 quo
884 905 1009 974 affectu
1028 903 1251 974 declinaverit
1266 919 1447 972 commemo·

202 1015 289 1074 rare,
313 1013 380 1062 non
410 1004 461 1060 est
485 1005 641 1063 nostrum
662 987 833 1082 judicare.
860 998 898 1062 ln
920 992 1039 1063 eadem
1068 995 1172 1062 etiam
1195 992 1329 1061 civitate
1352 987 1447 1058 basili·
1475 1031 1476 1114 q

201 1105 276 1152 carn
298 1081 487 1161 constituit,
515 1081 549 1149 in
575 1103 644 1171 qua
677 1081 838 1172 deposuit
880 1081 1045 1170 reliquias
1081 1095 1272 1150 murtrum
1300 1078 1405 1150 vitalis
1424 1087 1448 1144 et

202 1169 388 1262 Agricolae,
416 1191 563 1256 quorum
577 1191 721 1260 corpora
739 1171 773 1240 in
791 1171 995 1241 Bononiensi
1017 1170 1153 1240 civitate
1169 1103 1342 1240 levaverat.
1361 1165 1449 1236 Posito

202 1261 294 1330 enim
315 1271 413 1328 erant
432 1279 575 1348 corpora
591 1265 778 1348 Martyrum
797 1261 885 1329 inter
901 1281 1046 1349 corpora
1069 1259 1294 1330 ludaeorum.
1316 1262 1375 1326 Mec
1394 1266 1450 1322 erat

202 1347 379 1438 cognitum
405 1347 534 1437 populo
548 1347 761 1429 Christiano,
780 1349 846 1420 nisi
865 1369 900 1420 se
915 1351 1022 1421 saneti
1042 1353 1206 1437 Martyres
1222 1345 1383 1418 sacerdoti
1401 1342 1450 1431 ipsi

205 1436 404 1508 revelarent.
430 1441 523 1519 Quae
552 1457 631 1507 curn
659 1436 914 1526 deponerentur
942 1439 1008 1508 sub
1033 1436 1144 1518 altari,
1172 1437 1264 1524 quod
1295 1437 1327 1504 io
1355 1431 1449 1502 eaden

204 1525 346 1596 basilica
365 1526 591 1596 constitutum
609 1537 670 1608 est,
699 1547 824 1616 magna
850 1526 921 1596 illio
939 1528 1043 1597 totius
1068 1526 1179 1616 piebis
1198 1539 1336 1595 sanctae
1347 1520 1451 1593 laetitia

204 1631 306 1716 atque
321 1613 484 1684 exultatio
508 1613 591 1694 suit,
628 1636 756 1706 poenae
789 1615 996 1702 daemonum
1027 1615 1265 1686 confitentium
1293 1619 1450 1700 Martyrum

205 1717 338 1774 merita.

248 1795 361 1880 §itt
388 1790 566 1862 Paridem
592 1804 727 1880 tempus
758 1773 959 1882 arbogastes
988 1813 1103 1862 comes
1131 1791 1314 1862 adversum
1381 1799 1451 1856 ntem

204 1903 317 1961 suam,
335 1881 399 1950 hoc
419 1892 481 1958 est,
501 1885 723 1961 Francorum,
744 1879 872 1950 bellurn
906 1883 1047 1972 paravit,
1069 1893 1172 1968 atque
1198 1900 1338 1971 pugneo
1363 1899 1381 1947 o
1403 1893 1453 1943 nor

207 1991 344 2058 parvam
383 1969 641 2039 multitudinem
681 1991 787 2040 manu
812 1969 923 2040 ludit:
959 1993 1038 2040 cum
1070 1969 1217 2038 residuis
1249 1990 1328 2038 vero
1360 1983 1453 2057 pacem

205 2061 364 2130 firmavit.
393 2059 457 2128 Sed
474 2080 553 2128 cum
572 2058 605 2126 in
631 2058 822 2128 convivioa
849 2058 990 2148 regibus
1014 2060 1126 2150 gentis
1150 2079 1233 2128 suae
1255 2057 1454 2150 interrogare

207 2163 280 2220 tur:
309 2153 468 2218 «Utrum
493 2147 595 2216 sciret
618 2148 884 2228 Ambrosium»
909 2161 941 2217 et
965 2147 1210 2238 respondisset,
1238 2169 1341 2218 nosse
1363 2168 1396 2214 se
1421 2163 1455 2206 tt·

208 2260 296 2317 rum,
317 2251 350 2305 et
374 2236 471 2393 diligi
502 2236 544 2306 ab
569 2258 620 2318 eo,
636 2252 737 2324 atque
757 2235 951 2323 frequenter
971 2259 1050 2308 curn
1065 2236 1125 2305 illo
1141 2237 1318 2307 convivari
1342 2233 1454 2326 solituttt

206 2326 354 2397 audivit:
383 2326 427 2393 «i
454 2347 492 2394 eo
517 2325 626 2396 vineis
651 2347 782 2406 omnes,
801 2326 883 2413 quia
898 2327 942 2396 ab
957 2324 1016 2394 illo
1032 2325 1102 2394 viro
1126 2325 1295 2416 diligeris,
1323 2325 1379 2413 qui
1394 2320 1457 2414 dicit

208 2415 300 2484 Soli:
329 2418 397 2494 Sta,
425 2425 457 2482 et
483 2426 596 2484 stat.»
620 2414 716 2497 Quod
738 2436 800 2506 ego
824 2415 900 2484 ideo
926 2414 1038 2504 posui,
1065 2427 1103 2483 ut
1126 2415 1227 2504 cujus
1253 2413 1363 2484 lamae
1378 2412 1456 2480 luent

209 2505 258 2572 vir
282 2516 422 2575 sauctus
438 2502 540 2572 etiam
560 2503 653 2593 apud
671 2505 838 2573 Barbaras
854 2517 984 2596 gentes,
1006 2503 1155 2604 legentes
1180 2525 1198 2573 a
1228 2517 1380 2575 uosoant.
1395 2505 1456 2570 Mart

207 2607 239 2662 et
257 2613 331 2672 nos,
363 2590 527 2660 referente
548 2591 675 2679 juvene
701 2592 851 2679 quodam
875 2592 1070 2683 arbogastis
1095 2527 1285 2663 admofium
1312 2590 1455 2680 religioso.

208 2680 446 2771 eognovimus
466 2681 523 2766 qui
551 2694 633 2750 tuno
657 2681 823 2750 interluit.
844 2686 923 2752 Erat
938 2682 1030 2752 enim
1054 2683 1089 2752 in
1116 2695 1279 2772 tempore,
1306 2701 1372 2768 quo
1398 2677 1458 2745 huet

208 2769 426 2856 loquebatur,
455 2769 523 2838 vini
550 2769 717 2840 minister.
748 2769 923 2840 Proiectus
948 2772 1062 2858 itaque
1091 2771 1252 2840 sacerdos
1276 2769 1320 2840 de
1344 2763 1458 2837 Tusciae

210 2857 379 2944 qiartibus,
403 2857 635 2928 Mediolanum
658 2859 847 2940 revertitur,
861 2859 933 2949 jam
949 2859 1030 2929 inde
1045 2879 1184 2949 egresso
1200 2859 1354 2948 Eugenio
1366 2865 1458 2926 contra

209 2946 437 3016 Theodosium
460 2951 718 3037 Imperatorem,
740 2947 858 3036 ibique
882 2947 1066 3018 Christiani
1087 2947 1311 3038 Imperatoris
1337 2952 1458 3036 praesto·

211 3035 347 3105 labatur
373 3035 572 3116 adventurn,
599 3057 742 3106 securus
766 3036 808 3106 de
841 3038 899 3106 Dei
934 3037 1094 3126 potentia,
1120 3035 1212 3123 quod
1242 3057 1310 3105 non
1341 3031 1461 3104 traderet

209 3124 404 3195 credentem
423 3124 457 3194 in
483 3147 519 3195 se
539 3124 740 3194 hominibus
765 3125 916 3215 injustis,
945 3147 1006 3194 nec
1033 3124 1241 3216 relinqueret
1260 3127 1313 3194 rir
1337 3146 1389 3194 am
1404 3137 1460 3214 pot·

209 3227 364 3283 catorum
383 3235 488 3302 super
511 3229 636 3284 sortem
662 3214 846 3300 justorum,
873 3235 916 3283 ne
939 3213 1158 3285 extenderent
1178 3213 1263 3302 justi
1289 3147 1337 3284 al
1356 3211 1460 3296 iniqui·

211 3316 312 3372 tatem
339 3325 464 3372 manus
489 3324 581 3372 suas.
609 3302 814 3372 Promiserat
833 3303 924 3372 enim
951 3303 1155 3392 hrbogastes
1179 3315 1262 3372 tunc
1288 3308 1418 3378 Comes,
1438 3305 1462 3361 el

212 3392 383 3461 Fabianus
409 3391 599 3480 praelectus
621 3391 812 3462 Mediolano
828 3391 1053 3482 egredientes,
1070 3413 1150 3462 cum
1168 3392 1314 3462 victores
1331 3384 1462 3460 revertis-

209 3493 296 3561 sent,
324 3480 500 3549 stabulum
526 3500 561 3550 se
584 3480 823 3550 essesacturos
848 3481 882 3548 in
914 3480 1058 3550 ecclesia
1089 3479 1355 3560 Mediolanensi,
1382 3487 1462 3558 atque

209 3569 353 3638 elericos
373 3569 438 3639 sub
459 3569 796 3726 armithrobaturos.
820 3569 882 3639 Sed
911 3568 1100 3638 miserandi
1116 3570 1288 3651 homines,
1315 3587 1390 3638 eum
1403 3563 1462 3630 dae-

211 3658 374 3727 monibus
400 3656 487 3726 male
512 3679 568 3727 cre
596 3657 644 3726 uli
667 3674 759 3739 sunt,
777 3672 809 3728 et
825 3659 986 3749 aperiunt
1001 3679 1040 3729 os
1057 3679 1160 3728 suum
1179 3660 1213 3727 in
1232 3651 1463 3747 blasphemiam

210 3759 331 3816 eontra
356 3751 475 3826 Deum,
503 3768 597 3835 spem
625 3746 691 3817 sibi
712 3747 874 3818 victoriae
898 3746 1115 3817 ademerunt.
1131 3751 1236 3818 Causa
1257 3760 1370 3818 autem
1388 3759 1463 3835 cont·

213 3835 374 3906 motionis
399 3835 484 3904 haec
508 3834 583 3917 suit,
605 3836 686 3922 quia
719 3857 864 3906 munera
888 3835 1120 3927 Imperatoris,
1147 3837 1207 3924 qui
1240 3857 1277 3906 se
1308 3830 1464 3916 sacrilego

211 3924 489 4023 commiscuerat,
516 3924 559 3994 ab
583 3924 727 3995 eeclesia
752 3926 1015 4014 respuebantur,
1037 3947 1099 3995 nec
1115 3923 1235 3996 orandi
1258 3923 1310 3993 illi
1334 3942 1404 3991 curn
1420 3935 1464 3982 et·

211 4010 318 4082 elesra
349 4013 493 4082 societas
521 4013 757 4083 tribuebatur.
785 4013 847 4083 Sed
880 4013 1057 4095 Dominus,
1089 4017 1147 4101 qui
1173 4012 1355 4083 Ecclesiam
1384 4021 1463 4076 suom

213 4101 301 4200 tueri
329 4101 518 4182 consuevit,
549 4101 590 4171 do
614 4103 708 4173 coelo
723 4103 899 4192 jaculatus
924 4116 975 4173 est
998 4102 1192 4191 judicium,
1219 4116 1320 4188 atque
1348 4109 1462 4169 omnent

213 4191 389 4260 victoriam
415 4190 457 4259 ad
480 4191 679 4280 religiosum
702 4197 947 4280 Imperatorem
975 4191 1150 4262 transtulit
1170 4191 1413 4282 theodosium..

255 4281 274 4364 ξ
298 4281 373 4348 16.
401 4280 555 4348 Extincto
574 4281 686 4367 itaque
708 4283 860 4372 Eugenio
876 4303 895 4349 a
914 4280 1121 4352 satellitibus
1138 4280 1223 4366 ejus
1251 4303 1327 4350 oum
1358 4278 1464 4358 scripto

212 4366 382 4455 acciperet
406 4369 639 4456 Imperatoris,
662 4389 728 4436 non
755 4369 805 4438 illi
823 4371 888 4438 alia
910 4371 1018 4460 major
1035 4393 1119 4441 cura
1143 4370 1218 4452 luit,
1245 4389 1344 4457 quarn
1365 4375 1397 4430 ut
1415 4374 1463 4447 psl
