2954 4816
254 275 318 342 386
716 295 755 342 or
779 296 806 343 s.
833 294 972 343 suarum
1319 277 1387 342 out.
1403 278 1434 342 n

209 377 382 469 erogabat.
401 385 622 466 Nequaquam
648 380 777 450 litteras
802 394 952 451 noverat:
970 379 1028 451 sed
1047 381 1240 470 Scripturae
1255 379 1434 452 Sacraesibi·

210 479 279 537 met
302 467 437 538 codices
453 480 592 550 emerat,
611 482 644 539 et
667 468 845 560 religiosos
859 490 1015 558 quosque
1032 469 1065 537 iu
1083 469 1337 570 hospitalitatem
1352 469 1435 538 susci-

209 557 318 646 piens,
337 556 400 626 bos
414 577 529 626 coram
547 579 583 626 se
598 557 710 646 legere
727 559 801 626 sine
817 557 1072 628 intermissione
1091 558 1247 629 sacrabat.
1265 563 1436 643 Factumque

207 659 270 726 est,
287 657 336 726 ut,
355 657 524 745 quantum
553 646 596 715 ad
623 668 820 716 mensuram
851 646 1024 748 propriam
1055 647 1185 728 attinet,
1209 647 1304 735 plene
1329 651 1435 716 Sacram

209 735 279 804 Scri
309 747 420 804 turam
445 732 602 816 disceret,
624 757 717 816 cum,
740 735 829 804 siout
852 736 935 816 dixr,
954 733 1084 805 litteras
1112 735 1296 807 funditusi
1322 745 1434 804 norant.

208 827 267 892 Stu
294 823 371 892 ebat
387 823 421 890 in
439 821 556 892 dolore
580 845 717 913 semper
732 825 860 914 gratias
884 845 996 915 agere,
1016 823 1160 916 hymnis
1181 829 1246 897 Deo
1260 759 1436 894 etlaudibus

207 911 330 982 diebus
354 933 394 980 ac
417 911 576 982 noctibus
602 933 733 982 vacare.

250 1002 269 1086 ξ
291 1004 337 1072 8.
357 998 421 1070 Sed
445 1022 524 1069 cum
546 1000 619 1088 jam
637 1013 774 1091 tempus
792 1012 892 1080 esset,
912 1014 950 1070 ut
974 1011 1066 1070 tanta
1085 1001 1161 1091 ejus
1178 1001 1333 1090 patientia
1351 1021 1436 1070 renu-

207 1089 320 1158 nerari
339 1087 524 1170 debuisset,
545 1090 778 1160 membrorum
794 1089 892 1159 dolor
911 1089 952 1158 ad
972 1088 1087 1158 vitalia
1104 1090 1217 1160 rediit.
1235 1095 1374 1176 Curaque
1384 1089 1435 1174 jan

207 1199 243 1248 se
263 1179 364 1248 morti
389 1178 583 1267 proximum
602 1179 751 1268 agnovit,
772 1179 971 1269 peregrinos
992 1178 1082 1247 viros
1106 1190 1209 1266 atque
1235 1179 1270 1249 in
1295 1175 1436 1267 hospitali·

207 1277 307 1336 tatem
333 1280 486 1356 receptos
509 1265 691 1337 admonuit
716 1280 755 1338 ut
778 1279 970 1358 surgerent,
991 1279 1024 1336 et
1051 1289 1131 1338 cum
1162 1290 1203 1339 eo
1233 1267 1373 1339 Psalmos
1395 1285 1436 1353 pro

205 1355 456 1444 exspectatione
486 1356 540 1424 sui
567 1356 678 1426 exitus
712 1354 944 1426 decantarent.
975 1358 1127 1442 Cumque
1155 1357 1308 1427 cumeis
1335 1353 1436 1442 etipse

205 1443 356 1514 moriens
387 1443 564 1533 psalleret,
592 1466 691 1515 voces
714 1443 935 1545 psallentium
970 1457 1108 1533 repente
1138 1445 1356 1536 compescuit,
1378 1462 1435 1510 cun

205 1545 333 1602 terrore
358 1533 475 1622 magni
502 1532 663 1604 clamoris
687 1533 828 1604 dicens:
856 1557 873 1600 a
904 1538 1033 1612 Tacete,
1056 1546 1185 1604 tacete:
1220 1531 1368 1621 nunquid
1389 1549 1435 1598 non

203 1620 343 1702 auditis,
360 1633 510 1707 quantae
533 1636 693 1692 resonant
717 1621 838 1692 laudes
854 1621 888 1690 in
905 1621 1028 1691 coelot
1051 1643 1068 1688 a
1089 1626 1244 1711 Cumque
1267 1624 1308 1692 ad
1330 1619 1435 1691 easden

17 1677 20 1726 ι
90 1725 98 1742 ·
203 1708 334 1791 laudes,
351 1732 439 1797 quas
461 1710 556 1780 intus
575 1711 742 1791 audierat,
761 1731 880 1781 aurem
900 1709 1015 1780 cordis
1038 1709 1242 1792 intenderet,
1269 1722 1375 1784 sancta
1396 1705 1436 1776 illa

202 1798 318 1868 anima
334 1799 450 1868 carnis
473 1798 622 1868 vinculis
639 1798 750 1870 soluta
774 1813 835 1869 est.
856 1798 918 1869 Sed
944 1811 1087 1869 exeunte
1111 1799 1182 1882 illa,
1203 1813 1295 1871 tanta
1317 1797 1435 1869 illiclra-

201 1884 336 2046 prantia
354 1887 470 1988 odoris
489 1909 629 1975 aspersa
643 1899 705 1970 est,
726 1901 765 1989 ut
787 1909 908 1958 omnes
930 1888 991 1976 qui
1008 1887 1080 1957 illic
1099 1887 1255 1972 aderant,
1276 1887 1435 1958 inaestima-

226 1975 263 2045 tlr
288 1988 452 2046 suavitate
477 1975 710 2066 replerentur:
739 1989 785 2046 rta
810 1989 858 2078 ut·
871 1995 933 2066 per
957 1975 1021 2046 boc
1038 1989 1205 2078 patenter
1232 1984 1433 2069 agnoscerent.

200 2063 290 2152 quod
316 2086 391 2135 eam
413 2063 533 2135 laudes
549 2065 584 2133 in
609 2065 704 2136 coelo
723 2077 967 2153 suscepissent.
986 2069 1046 2134 Cur
1071 2066 1119 2135 rei
1146 2067 1334 2136 monachus
1352 2074 1435 2134 uostcr
1461 2105 1462 2146 ,

200 2152 367 2232 interluit,
385 2153 445 2240 qui
464 2175 557 2223 nunc
573 2175 682 2244 usque
698 2155 789 2236 vivit,
809 2168 842 2224 et
859 2175 939 2222 cum
960 2175 1085 2242 magno
1101 2155 1184 2226 lletu
1201 2155 1348 2226 attestari
1363 2151 1432 2227 solet,

199 2241 282 2328 quia
305 2263 485 2399 ponasque
508 2265 635 2332 corpus
659 2243 736 2331 ejus
756 2241 953 2333 sepulturae
969 2242 1151 2325 traderent,
1170 2243 1215 2314 ab
1239 2265 1352 2316 eorum
1369 2239 1434 2310 nari-

198 2329 265 2402 bus
288 2354 308 2402 o
334 2330 403 2401 oris
428 2330 521 2400 illius
546 2331 733 2422 fragrantia
758 2353 825 2402 non
852 2330 1002 2401 recessit.

241 2421 260 2507 δ
284 2425 327 2493 4.
354 2423 437 2486 Εοοο
453 2441 522 2506 quo
545 2419 614 2490 fine
637 2443 677 2491 ex
701 2422 766 2490 bac
781 2421 847 2489 vita
874 2419 1045 2508 migravit,
1063 2421 1124 2507 qui
1144 2420 1202 2491 bic
1218 2417 1434 2509 aequanimiter

198 2507 333 2598 flagella
360 2506 523 2577 toleravit.
549 2515 652 2579 Juxta
672 2531 786 2580 vocem
813 2531 893 2598 ergo
917 2508 1145 2590 Dominicam,
1172 2510 1263 2581 bona
1288 2525 1367 2580 terra
1383 2505 1434 2574 lru·

197 2606 289 2666 ctum
318 2619 378 2687 per
402 2597 600 2686 patientiam
627 2597 786 2678 reddidit,
814 2619 902 2685 quae
928 2609 1063 2668 exarata
1087 2595 1294 2689 disciplinae
1316 2613 1431 2669 vomere.

196 2683 239 2754 ad
257 2685 546 2756 remunerationis
571 2699 716 2778 segetem
743 2686 908 2776 pervenit.
929 2684 992 2756 Sed
1018 2709 1077 2756 vos
1102 2708 1195 2788 rogo,
1218 2687 1335 2758 fratres
1357 2681 1433 2753 caris·

195 2773 288 2854 simi,
316 2774 491 2857 attendite,
509 2775 599 2867 quod
625 2775 855 2846 excusationis
879 2789 1123 2865 argumentum
1151 2799 1187 2846 m
1222 2777 1282 2848 illo
1309 2773 1433 2846 districto

190 2861 325 2952 judicio
353 2862 505 2934 habituri
535 2885 657 2934 sumus
683 2886 755 2947 nos,
782 2863 842 2952 qui
870 2863 999 2934 abono
1018 2885 1119 2955 opere
1143 2875 1326 2955 torpentes,
1350 2876 1433 2962 atres

193 2961 226 3020 et
246 2972 370 3020 manus
394 2952 605 3042 accepimus,
624 2953 653 3022 si
670 2966 850 3044 praecepta
866 2951 1001 3022 Domini
1016 2975 1147 3044 egenus
1163 2969 1196 3025 et
1211 2956 1286 3024 sine
1302 2951 1433 3022 manibus

193 3039 305 3130 potuit
328 3040 488 3129 impleret
511 3047 581 3112 llon
607 3055 724 3112 contra
743 3064 805 3112 nos
822 3041 989 3112 Dominus
1004 3052 1087 3112 ωηο
1101 3043 1280 3132 Apostolos
1293 3037 1430 3113 ostendat,

191 3129 253 3215 qui
276 3125 318 3198 ad
344 3150 489 3219 regnum
515 3152 632 3200 secum
666 3130 820 3200 fidelium
847 3131 966 3200 turbas
1001 3131 1233 3220 praedicando
1264 3137 1429 3202 traxerunt:

194 3237 261 3286 non
286 3228 404 3288 contra
423 3240 485 3290 nos
502 3225 665 3309 Martyres
684 3219 853 3300 exhibeat,
871 3219 932 3305 qui
950 3217 992 3288 ad
1010 3219 1190 3290 coelestem
1210 3221 1360 3312 patriam,
1373 3233 1431 3284 sau·

190 3305 333 3464 puinem
361 3305 550 3390 lundendo,
580 3321 818 3398 pervenerunt.
838 3307 926 3391 Quid
960 3318 1042 3378 ωηο
1066 3308 1193 3379 dicturi
1218 3319 1429 3388 semustum

217 3417 297 3477 unc,
318 3395 360 3465 de
383 3417 452 3482 quo
476 3395 580 3467 locuti
597 3421 731 3472 sumus,
750 3397 929 3468 Serrulum
946 3396 1147 3480 viderimus,
1169 3400 1228 3470 cui
1248 3398 1300 3468 lou
1348 3391 1430 3464 slan-

189 3505 278 3572 guor
302 3485 440 3554 brachia
467 3486 587 3566 tenuit,
614 3487 672 3558 sed
700 3499 811 3556 tamen
838 3487 921 3556 baec
946 3485 1075 3558 abono
1099 3509 1202 3576 opere
1225 3419 1429 3578 conligant?

190 3575 280 3642 llaec
304 3573 494 3656 vobiscum,
512 3574 645 3656 fratres,
665 3577 767 3666 agite:
789 3576 839 3645 sic
863 3595 922 3644 vos
945 3573 987 3644 ad
1007 3575 1160 3645 studium
1182 3575 1263 3647 boni
1280 3571 1379 3666 operis
1392 3587 1428 3633 m·

187 3661 321 3752 eligam,
337 3675 376 3733 ut
394 3685 473 3733 cum
492 3663 588 3735 vobis
603 3663 712 3736 bonos
728 3664 888 3736 modoad
905 3663 1112 3734 imitandum
1126 3664 1325 3758 proponitis,
1333 3673 1427 3732 corut!

187 3760 269 3820 ωηο
288 3765 463 3824 consortes
478 3775 553 3826 esse
570 3752 721 3824 valeatis.
