2920 4810
30 286 103 354 b'Ol.
124 289 156 352 ll
412 306 675 355 unaaraocootuu
703 308 916 354 nausrnarttu
1163 287 1264 354 ttttti*

30 387 112 449 alodio
126 387 209 448 illnm
234 388 326 449 tertre
347 403 437 448 ausus
452 394 540 461 esset,
556 404 646 451 orans
720 412 731 444 u
746 390 850 468 Nuper
873 392 903 452 in
926 388 1040 452 Samnii
1067 389 1219 468 provincia
1242 393 1307 468 qui·

28 467 197 528 obdormirit
211 468 243 527 in
264 468 405 529 Domino.
673 473 741 533 dam
759 469 942 533 venerabilis
958 471 1015 540 vir,
1032 469 1157 532 biennes
1169 485 1306 543 nomine,

57 546 93 607 lle
107 563 142 608 eo
155 555 249 624 agnrrt
269 554 300 608 et
320 546 426 609 Gracci
450 548 481 608 in
506 546 642 610 Menolo·
673 551 836 615 solitariam
852 551 946 612 uitam
961 548 1102 620 ducebat,
1125 551 1177 626 qui
1191 557 1307 612 nostro·

25 628 73 702 aio.
87 626 130 687 lta
146 625 303 689 baronius.
674 648 741 693 runa
755 630 859 693 multis
874 633 1027 704 cognitus,
1038 634 1108 690 ante
1122 629 1176 688 boc
1187 628 1251 691 fere
1262 635 1308 691 est

673 712 857 774 decennium
872 708 1042 771 defunctus.
1059 706 1100 771 De
1111 708 1196 784 quus
1210 712 1309 787 operis

108 789 136 851 S.
161 785 341 850 VERANUS
365 785 543 848 Errsconus.
674 794 849 853 narratione
877 803 973 850 unum
1001 792 1154 849 auctorem
1175 803 1238 850 aon
1263 789 1310 851 in·

178 893 303 957 gamm,
322 894 347 954 γ
366 891 483 970 pomp·
673 871 753 933 tero:
776 873 845 949 quia
871 868 933 931 lere
955 876 996 928 tot
1018 867 1139 958 mibiio
1160 872 1224 942 ejus
1246 870 1308 931 vita

675 958 766 1013 testes
792 957 876 1020 sunt,
904 956 978 1027 quot
1006 947 1124 1010 sanun
1154 950 1307 1024 provincia

56 1026 228 1090 blannrnoc.
246 1063 284 1073 -
306 1027 447 1106 Lugduni
470 1030 563 1091 sancti
586 1029 644 1092 va·
674 1037 838 1093 noverunt.
866 1029 921 1090 Hic
943 1030 1044 1106 itaque
1067 1027 1143 1088 nihil
1157 1031 1193 1090 ad
1217 1045 1306 1090 usum

22 1123 85 1168 nani
99 1108 245 1186 Episcopi,
268 1109 355 1185 cujus
377 1111 435 1170 vila
463 1107 520 1170 tide
535 1116 566 1170 et
583 1111 642 1170 vir·
673 1127 764 1173 sunm
778 1110 874 1182 aliud,
889 1110 946 1170 nisi
964 1122 1054 1186 pauca
1070 1107 1173 1182 apium
1191 1107 1308 1170 vascula

24 1195 110 1248 tuturn
132 1189 249 1250 meritis
270 1186 329 1249 tuit
346 1187 484 1250 illustris.
675 1189 855 1268 possidebat.
886 1189 963 1250 Huic
990 1202 1062 1248 curn
1092 1186 1309 1264 longobardus

56 1265 77 1327 ls
102 1277 288 1330 numeratur
320 1268 399 1329 sedis
427 1267 645 1344 Lugdunensis
673 1271 794 1346 quidam
814 1272 843 1330 in
859 1268 973 1330 eisdem
984 1267 1091 1345 apibus
1106 1271 1242 1346 rapinam
1257 1284 1308 1328 ro

24 1346 170 1410 vicesimus
193 1347 302 1409 tertius
324 1347 496 1425 Episcopus,
519 1355 645 1426 quartus
675 1348 778 1411 luisset
793 1350 948 1425 ingerere,
963 1347 1097 1426 priusab
1113 1348 1219 1408 eodem
1243 1348 1309 1408 viro

22 1425 52 1485 ab
76 1426 232 1488 Eucherio.
259 1426 349 1489 Hunc
377 1426 464 1490 illum
498 1425 645 1488 baronius
676 1431 938 1505 rerbocorreptus
952 1435 1004 1499 est,
1025 1433 1055 1487 et
1070 1441 1138 1488 mon
1154 1442 1207 1503 per
1222 1425 1310 1488 anali-

22 1513 94 1579 putat
107 1506 279 1578 Vernnum,
295 1507 382 1582 cujus
396 1509 540 1569 meminit
566 1505 644 1568 Gen·
674 1525 768 1583 gnaro
783 1509 924 1584 spiritum
938 1512 1009 1569 ante
1024 1507 1089 1582 ejus
1104 1509 1233 1584 vestigia
1256 1523 1308 1566 ue·

23 1586 115 1647 nudius
135 1586 178 1647 lle
212 1586 273 1648 Vir.
301 1585 416 1660 illust,
444 1593 476 1648 et
489 1588 525 1647 arl
553 1602 646 1665 quem
675 1598 770 1650 ratus.
786 1588 849 1661 Qua
862 1603 901 1650 en
921 1603 954 1648 re
974 1587 1085 1647 tanturn
1109 1595 1165 1656 est,
1183 1595 1216 1648 at
1230 1587 1309 1647 siout

22 1662 140 1726 Hilarius
156 1665 233 1742 Papa
249 1665 404 1744 epistolam
419 1666 552 1744 scripsit.
674 1671 750 1744 apud
775 1684 881 1730 ornnes
907 1666 1026 1734 incolas,
1051 1669 1089 1727 ita
1115 1668 1206 1728 etiam
1230 1666 1309 1742 apud

674 1749 811 1810 eamdem
828 1747 983 1810 barbaram
1007 1755 1128 1822 gentem
1150 1747 1215 1822 ejus
1230 1745 1308 1806 cele·

69 1824 94 1884 S.
110 1821 448 1887 nnnrtttttonnntts
471 1825 583 1886 nenas.
676 1827 727 1890 bre
751 1843 864 1889 nomen
881 1827 1059 1898 baberetur,
1087 1825 1250 1903 nullusque
1265 1825 1310 1886 ul·

165 1929 419 1994 ppormpsaefflpo
431 1931 486 1993 XL
677 1913 718 1968 tra
742 1912 950 1986 praesumeret
974 1905 1039 1982 ejus
1064 1904 1225 1977 cellutam,
1249 1907 1307 1965 nisi

676 1987 799 2048 burnilis
815 1988 940 2047 intrare.
964 1984 1059 2064 Saepe
1076 2001 1147 2045 vero
1161 2000 1196 2044 ex
1211 1984 1309 2046 uicina

53 2062 226 2126 banrrnoa.
245 2097 282 2108 -
306 2063 339 2124 ln
366 2063 548 2126 Monosterio
570 2063 642 2144 Cry-
673 2067 755 2140 sylva
773 2070 932 2128 uenientes
947 2067 1021 2136 orsi,
1043 2080 1112 2140 apes
1133 2062 1197 2137 aius
1211 2080 1309 2125 corne-

22 2144 216 2216 ptaeterratae
238 2143 269 2202 in
285 2159 358 2219 agro
381 2143 551 2204 Tusculano
574 2161 645 2205 san·
674 2147 748 2208 dere
762 2148 959 2208 conabantur.
976 2145 1055 2218 Quos
1077 2142 1126 2204 illo
1140 2142 1308 2220 depreben-

22 2223 54 2308 ιιι
68 2221 302 2284 Ennauocouucr
318 2223 452 2296 Abbatis,
468 2224 540 2284 socii
565 2222 642 2286 beati
674 2242 730 2300 sos,
748 2227 857 2299 ieruld,
872 2241 965 2304 quam
981 2231 1099 2301 portare
1123 2239 1218 2283 uranu
1234 2238 1307 2282 con-

24 2299 85 2370 nitt,
105 2303 189 2380 coins
208 2302 302 2364 vitain
317 2303 504 2382 conscripsit.
673 2313 823 2377 sueverat,
846 2305 999 2366 caedebat.
1029 2304 1109 2365 Ante
1133 2303 1218 2378 cujus
1242 2317 1308 2363 rer·

59 2379 85 2439 ln
110 2381 235 2444 Baronii
265 2380 437 2444 Arorrob'btts
460 2381 570 2460 legitur
591 2382 644 2444 Be·
675 2385 745 2446 beru
770 2385 1005 2446 irnnranissirnae
1021 2382 1131 2443 bestiae
1148 2381 1309 2468 rugiebant

25 2461 162 2524 aedictum
180 2461 234 2540 Pp.
252 2460 302 2534 tx,
324 2478 414 2524 suasu
444 2461 643 2539 hujussancti
672 2465 885 2541 ettugiebont.
911 2464 946 2524 Et
960 2479 1037 2541 poue
1062 2463 1176 2532 alodios
1206 2461 1307 2522 lormi-

23 2537 246 2613 Eurrlaolomaei,
268 2541 319 2618 qui
336 2559 390 2604 nec
406 2541 506 2602 throni
522 2541 643 2604 celsitu·
673 2544 744 2606 dare
761 2547 810 2606 ria
825 2551 976 2621 poterant,
990 2559 1026 2604 eu
1042 2542 1106 2619 ejus
1121 2557 1212 2601 manu
1231 2541 1309 2602 ictus

21 2617 112 2682 dinem
135 2623 265 2693 ueritus,
294 2637 350 2682 nec
377 2619 537 2696 dignitatis
558 2637 644 2697 prae·
673 2620 1308 2702 terulaepertirnescebant.Hujosstudium

19 2701 149 2763 stantiam
171 2702 352 2780 respiciens,
365 2701 416 2761 sed
431 2702 644 2763 tnrrtommodo
674 2703 731 2764 tuit
747 2703 821 2763 nibil
839 2708 870 2764 ιιι
889 2703 943 2763 troc
961 2701 1076 2763 mundo
1093 2700 1213 2772 babere,
1231 2700 1309 2761 nibil

20 2779 93 2852 anati,
107 2797 164 2858 quo
180 2787 256 2842 tuuc
272 2782 416 2856 temporis
437 2779 564 2842 Ecclesia
593 2797 644 2859 op·
672 2798 837 2860 qrraerere:
855 2798 974 2854 omnes,
989 2783 1040 2859 pui
1057 2781 1092 2842 ad
1109 2795 1140 2840 se
1156 2780 1309 2842 charitatis

19 2858 209 2932 primebotur,
233 2861 429 2934 gravitatem,
454 2863 481 2920 ei
504 2859 641 2922 dixerat:
672 2863 760 2924 causa
773 2861 995 2934 veniebant‚ad
1008 2869 1150 2922 aeternae
1163 2859 1243 2921 vitae
1258 2859 1309 2920 de·

24 2936 104 3024 allon
122 2939 190 3002 licet
207 2939 262 3000 tibi
284 2955 366 3000 sacra
395 2941 503 3012 lacere,
519 2941 570 3001 sed
594 2956 642 3018 po·
673 2943 782 3003 sideria
807 2941 983 3004 accendere.
1012 2939 1042 3001 Si
1065 2940 1187 3017 quarrdo
1208 2946 1309 3002 autern

19 3019 284 3091 trusobstinere,et
298 3019 395 3080 neum
411 3019 537 3095 placare,
552 3035 642 3099 quern
672 3021 878 3097 quorumlibet
898 3019 998 3098 culpas
1018 3027 1207 3096 agnosceret,
1232 3035 1310 3081 nun·

17 3099 155 3184 peccando
182 3099 359 3171 irritastis»
387 3098 545 3160 eSumnro
567 3099 644 3161 Pon·
672 3117 762 3179 quarn
778 3101 816 3162 ab
841 3101 1047 3176 increpatione
1072 3099 1235 3176 parcebat,
1257 3099 1309 3160 sed

19 3175 122 3239 tricatu
138 3179 270 3240 cessisse.
288 3211 325 3222 -
347 3177 503 3240 Utautem
520 3181 643 3254 ingenio
672 3183 787 3242 amoris
816 3181 885 3258 igne
913 3195 1091 3253 succensos,
1114 3178 1253 3240 studebat
1275 3181 1306 3240 in

17 3255 128 3342 sublimi
144 3265 175 3321 et
186 3258 361 3320 eruditione
373 3257 491 3318 celeber
505 3266 585 3326 erat,
600 3276 643 3321 re·
672 3261 717 3320 eis
733 3260 932 3322 venementer
948 3276 1001 3338 per
1015 3259 1151 3338 linguam
1174 3259 1306 3321 saevire.

19 3331 97 3410 linuit
118 3353 178 3399 non
202 3352 292 3415 pauca
320 3337 440 3414 scripta.
469 3336 538 3399 Nilo
563 3354 643 3400 anor·
674 3337 929 3403 Consuetudinem
947 3336 1310 3415 re1·ovicini,rellnnge

19 3419 224 3489 tuo,omnium
253 3415 403 3494 sotlrngiis
420 3414 517 3478 Abbas
531 3417 645 3480 electus
674 3421 774 3498 positi,
790 3421 923 3496 eiusdem
946 3418 1001 3480 loci
1024 3419 1139 3480 accolae
1158 3418 1308 3491 iecerunt,

17 3501 63 3551 est.
83 3497 151 3557 Fuit
179 3499 210 3556 in
234 3511 382 3575 pauperes
404 3495 642 3560 liberalissimus.
675 3507 708 3560 ut
741 3499 848 3560 diebus
881 3501 973 3560 certis
1001 3513 1054 3576 per
1087 3497 1308 3560 hebdomadam

19 3569 65 3640 lEx
80 3575 246 3654 allenolopio
264 3575 476 3652 Benedicitur).
674 3581 882 3658 unusquisque
897 3581 924 3640 ei
941 3575 1107 3640 oblationes
1127 3595 1194 3638 suas
1217 3582 1310 3638 trans·

397 3663 403 3675 “
675 3659 820 3730 mitteret,
836 3665 868 3719 nt
883 3666 962 3719 esset
977 3658 1058 3735 qnod
1076 3659 1137 3732 ipse
1152 3657 1187 3719 ad
1204 3673 1236 3717 se
1259 3671 1310 3716 re·

118 3733 147 3795 S.
163 3733 525 3798 MENNASSociranrus.
675 3738 831 3800 cientibus
857 3737 965 3800 ollerre
991 3739 1145 3816 potuisset.
1173 3735 1308 3810 erodatu

165 3841 289 3904 ppormp
299 3841 419 3904 saeculo
435 3841 484 3904 pp·
675 3833 745 3880 vero
761 3826 910 3896 tempore,
934 3831 1081 3895 possessor
1096 3816 1229 3895 quidam,
1252 3831 1309 3876 no·

674 3898 758 3960 mine
784 3897 949 3968 Canterius,
975 3899 1135 3958 immundo
1157 3893 1309 3956 desiderio

52 3971 227 4038 ttnnrrnoa.
243 4009 281 4020 -
303 3975 335 4037 ln
353 3977 509 4054 provincia
524 3976 643 4040 Samnii
674 3979 822 4048 devictas,
850 3975 1012 4056 quamdam
1041 3974 1309 4038 sanctimonialem

22 4045 86 4111 beati
98 4054 238 4142 tblsnnnc
252 4055 398 4128 Solitarii,
413 4053 501 4131 cujus
516 4059 646 4120 virtutes
674 4057 836 4121 foeminam
859 4057 972 4133 rapuit,
987 4055 1106 4132 sibique
1129 4055 1235 4116 illicito
1250 4069 1310 4114 ma·

21 4141 46 4186 et
67 4136 210 4196 miracula
239 4142 362 4198 sanctus
382 4135 548 4214 Gregorius
569 4137 643 4216 Papa
676 4137 821 4200 trimonio
836 4137 1008 4214 conjunxit.
1031 4135 1116 4208 Quod
1132 4133 1310 4194 rnoxutvir

21 4219 239 4278 conmemorat.
674 4217 795 4279 Domini
810 4217 967 4292 cognovit,
990 4215 1018 4278 ei
1035 4229 1086 4290 per
1101 4229 1177 4291 qnos
1198 4213 1307 4288 potuit,

54 4287 93 4350 Eo
109 4295 211 4372 itaque
232 4294 263 4356 S.
278 4296 407 4359 Mennae
428 4311 644 4358 commemora·
674 4311 750 4374 puae
765 4295 865 4357 fuerat
879 4297 992 4372 dignus
1006 4294 1124 4362 audire,
1141 4292 1308 4356 mandarit.

22 4367 68 4438 tio,
87 4387 176 4448 quam
200 4372 229 4434 E.
247 4373 413 4452 Gregorius
428 4375 465 4436 u.
482 4377 625 4438 exaravit.
673 4377 810 4453 Euroque
827 4373 877 4435 ille
900 4372 1022 4435 sceleris
1046 4375 1092 4435 sui
1118 4371 1254 4433 conscius
1274 4373 1309 4430 tt·
