2954 4816
257 271 321 337 398
667 295 672 306 ¹
1321 268 1391 334 ttttc.
1412 271 1444 332 25

212 480 257 546 lle
290 481 474 550 Notioitotc
511 481 645 550 Domini
665 489 698 549 et
720 481 909 550 Salvatoric
944 481 1052 549 nostri
1078 485 1158 550 Jcsu
1191 483 1316 550 Gnmsri
1346 481 1444 546 multoc

247 597 374 656 -eoctout
397 589 596 658 Sanctorum
619 591 760 656 Petrum
777 588 924 676 insc'piicc
946 585 1303 678 conciueratque
1325 589 1443 656 lectoren

253 694 468 768 remittimus.
497 697 603 764 Uuom
626 695 720 762 Petri
740 695 912 773 llumioni,
935 703 973 762 ut
992 696 1028 762 iu
1052 702 1087 764 8⁰
1112 699 1207 763 tomo
1231 694 1356 784 tlopcii
1374 693 1443 782 lipo-

253 799 348 868 maui
370 799 524 880 babetur,
552 800 789 881 adscribamus,
816 800 905 890 quod
927 823 993 869 nou
1009 803 1060 870 itu
1076 802 1204 891 possim
1219 800 1443 870 omuibusobiio

252 906 307 985 sit,
335 925 541 995 quamquam
564 928 610 975 en
634 908 708 996 ipso
730 908 813 975 satir
837 916 975 986 constat,
1007 929 1073 976 nou
1101 929 1170 976 cccc
1198 908 1294 976 Petri
1322 903 1445 974 Domiou'

253 1013 360 1092 illius,
387 1015 449 1104 qui
470 1013 628 1083 Ostiensis
650 1014 718 1101 [uit
741 1015 923 1104 Episcopus
937 1012 965 1082 ⁸.

545 1315 699 1394 nunni
726 1317 883 1395 eninr
911 1317 1133 1394 cruitur

270 1535 465 1640 Sllltllb
513 1537 583 1640 llll
629 1539 995 1641 1111111111
1041 1537 1403 1642 8111110113

405 1759 455 1826 ΕΤ
479 1759 728 1826 nantelmus
752 1759 974 1826 ututctttts
998 1761 1040 1826 Ill
1066 1761 1116 1825 ut
1142 1761 1283 1827 Flectit

249 1971 268 2069 β
290 1975 329 2043 1.
348 1975 417 2042 lton
438 1969 560 2060 poterit
575 1969 738 2060 explicari
761 1989 929 2051 sermone,
944 1969 1037 2058 quod
1055 1981 1166 2038 mente
1181 1971 1339 2059 concepi.
1353 1971 1445 2062 stupor

205 2078 297 2126 emin
324 2059 570 2129 miraculorum
598 2058 764 2148 opprimit
788 2077 853 2139 me,
879 2069 912 2127 et
935 2055 1019 2128 dum
1045 2059 1160 2127 omnia
1186 2058 1330 2146 replico,
1358 2071 1443 2126 omnu

205 2147 467 2236 complicantur.
480 2149 561 2232 Quia
571 2149 695 2238 poterit
704 2149 853 2238 cogitare
865 2147 953 2216 diem
964 2146 1392 2237 adventuscjostmtatcct.
1401 2149 1442 2220 nil·

205 2235 286 2305 Ideo
310 2237 348 2306 tii
371 2236 520 2338 elinguis
540 2235 672 2326 lingua,
696 2234 860 2304 memoria
881 2236 1074 2317 immemor,
1097 2236 1316 2306 insensibilis
1339 2250 1442 2304 sensus.

204 2328 341 2394 Insueta
358 2325 530 2395 nativitate
547 2324 700 2395 relucent
715 2325 844 2401 omnia,
862 2335 895 2394 et
918 2325 1035 2394 omnia
1062 2325 1174 2414 partui
1198 2324 1352 2414 Virginis
1372 2322 1443 2390 obsc-

203 2425 369 2500 quuntur.
388 2417 489 2482 Fiunt
514 2413 686 2484 mirabilia
710 2413 744 2481 in
773 2412 866 2483 coelo
894 2434 1047 2496 sursum,
1069 2425 1102 2482 et
1125 2413 1159 2481 in
1181 2425 1276 2483 teria
1299 2413 1442 2482 deorsum.

203 2512 236 2570 et
254 2503 414 2572 universa
436 2503 468 2570 in
494 2503 666 2572 nascentis
687 2501 742 2572 Dei
768 2502 974 2588 obsequium
994 2502 1211 2591 juraverunt.
1232 2501 1445 2592 insigniuntur

203 2611 351 2660 convexa
380 2590 552 2660 coelorum
582 2590 679 2660 stella
705 2590 897 2670 lucentiori,
923 2603 957 2659 et
981 2590 1089 2660 multo
1114 2590 1249 2660 lumine
1275 2589 1348 2661 loca
1373 2589 1444 2679 llam

203 2679 332 2749 mantia
350 2680 660 2781 praestringuntur.
675 2677 922 2749 Diffunduntur
936 2678 1243 2768 perquadrilidum
1259 2681 1371 2750 orbem
1383 2671 1444 2768 rodit

202 2766 460 2849 rutilantiores,
491 2780 523 2837 et
548 2766 778 2858 pluralitatem
811 2767 1040 2838 stellariorum
1072 2768 1203 2857 ignium
1242 2790 1351 2838 novus
1378 2765 1445 2851 tgna

200 2855 372 2926 obtundit.
394 2857 534 2926 Miratur
557 2856 671 2940 orbis,
698 2856 810 2926 coelos
834 2877 960 2926 novum
993 2857 1165 2946 peperisse
1190 2856 1444 2944 splendoremll

201 2943 496 3014 inconvertibilem
522 2967 640 3016 eorum
663 2957 788 3015 statum
805 2945 848 3014 ud
867 2945 894 3014 si
923 2967 964 3013 na
981 2957 1013 3012 et
1034 2944 1191 3034 prodigia
1208 2945 1320 3016 fuisse
1334 2959 1445 3013 conier-

201 3053 292 3102 sum.
312 3033 432 3104 Vident
448 3033 606 3104 Chaldaei
628 3035 662 3104 in
681 3033 796 3114 coelis,
819 2967 921 3121 quob
936 3032 1073 3102 Balaam
1100 3035 1241 3120 reliquit
1258 3037 1292 3103 in
1315 3029 1443 3120 scriptis:

201 3123 346 3204 Orietur,
374 3123 497 3210 inquit,
523 3126 624 3193 stello
647 3145 693 3194 eu
714 3124 827 3201 Jacob,
851 3133 882 3192 ct
907 3133 1082 3212 concurpct
1109 3124 1205 3192 bomo
1231 3147 1279 3193 ccc
1304 3123 1409 3196 lsrotl,
1425 3123 1445 3180 cl

200 3212 264 3280 crit
287 3214 392 3281 omnis
408 3223 501 3282 terro
522 3215 680 3304 possessio
696 3215 769 3302 ejus
789 3213 903 3302 (llum.
923 3211 1024 3300 xxiv).
1051 3212 1209 3282 Nascitur
1235 3211 1333 3281 stella
1356 3211 1386 3277 in
1406 3223 1444 3271 et·

199 3297 312 3382 celsis,
334 3313 367 3370 et
392 3305 479 3371 Deus
504 3300 538 3370 in
565 3302 676 3382 terris,
696 3300 796 3389 cujus
821 3301 992 3391 possessio
1018 3321 1037 3369 a
1062 3301 1148 3370 mari
1174 3299 1343 3388 usquead
1363 3311 1442 3364 marc.

154 3425 160 3433 ·
199 3393 408 3480 Praeparant
424 3412 460 3460 se
485 3393 593 3476 Reges
610 3390 760 3472 Tharais,
780 3399 818 3459 ut
841 3411 921 3458 cuni
948 3388 1096 3458 novitate
1124 3411 1310 3459 munerum
1336 3384 1444 3454 videant

200 3499 322 3548 novam
342 3492 497 3561 matrem,
516 3479 580 3548 filii
601 3497 722 3549 novam
749 3479 971 3548 nativitatem.
992 3482 1079 3546 Fons
1095 3477 1161 3548 olei
1185 3477 1229 3547 dc
1255 3491 1340 3548 terra
1356 3489 1444 3572 eruu-

200 3567 262 3668 pii.
280 3567 459 3658 Templum
479 3572 617 3649 Romae,
636 3567 728 3656 quod
745 3569 931 3638 vocabatur
945 3579 1136 3648 aeternum,
1152 3568 1294 3643 corruit,
1310 3559 1444 3656 omnibus

198 3657 367 3746 impensis
390 3669 422 3726 et
446 3658 546 3727 Urbis
569 3671 601 3726 et
622 3657 716 3728 orbis
739 3655 942 3726 mirabiliter
964 3668 1259 3725 consummatum.
1277 3659 1355 3724 Cum
1371 3663 1442 3738 enuit

199 3745 345 3814 Romani
361 3744 396 3813 in
422 3745 623 3816 victoriosae
646 3745 861 3832 antiquitatis
882 3743 1083 3813 memoriam
1102 3745 1272 3832 templum
1297 3735 1442 3829 singulurt

199 3833 372 3903 schemate
396 3832 507 3903 lacere
530 3834 770 3914 decrevissent,
801 3833 844 3904 ab
869 3832 965 3903 omni
989 3832 1047 3902 illa
1072 3831 1229 3914 deorum,
1257 3833 1360 3902 immo
1380 3823 1442 3893 dte·

199 3923 407 4005 iconiorum,
427 3923 650 3994 multitudine
666 3923 900 4013 quaesierunt,
920 3942 1101 4011 usquequo
1124 3921 1252 3991 durare
1271 3928 1377 4011 posset
1392 3925 1441 3980 ton

198 4011 394 4083 excellentis
431 4014 544 4102 operis
583 4033 726 4101 operosa
757 4011 979 4083 constructio.
1010 4015 1225 4101 Responsum
1256 4021 1327 4079 est:
1357 4008 1441 4072 bonu

198 4101 294 4191 virgo
324 4103 469 4190 pareret.
498 4100 552 4171 llli
583 4101 625 4170 ad
653 4101 965 4191 impossibilitatem
1002 4098 1184 4170 oraculum
1220 4091 1439 4182 retorquentes.

198 4188 366 4279 templum
384 4202 561 4259 aeternum
588 4189 775 4261 solemnem
798 4189 892 4258 illam
921 4189 1117 4260 machinam
1134 4197 1346 4258 vocaverunt.
1360 4183 1440 4249 locu

226 4349 237 4374 ⁸
247 4349 275 4389 ln
284 4350 328 4391 lico
337 4353 399 4392 enlm
410 4352 520 4392 Sermone
532 4351 555 4393 8.
566 4351 678 4392 Bernnrilt
690 4350 885 4394 claraevallensi·
897 4348 1000 4400 Ablmlin,
1008 4352 1050 4402 qul
1058 4352 1113 4402 poci
1121 4351 1143 4394 fl.
1155 4350 1250 4392 Palm
1260 4345 1385 4390 Durium
1394 4331 1441 4376 ΝΕ·

198 4401 261 4452 gluti
271 4401 338 4446 tunic
349 4403 399 4444 illl
408 4405 505 4447 iunctae
515 4407 559 4452 eut,
571 4406 659 4446 mentio
670 4405 777 4448 habetur.
