<?xml version="1.0" encoding="UTF-8"?>
<!DOCTYPE html PUBLIC "-//W3C//DTD XHTML 1.0 Transitional//EN"
    "http://www.w3.org/TR/xhtml1/DTD/xhtml1-transitional.dtd">
<html xmlns="http://www.w3.org/1999/xhtml" xml:lang="en" lang="en">
 <head>
  <title>
</title>
<meta http-equiv="Content-Type" content="text/html;charset=utf-8" />
  <meta name='ocr-system' content='tesseract 3.04.00' />
  <meta name='ocr-capabilities' content='ocr_page ocr_carea ocr_par ocr_line ocrx_word'/>
</head>
<body>
  <div class='ocr_page' id='page_1' title='image "./historiaeseuvit00lippgoog_0279.png"; bbox 0 0 2972 4826; ppageno 0'>
   <div class='ocr_carea' id='block_1_1' title="bbox 247 275 1432 344">
    <p class='ocr_par' dir='ltr' id='par_1_1' title="bbox 247 275 1432 344">
     <span class='ocr_line' id='line_1_1' title="bbox 247 275 1432 344; baseline -0.003 -2"><span class='ocrx_word' id='word_1_1' title='bbox 247 279 311 342; x_wconf 78' lang='lat' dir='ltr'><strong>ato</strong></span> <span class='ocrx_word' id='word_1_2' title='bbox 591 296 629 341; x_wconf 85' lang='lat' dir='ltr'><strong>un</strong></span> <span class='ocrx_word' id='word_1_3' title='bbox 653 295 698 343; x_wconf 91' lang='lat' dir='ltr'><strong>ss.</strong></span> <span class='ocrx_word' id='word_1_4' title='bbox 726 295 803 342; x_wconf 86' lang='lat' dir='ltr'><strong>svno</strong></span> <span class='ocrx_word' id='word_1_5' title='bbox 829 297 864 342; x_wconf 85' lang='lat' dir='ltr'><strong>ur</strong></span> <span class='ocrx_word' id='word_1_6' title='bbox 890 295 1014 344; x_wconf 81' lang='lat' dir='ltr'><strong>rvunrro</strong></span> <span class='ocrx_word' id='word_1_7' title='bbox 1038 295 1086 342; x_wconf 83' lang='lat' dir='ltr'><strong>ur.</strong></span> <span class='ocrx_word' id='word_1_8' title='bbox 1330 275 1432 339; x_wconf 69' lang='lat' dir='ltr'><strong>buta</strong></span> 
     </span>
    </p>
   </div>
   <div class='ocr_carea' id='block_1_2' title="bbox 160 377 1476 4103">
    <p class='ocr_par' dir='ltr' id='par_1_2' title="bbox 203 377 1435 628">
     <span class='ocr_line' id='line_1_2' title="bbox 203 377 1435 469; baseline -0.004 -20"><span class='ocrx_word' id='word_1_9' title='bbox 203 384 241 449; x_wconf 91' lang='lat' dir='ltr'><strong>ln</strong></span> <span class='ocrx_word' id='word_1_10' title='bbox 267 401 334 466; x_wconf 88' lang='lat' dir='ltr'><strong>qua</strong></span> <span class='ocrx_word' id='word_1_11' title='bbox 359 379 445 450; x_wconf 86' lang='lat' dir='ltr'><strong>urbe</strong></span> <span class='ocrx_word' id='word_1_12' title='bbox 468 379 708 450; x_wconf 87' lang='lat' dir='ltr'><strong>sanctissimus</strong></span> <span class='ocrx_word' id='word_1_13' title='bbox 726 384 822 450; x_wconf 86' lang='lat' dir='ltr'><strong>Pater</strong></span> <span class='ocrx_word' id='word_1_14' title='bbox 847 379 1007 469; x_wconf 81' lang='lat' dir='ltr'>plurimis</span> <span class='ocrx_word' id='word_1_15' title='bbox 1026 379 1149 450; x_wconf 92' lang='lat' dir='ltr'><strong>diebus</strong></span> <span class='ocrx_word' id='word_1_16' title='bbox 1172 378 1263 469; x_wconf 88' lang='lat' dir='ltr'><strong>apud</strong></span> <span class='ocrx_word' id='word_1_17' title='bbox 1284 377 1435 448; x_wconf 86' lang='lat' dir='ltr'><strong>hdelesre·</strong></span> 
     </span>
     <span class='ocr_line' id='line_1_3' title="bbox 205 465 1434 626; baseline -0.005 -88"><span class='ocrx_word' id='word_1_18' title='bbox 205 481 357 626; x_wconf 60' lang='lat' dir='ltr'><strong>morlatus</strong></span> <span class='ocrx_word' id='word_1_19' title='bbox 386 467 620 549; x_wconf 79' lang='lat' dir='ltr'><strong>Christianos,</strong></span> <span class='ocrx_word' id='word_1_20' title='bbox 646 481 784 538; x_wconf 83' lang='lat' dir='ltr'><strong>sanetae</strong></span> <span class='ocrx_word' id='word_1_21' title='bbox 814 468 984 539; x_wconf 80' lang='lat' dir='ltr'><strong>Ecclesiae</strong></span> <span class='ocrx_word' id='word_1_22' title='bbox 1014 468 1131 559; x_wconf 91' lang='lat' dir='ltr'><strong>plures</strong></span> <span class='ocrx_word' id='word_1_23' title='bbox 1159 469 1254 538; x_wconf 80' lang='lat' dir='ltr'><strong>auxit</strong></span> <span class='ocrx_word' id='word_1_24' title='bbox 1284 465 1360 536; x_wconf 89' lang='lat' dir='ltr'><strong>lilios</strong></span> <span class='ocrx_word' id='word_1_25' title='bbox 1379 467 1434 554; x_wconf 93' lang='lat' dir='ltr'><strong>spi·</strong></span> 
     </span>
     <span class='ocr_line' id='line_1_4' title="bbox 209 569 460 628; baseline 0.004 -4"><span class='ocrx_word' id='word_1_26' title='bbox 209 569 272 626; x_wconf 88' lang='lat' dir='ltr'><strong>rita</strong></span> <span class='ocrx_word' id='word_1_27' title='bbox 288 579 336 628; x_wconf 89' lang='lat' dir='ltr'><strong>es.</strong></span> <span class='ocrx_word' id='word_1_28' title='bbox 457 571 460 578; x_wconf 80' lang='grc'><em>’</em></span> 
     </span>
    </p>

    <p class='ocr_par' dir='ltr' id='par_1_3' title="bbox 204 642 1476 1992">
     <span class='ocr_line' id='line_1_5' title="bbox 248 642 1437 802; baseline -0.007 -86"><span class='ocrx_word' id='word_1_29' title='bbox 248 647 266 732; x_wconf 66' lang='lat' dir='ltr'><strong>h</strong></span> <span class='ocrx_word' id='word_1_30' title='bbox 291 649 361 716; x_wconf 75' lang='lat'><strong>¹8.</strong></span> <span class='ocrx_word' id='word_1_31' title='bbox 388 649 622 802; x_wconf 47' lang='lat' dir='ltr'><strong>Egressusque</strong></span> <span class='ocrx_word' id='word_1_32' title='bbox 644 666 662 713; x_wconf 90' lang='lat' dir='ltr'><strong>e</strong></span> <span class='ocrx_word' id='word_1_33' title='bbox 685 643 820 714; x_wconf 86' lang='lat' dir='ltr'><strong>civitate</strong></span> <span class='ocrx_word' id='word_1_34' title='bbox 844 645 1002 715; x_wconf 81' lang='lat' dir='ltr'><strong>Brixiana</strong></span> <span class='ocrx_word' id='word_1_35' title='bbox 1027 645 1078 714; x_wconf 92' lang='lat' dir='ltr'><strong>vir</strong></span> <span class='ocrx_word' id='word_1_36' title='bbox 1103 645 1180 726; x_wconf 85' lang='lat' dir='ltr'><strong>Dei,</strong></span> <span class='ocrx_word' id='word_1_37' title='bbox 1207 644 1288 714; x_wconf 91' lang='lat' dir='ltr'><strong>dum</strong></span> <span class='ocrx_word' id='word_1_38' title='bbox 1312 642 1437 712; x_wconf 87' lang='lat' dir='ltr'><strong>Lauden-</strong></span> 
     </span>
     <span class='ocr_line' id='line_1_6' title="bbox 205 730 1437 824; baseline -0.004 -22"><span class='ocrx_word' id='word_1_39' title='bbox 205 734 294 804; x_wconf 88' lang='lat' dir='ltr'><strong>sium</strong></span> <span class='ocrx_word' id='word_1_40' title='bbox 321 734 402 824; x_wconf 94' lang='lat' dir='ltr'><strong>oppi</strong></span> <span class='ocrx_word' id='word_1_41' title='bbox 431 755 488 802; x_wconf 90' lang='lat' dir='ltr'><strong>um</strong></span> <span class='ocrx_word' id='word_1_42' title='bbox 515 734 711 813; x_wconf 76' lang='lat' dir='ltr'><strong>introiisset,</strong></span> <span class='ocrx_word' id='word_1_43' title='bbox 737 734 873 804; x_wconf 91' lang='lat' dir='ltr'><strong>obviam</strong></span> <span class='ocrx_word' id='word_1_44' title='bbox 893 735 924 802; x_wconf 90' lang='lat' dir='ltr'><strong>ei</strong></span> <span class='ocrx_word' id='word_1_45' title='bbox 940 753 1064 804; x_wconf 88' lang='lat' dir='ltr'><strong>caecus</strong></span> <span class='ocrx_word' id='word_1_46' title='bbox 1082 756 1102 803; x_wconf 89' lang='lat' dir='ltr'><strong>a</strong></span> <span class='ocrx_word' id='word_1_47' title='bbox 1121 730 1437 806; x_wconf 87' lang='lat' dir='ltr'><strong>nativitateooourrit,</strong></span> 
     </span>
     <span class='ocr_line' id='line_1_7' title="bbox 204 819 1437 912; baseline -0.003 -22"><span class='ocrx_word' id='word_1_48' title='bbox 204 823 351 892; x_wconf 85' lang='lat' dir='ltr'><strong>subnixe</strong></span> <span class='ocrx_word' id='word_1_49' title='bbox 368 821 546 910; x_wconf 89' lang='lat' dir='ltr'><strong>postulans</strong></span> <span class='ocrx_word' id='word_1_50' title='bbox 559 822 635 908; x_wconf 88' lang='lat' dir='ltr'><strong>ejus</strong></span> <span class='ocrx_word' id='word_1_51' title='bbox 652 843 688 890; x_wconf 89' lang='lat' dir='ltr'><strong>se</strong></span> <span class='ocrx_word' id='word_1_52' title='bbox 706 822 866 911; x_wconf 89' lang='lat' dir='ltr'><strong>precibus</strong></span> <span class='ocrx_word' id='word_1_53' title='bbox 883 823 1051 912; x_wconf 83' lang='lat' dir='ltr'><strong>adjuvari.</strong></span> <span class='ocrx_word' id='word_1_54' title='bbox 1070 823 1129 895; x_wconf 90' lang='lat' dir='ltr'><strong>Cui</strong></span> <span class='ocrx_word' id='word_1_55' title='bbox 1152 823 1202 891; x_wconf 90' lang='lat' dir='ltr'><strong>vir</strong></span> <span class='ocrx_word' id='word_1_56' title='bbox 1215 821 1292 890; x_wconf 87' lang='lat' dir='ltr'><strong>Dei:</strong></span> <span class='ocrx_word' id='word_1_57' title='bbox 1310 819 1437 895; x_wconf 87' lang='lat' dir='ltr'><strong>«Credis,</strong></span> 
     </span>
     <span class='ocr_line' id='line_1_8' title="bbox 204 909 1439 997; baseline -0.005 -19"><span class='ocrx_word' id='word_1_58' title='bbox 204 909 328 997; x_wconf 87' lang='lat' dir='ltr'><strong>inquit,</strong></span> <span class='ocrx_word' id='word_1_59' title='bbox 349 911 382 978; x_wconf 94' lang='lat' dir='ltr'><strong>in</strong></span> <span class='ocrx_word' id='word_1_60' title='bbox 404 912 585 980; x_wconf 84' lang='lat' dir='ltr'><strong>bominum</strong></span> <span class='ocrx_word' id='word_1_61' title='bbox 601 916 718 981; x_wconf 91' lang='lat' dir='ltr'><strong>Jesum</strong></span> <span class='ocrx_word' id='word_1_62' title='bbox 733 911 904 981; x_wconf 79' lang='lat' dir='ltr'><strong>Christum</strong></span> <span class='ocrx_word' id='word_1_63' title='bbox 933 913 987 979; x_wconf 84' lang='lat' dir='ltr'><strong>[tei</strong></span> <span class='ocrx_word' id='word_1_64' title='bbox 1008 910 1173 980; x_wconf 83' lang='lat' dir='ltr'><strong>hlium‘tv</strong></span> <span class='ocrx_word' id='word_1_65' title='bbox 1190 915 1313 981; x_wconf 87' lang='lat' dir='ltr'><strong>Caecus</strong></span> <span class='ocrx_word' id='word_1_66' title='bbox 1329 928 1439 996; x_wconf 88' lang='lat' dir='ltr'><strong>respon·</strong></span> 
     </span>
     <span class='ocr_line' id='line_1_9' title="bbox 204 997 1441 1084; baseline -0.004 -18"><span class='ocrx_word' id='word_1_67' title='bbox 204 997 274 1067; x_wconf 92' lang='lat' dir='ltr'><strong>dit:</strong></span> <span class='ocrx_word' id='word_1_68' title='bbox 298 999 444 1078; x_wconf 76' lang='lat' dir='ltr'><strong>«Credo,</strong></span> <span class='ocrx_word' id='word_1_69' title='bbox 464 1011 596 1068; x_wconf 90' lang='lat' dir='ltr'><strong>tantum</strong></span> <span class='ocrx_word' id='word_1_70' title='bbox 609 997 851 1069; x_wconf 90' lang='lat' dir='ltr'><strong>illuminentur</strong></span> <span class='ocrx_word' id='word_1_71' title='bbox 861 999 953 1070; x_wconf 91' lang='lat' dir='ltr'><strong>oculi</strong></span> <span class='ocrx_word' id='word_1_72' title='bbox 976 1001 1087 1068; x_wconf 89' lang='lat' dir='ltr'><strong>mei.»</strong></span> <span class='ocrx_word' id='word_1_73' title='bbox 1109 1000 1345 1070; x_wconf 85' lang='lat' dir='ltr'><strong>sanctissimus</strong></span> <span class='ocrx_word' id='word_1_74' title='bbox 1358 1001 1441 1084; x_wconf 82' lang='lat' dir='ltr'><strong>Syrus</strong></span> 
     </span>
     <span class='ocr_line' id='line_1_10' title="bbox 205 1083 1440 1178; baseline -0.005 -22"><span class='ocrx_word' id='word_1_75' title='bbox 205 1086 290 1157; x_wconf 83' lang='lat' dir='ltr'><strong>dixit</strong></span> <span class='ocrx_word' id='word_1_76' title='bbox 307 1113 314 1154; x_wconf 91' lang='lat'><strong>:</strong></span> <span class='ocrx_word' id='word_1_77' title='bbox 342 1089 408 1156; x_wconf 89' lang='lat' dir='ltr'><strong>«Si</strong></span> <span class='ocrx_word' id='word_1_78' title='bbox 421 1109 461 1157; x_wconf 81' lang='lat' dir='ltr'><strong>ex</strong></span> <span class='ocrx_word' id='word_1_79' title='bbox 482 1088 662 1157; x_wconf 86' lang='lat' dir='ltr'><strong>totocorde</strong></span> <span class='ocrx_word' id='word_1_80' title='bbox 677 1089 800 1168; x_wconf 90' lang='lat' dir='ltr'><strong>credis,</strong></span> <span class='ocrx_word' id='word_1_81' title='bbox 824 1089 945 1178; x_wconf 89' lang='lat' dir='ltr'><strong>ipsein</strong></span> <span class='ocrx_word' id='word_1_82' title='bbox 963 1109 1065 1175; x_wconf 89' lang='lat' dir='ltr'><strong>quern</strong></span> <span class='ocrx_word' id='word_1_83' title='bbox 1080 1087 1192 1158; x_wconf 89' lang='lat' dir='ltr'><strong>credis</strong></span> <span class='ocrx_word' id='word_1_84' title='bbox 1209 1088 1333 1178; x_wconf 90' lang='lat' dir='ltr'><strong>aperiet</strong></span> <span class='ocrx_word' id='word_1_85' title='bbox 1346 1083 1440 1154; x_wconf 92' lang='lat' dir='ltr'><strong>oculos</strong></span> 
     </span>
     <span class='ocr_line' id='line_1_11' title="bbox 206 1176 1442 1266; baseline -0.004 -22"><span class='ocrx_word' id='word_1_86' title='bbox 206 1187 344 1255; x_wconf 86' lang='lat' dir='ltr'><strong>tuos;v</strong></span> <span class='ocrx_word' id='word_1_87' title='bbox 375 1177 559 1263; x_wconf 82' lang='lat' dir='ltr'><strong>statimque</strong></span> <span class='ocrx_word' id='word_1_88' title='bbox 585 1177 764 1246; x_wconf 89' lang='lat' dir='ltr'><strong>oculorum</strong></span> <span class='ocrx_word' id='word_1_89' title='bbox 799 1199 940 1248; x_wconf 89' lang='lat' dir='ltr'><strong>suorum</strong></span> <span class='ocrx_word' id='word_1_90' title='bbox 977 1190 1135 1266; x_wconf 88' lang='lat' dir='ltr'><strong>percepto</strong></span> <span class='ocrx_word' id='word_1_91' title='bbox 1164 1176 1315 1257; x_wconf 90' lang='lat' dir='ltr'><strong>lumine,</strong></span> <span class='ocrx_word' id='word_1_92' title='bbox 1345 1192 1442 1242; x_wconf 88' lang='lat' dir='ltr'><strong>caecus</strong></span> 
     </span>
     <span class='ocr_line' id='line_1_12' title="bbox 205 1263 1442 1354; baseline -0.005 -22"><span class='ocrx_word' id='word_1_93' title='bbox 205 1266 316 1352; x_wconf 88' lang='lat' dir='ltr'><strong>coepit</strong></span> <span class='ocrx_word' id='word_1_94' title='bbox 329 1264 521 1354; x_wconf 79' lang='lat' dir='ltr'><strong>glorificare</strong></span> <span class='ocrx_word' id='word_1_95' title='bbox 536 1266 718 1334; x_wconf 86' lang='lat' dir='ltr'><strong>Dominum</strong></span> <span class='ocrx_word' id='word_1_96' title='bbox 737 1281 891 1336; x_wconf 88' lang='lat' dir='ltr'><strong>nostrum</strong></span> <span class='ocrx_word' id='word_1_97' title='bbox 908 1270 1026 1336; x_wconf 84' lang='lat' dir='ltr'><strong>tesam</strong></span> <span class='ocrx_word' id='word_1_98' title='bbox 1045 1266 1228 1346; x_wconf 81' lang='lat' dir='ltr'><strong>Christum,</strong></span> <span class='ocrx_word' id='word_1_99' title='bbox 1254 1263 1442 1352; x_wconf 77' lang='lat' dir='ltr'><strong>Unigenitum</strong></span> 
     </span>
     <span class='ocr_line' id='line_1_13' title="bbox 204 1353 1442 1443; baseline -0.006 -21"><span class='ocrx_word' id='word_1_100' title='bbox 204 1375 244 1422; x_wconf 89' lang='lat' dir='ltr'><strong>ao</strong></span> <span class='ocrx_word' id='word_1_101' title='bbox 269 1359 392 1422; x_wconf 86' lang='lat' dir='ltr'><strong>Verum</strong></span> <span class='ocrx_word' id='word_1_102' title='bbox 419 1353 540 1422; x_wconf 86' lang='lat' dir='ltr'><strong>Filium</strong></span> <span class='ocrx_word' id='word_1_103' title='bbox 569 1354 652 1434; x_wconf 77' lang='lat' dir='ltr'><strong>[tei3</strong></span> <span class='ocrx_word' id='word_1_104' title='bbox 685 1355 944 1443; x_wconf 82' lang='lat' dir='ltr'><strong>baptizatusque</strong></span> <span class='ocrx_word' id='word_1_105' title='bbox 967 1377 1048 1424; x_wconf 91' lang='lat' dir='ltr'><strong>cum</strong></span> <span class='ocrx_word' id='word_1_106' title='bbox 1079 1356 1174 1424; x_wconf 91' lang='lat' dir='ltr'><strong>omni</strong></span> <span class='ocrx_word' id='word_1_107' title='bbox 1206 1353 1308 1424; x_wconf 92' lang='lat' dir='ltr'><strong>domo</strong></span> <span class='ocrx_word' id='word_1_108' title='bbox 1334 1373 1389 1422; x_wconf 90' lang='lat' dir='ltr'><strong>sua</strong></span> <span class='ocrx_word' id='word_1_109' title='bbox 1414 1369 1442 1416; x_wconf 89' lang='lat' dir='ltr'><strong>ac</strong></span> 
     </span>
     <span class='ocr_line' id='line_1_14' title="bbox 206 1441 1444 1534; baseline -0.002 -24"><span class='ocrx_word' id='word_1_110' title='bbox 206 1441 427 1512; x_wconf 89' lang='lat' dir='ltr'><strong>multitudine</strong></span> <span class='ocrx_word' id='word_1_111' title='bbox 452 1443 612 1524; x_wconf 83' lang='lat' dir='ltr'><strong>maxima,</strong></span> <span class='ocrx_word' id='word_1_112' title='bbox 642 1445 830 1532; x_wconf 78' lang='lat' dir='ltr'><strong>permansit</strong></span> <span class='ocrx_word' id='word_1_113' title='bbox 849 1445 882 1512; x_wconf 95' lang='lat' dir='ltr'><strong>in</strong></span> <span class='ocrx_word' id='word_1_114' title='bbox 908 1441 977 1514; x_wconf 85' lang='lat' dir='ltr'><strong>fide</strong></span> <span class='ocrx_word' id='word_1_115' title='bbox 994 1443 1128 1513; x_wconf 86' lang='lat' dir='ltr'><strong>Christi.</strong></span> <span class='ocrx_word' id='word_1_116' title='bbox 1157 1443 1316 1529; x_wconf 77' lang='lat' dir='ltr'><strong>Sequenti</strong></span> <span class='ocrx_word' id='word_1_117' title='bbox 1334 1455 1444 1534; x_wconf 78' lang='lat' dir='ltr'><strong>quoque</strong></span> 
     </span>
     <span class='ocr_line' id='line_1_15' title="bbox 204 1529 1445 1620; baseline -0.006 -22"><span class='ocrx_word' id='word_1_118' title='bbox 204 1529 367 1600; x_wconf 86' lang='lat' dir='ltr'><strong>dicdum</strong></span> <span class='ocrx_word' id='word_1_119' title='bbox 393 1532 531 1620; x_wconf 84' lang='lat' dir='ltr'><strong>Papiam</strong></span> <span class='ocrx_word' id='word_1_120' title='bbox 558 1544 803 1611; x_wconf 83' lang='lat' dir='ltr'><strong>reverteretur,</strong></span> <span class='ocrx_word' id='word_1_121' title='bbox 833 1532 932 1602; x_wconf 87' lang='lat' dir='ltr'><strong>multi</strong></span> <span class='ocrx_word' id='word_1_122' title='bbox 956 1553 1034 1602; x_wconf 88' lang='lat' dir='ltr'><strong>eum</strong></span> <span class='ocrx_word' id='word_1_123' title='bbox 1054 1587 1061 1611; x_wconf 90' lang='lat'><strong>,</strong></span> <span class='ocrx_word' id='word_1_124' title='bbox 1089 1548 1208 1602; x_wconf 89' lang='lat' dir='ltr'><strong>sancta</strong></span> <span class='ocrx_word' id='word_1_125' title='bbox 1238 1533 1314 1619; x_wconf 88' lang='lat' dir='ltr'><strong>ejus</strong></span> <span class='ocrx_word' id='word_1_126' title='bbox 1336 1529 1445 1612; x_wconf 86' lang='lat' dir='ltr'><strong>eloquia</strong></span> 
     </span>
     <span class='ocr_line' id='line_1_16' title="bbox 205 1611 1444 1718; baseline -0.002 -32"><span class='ocrx_word' id='word_1_127' title='bbox 205 1617 411 1718; x_wconf 82' lang='lat' dir='ltr'><strong>diligentes,</strong></span> <span class='ocrx_word' id='word_1_128' title='bbox 445 1621 552 1690; x_wconf 90' lang='lat' dir='ltr'><strong>secuti</strong></span> <span class='ocrx_word' id='word_1_129' title='bbox 585 1635 689 1699; x_wconf 90' lang='lat' dir='ltr'><strong>sunt;</strong></span> <span class='ocrx_word' id='word_1_130' title='bbox 722 1619 851 1706; x_wconf 83' lang='lat' dir='ltr'><strong>quique</strong></span> <span class='ocrx_word' id='word_1_131' title='bbox 885 1621 1006 1690; x_wconf 87' lang='lat' dir='ltr'><strong>morati</strong></span> <span class='ocrx_word' id='word_1_132' title='bbox 1037 1620 1160 1690; x_wconf 90' lang='lat' dir='ltr'><strong>diebus</strong></span> <span class='ocrx_word' id='word_1_133' title='bbox 1194 1619 1353 1708; x_wconf 90' lang='lat' dir='ltr'><strong>plurimis</strong></span> <span class='ocrx_word' id='word_1_134' title='bbox 1373 1611 1444 1708; x_wconf 86' lang='lat' dir='ltr'><strong>apud</strong></span> 
     </span>
     <span class='ocr_line' id='line_1_17' title="bbox 205 1707 1444 1798; baseline -0.006 -24"><span class='ocrx_word' id='word_1_135' title='bbox 205 1729 335 1796; x_wconf 86' lang='lat' dir='ltr'><strong>ipsum,</strong></span> <span class='ocrx_word' id='word_1_136' title='bbox 352 1707 615 1778; x_wconf 78' lang='lat' dir='ltr'><strong>fundamentum</strong></span> <span class='ocrx_word' id='word_1_137' title='bbox 633 1729 729 1778; x_wconf 91' lang='lat' dir='ltr'><strong>verae</strong></span> <span class='ocrx_word' id='word_1_138' title='bbox 753 1708 834 1780; x_wconf 88' lang='lat' dir='ltr'><strong>lidei</strong></span> <span class='ocrx_word' id='word_1_139' title='bbox 856 1722 1091 1798; x_wconf 85' lang='lat' dir='ltr'><strong>perceperunt.</strong></span> <span class='ocrx_word' id='word_1_140' title='bbox 1119 1709 1212 1778; x_wconf 92' lang='lat' dir='ltr'><strong>Cives</strong></span> <span class='ocrx_word' id='word_1_141' title='bbox 1233 1723 1345 1779; x_wconf 90' lang='lat' dir='ltr'><strong>autem</strong></span> <span class='ocrx_word' id='word_1_142' title='bbox 1360 1713 1444 1776; x_wconf 88' lang='lat' dir='ltr'><strong>sancti</strong></span> 
     </span>
     <span class='ocr_line' id='line_1_18' title="bbox 205 1795 1445 1886; baseline -0.002 -25"><span class='ocrx_word' id='word_1_143' title='bbox 205 1795 270 1864; x_wconf 91' lang='lat' dir='ltr'><strong>viri</strong></span> <span class='ocrx_word' id='word_1_144' title='bbox 293 1819 332 1866; x_wconf 92' lang='lat' dir='ltr'><strong>co</strong></span> <span class='ocrx_word' id='word_1_145' title='bbox 360 1812 536 1868; x_wconf 88' lang='lat' dir='ltr'><strong>noscentes</strong></span> <span class='ocrx_word' id='word_1_146' title='bbox 560 1817 766 1886; x_wconf 81' lang='lat' dir='ltr'><strong>regressum,</strong></span> <span class='ocrx_word' id='word_1_147' title='bbox 792 1809 825 1868; x_wconf 88' lang='lat' dir='ltr'><strong>ct</strong></span> <span class='ocrx_word' id='word_1_148' title='bbox 850 1797 1021 1868; x_wconf 87' lang='lat' dir='ltr'><strong>mirabilia</strong></span> <span class='ocrx_word' id='word_1_149' title='bbox 1036 1819 1124 1884; x_wconf 86' lang='lat' dir='ltr'><strong>quae</strong></span> <span class='ocrx_word' id='word_1_150' title='bbox 1140 1799 1174 1865; x_wconf 94' lang='lat' dir='ltr'><strong>in</strong></span> <span class='ocrx_word' id='word_1_151' title='bbox 1194 1796 1384 1866; x_wconf 87' lang='lat' dir='ltr'><strong>memoratis</strong></span> <span class='ocrx_word' id='word_1_152' title='bbox 1404 1811 1445 1858; x_wconf 87' lang='lat' dir='ltr'><strong>ur·</strong></span> 
     </span>
     <span class='ocr_line' id='line_1_19' title="bbox 204 1819 1476 1992; baseline -0.006 -38"><span class='ocrx_word' id='word_1_153' title='bbox 204 1883 307 1954; x_wconf 91' lang='lat' dir='ltr'><strong>bibus</strong></span> <span class='ocrx_word' id='word_1_154' title='bbox 331 1819 476 1964; x_wconf 60' lang='lat' dir='ltr'><strong>decorat,</strong></span> <span class='ocrx_word' id='word_1_155' title='bbox 503 1899 665 1956; x_wconf 80' lang='lat' dir='ltr'><strong>exeuntes</strong></span> <span class='ocrx_word' id='word_1_156' title='bbox 687 1885 822 1956; x_wconf 91' lang='lat' dir='ltr'><strong>obviam</strong></span> <span class='ocrx_word' id='word_1_157' title='bbox 849 1899 916 1956; x_wconf 89' lang='lat' dir='ltr'><strong>tam</strong></span> <span class='ocrx_word' id='word_1_158' title='bbox 944 1887 1007 1956; x_wconf 90' lang='lat' dir='ltr'><strong>viri</strong></span> <span class='ocrx_word' id='word_1_159' title='bbox 1031 1907 1135 1972; x_wconf 93' lang='lat' dir='ltr'><strong>quam</strong></span> <span class='ocrx_word' id='word_1_160' title='bbox 1162 1885 1331 1956; x_wconf 84' lang='lat' dir='ltr'><strong>foeminae</strong></span> <span class='ocrx_word' id='word_1_161' title='bbox 1352 1879 1446 1952; x_wconf 88' lang='lat' dir='ltr'><strong>lauda·</strong></span> <span class='ocrx_word' id='word_1_162' title='bbox 1475 1913 1476 1992; x_wconf 46' lang='lat' dir='ltr'><strong>q</strong></span> 
     </span>
    </p>

    <p class='ocr_par' dir='ltr' id='par_1_4' title="bbox 203 1973 1476 2065">
     <span class='ocr_line' id='line_1_20' title="bbox 203 1973 1476 2065; baseline -0.008 -21"><span class='ocrx_word' id='word_1_163' title='bbox 203 1973 287 2044; x_wconf 87' lang='lat' dir='ltr'><strong>bant</strong></span> <span class='ocrx_word' id='word_1_164' title='bbox 302 1985 335 2043; x_wconf 87' lang='lat' dir='ltr'><strong>et</strong></span> <span class='ocrx_word' id='word_1_165' title='bbox 353 1974 593 2064; x_wconf 81' lang='lat' dir='ltr'><strong>glorificabant</strong></span> <span class='ocrx_word' id='word_1_166' title='bbox 619 1979 734 2054; x_wconf 79' lang='lat' dir='ltr'><strong>[teum.</strong></span> <span class='ocrx_word' id='word_1_167' title='bbox 761 1975 820 2061; x_wconf 92' lang='lat' dir='ltr'><strong>qui</strong></span> <span class='ocrx_word' id='word_1_168' title='bbox 844 1975 894 2045; x_wconf 88' lang='lat' dir='ltr'><strong>eis</strong></span> <span class='ocrx_word' id='word_1_169' title='bbox 920 1975 1020 2045; x_wconf 87' lang='lat' dir='ltr'><strong>talem</strong></span> <span class='ocrx_word' id='word_1_170' title='bbox 1038 1989 1070 2044; x_wconf 91' lang='lat' dir='ltr'><strong>et</strong></span> <span class='ocrx_word' id='word_1_171' title='bbox 1085 1989 1217 2044; x_wconf 91' lang='lat' dir='ltr'><strong>tantum</strong></span> <span class='ocrx_word' id='word_1_172' title='bbox 1244 1974 1446 2065; x_wconf 84' lang='lat' dir='ltr'><strong>dignatusest</strong></span> <span class='ocrx_word' id='word_1_173' title='bbox 1475 1999 1476 2028; x_wconf 56' lang='lat' dir='ltr'><strong>i</strong></span> 
     </span>
    </p>

    <p class='ocr_par' dir='ltr' id='par_1_5' title="bbox 160 2057 1476 2252">
     <span class='ocr_line' id='line_1_21' title="bbox 203 2057 1476 2152; baseline -0.006 -22"><span class='ocrx_word' id='word_1_174' title='bbox 203 2066 335 2132; x_wconf 85' lang='lat' dir='ltr'><strong>Patrem</strong></span> <span class='ocrx_word' id='word_1_175' title='bbox 361 2063 558 2132; x_wconf 87' lang='lat' dir='ltr'><strong>concedere.</strong></span> <span class='ocrx_word' id='word_1_176' title='bbox 586 2067 767 2134; x_wconf 86' lang='lat' dir='ltr'><strong>Revertens</strong></span> <span class='ocrx_word' id='word_1_177' title='bbox 791 2077 904 2134; x_wconf 89' lang='lat' dir='ltr'><strong>autem</strong></span> <span class='ocrx_word' id='word_1_178' title='bbox 921 2064 962 2133; x_wconf 93' lang='lat' dir='ltr'><strong>ad</strong></span> <span class='ocrx_word' id='word_1_179' title='bbox 984 2065 1141 2152; x_wconf 87' lang='lat' dir='ltr'><strong>propriae</strong></span> <span class='ocrx_word' id='word_1_180' title='bbox 1160 2061 1346 2132; x_wconf 81' lang='lat' dir='ltr'><strong>functionis</strong></span> <span class='ocrx_word' id='word_1_181' title='bbox 1360 2057 1446 2128; x_wconf 89' lang='lat' dir='ltr'><strong>catha·</strong></span> <span class='ocrx_word' id='word_1_182' title='bbox 1475 2117 1476 2134; x_wconf 74' lang='lat'><strong>,</strong></span> 
     </span>
     <span class='ocr_line' id='line_1_22' title="bbox 160 2149 1447 2252; baseline -0.005 -34"><span class='ocrx_word' id='word_1_183' title='bbox 160 2229 166 2242; x_wconf 28' lang='grc' dir='ltr'>ι</span> <span class='ocrx_word' id='word_1_184' title='bbox 204 2149 316 2230; x_wconf 90' lang='lat' dir='ltr'><strong>dram,</strong></span> <span class='ocrx_word' id='word_1_185' title='bbox 342 2152 519 2221; x_wconf 85' lang='lat' dir='ltr'><strong>accersivit</strong></span> <span class='ocrx_word' id='word_1_186' title='bbox 545 2151 585 2220; x_wconf 93' lang='lat' dir='ltr'><strong>ad</strong></span> <span class='ocrx_word' id='word_1_187' title='bbox 612 2173 648 2222; x_wconf 88' lang='lat' dir='ltr'><strong>se</strong></span> <span class='ocrx_word' id='word_1_188' title='bbox 671 2151 981 2252; x_wconf 89' lang='lat' dir='ltr'><strong>prudentissimum</strong></span> <span class='ocrx_word' id='word_1_189' title='bbox 1008 2153 1117 2222; x_wconf 89' lang='lat' dir='ltr'><strong>virum</strong></span> <span class='ocrx_word' id='word_1_190' title='bbox 1143 2151 1338 2222; x_wconf 90' lang='lat' dir='ltr'><strong>Iventium:</strong></span> <span class='ocrx_word' id='word_1_191' title='bbox 1364 2150 1447 2242; x_wconf 76' lang='lat' dir='ltr'><strong>«lton</strong></span> 
     </span>
    </p>

    <p class='ocr_par' dir='ltr' id='par_1_6' title="bbox 205 2233 1476 2330">
     <span class='ocr_line' id='line_1_23' title="bbox 205 2233 1476 2330; baseline -0.006 -22"><span class='ocrx_word' id='word_1_192' title='bbox 205 2251 237 2310; x_wconf 88' lang='lat' dir='ltr'><strong>te</strong></span> <span class='ocrx_word' id='word_1_193' title='bbox 261 2239 373 2321; x_wconf 87' lang='lat' dir='ltr'><strong>lateat,</strong></span> <span class='ocrx_word' id='word_1_194' title='bbox 399 2241 457 2319; x_wconf 89' lang='lat' dir='ltr'><strong>ait,</strong></span> <span class='ocrx_word' id='word_1_195' title='bbox 486 2239 535 2310; x_wconf 88' lang='lat' dir='ltr'><strong>lili</strong></span> <span class='ocrx_word' id='word_1_196' title='bbox 558 2241 748 2320; x_wconf 85' lang='lat' dir='ltr'><strong>carissime,</strong></span> <span class='ocrx_word' id='word_1_197' title='bbox 777 2241 912 2310; x_wconf 90' lang='lat' dir='ltr'><strong>tertium</strong></span> <span class='ocrx_word' id='word_1_198' title='bbox 940 2253 971 2310; x_wconf 92' lang='lat' dir='ltr'><strong>te</strong></span> <span class='ocrx_word' id='word_1_199' title='bbox 994 2253 1071 2329; x_wconf 87' lang='lat' dir='ltr'><strong>post</strong></span> <span class='ocrx_word' id='word_1_200' title='bbox 1095 2263 1149 2311; x_wconf 89' lang='lat' dir='ltr'><strong>me</strong></span> <span class='ocrx_word' id='word_1_201' title='bbox 1172 2240 1214 2310; x_wconf 90' lang='lat' dir='ltr'><strong>ad</strong></span> <span class='ocrx_word' id='word_1_202' title='bbox 1242 2240 1347 2328; x_wconf 87' lang='lat' dir='ltr'><strong>hujus</strong></span> <span class='ocrx_word' id='word_1_203' title='bbox 1368 2233 1448 2304; x_wconf 85' lang='lat' dir='ltr'><strong>ollicu</strong></span> <span class='ocrx_word' id='word_1_204' title='bbox 1475 2279 1476 2330; x_wconf 58' lang='lat' dir='ltr'><strong>t</strong></span> 
     </span>
    </p>

    <p class='ocr_par' dir='ltr' id='par_1_7' title="bbox 205 2327 1449 2429">
     <span class='ocr_line' id='line_1_24' title="bbox 205 2327 1449 2429; baseline -0.002 -33"><span class='ocrx_word' id='word_1_205' title='bbox 205 2327 370 2398; x_wconf 89' lang='lat' dir='ltr'><strong>honorem</strong></span> <span class='ocrx_word' id='word_1_206' title='bbox 396 2327 598 2429; x_wconf 76' lang='lat' dir='ltr'><strong>pertingere.</strong></span> <span class='ocrx_word' id='word_1_207' title='bbox 626 2327 819 2398; x_wconf 87' lang='lat' dir='ltr'><strong>Conlortare</strong></span> <span class='ocrx_word' id='word_1_208' title='bbox 842 2342 875 2398; x_wconf 90' lang='lat' dir='ltr'><strong>et</strong></span> <span class='ocrx_word' id='word_1_209' title='bbox 900 2328 1041 2400; x_wconf 88' lang='lat' dir='ltr'><strong>viriliter</strong></span> <span class='ocrx_word' id='word_1_210' title='bbox 1057 2350 1130 2419; x_wconf 84' lang='lat' dir='ltr'><strong>age,</strong></span> <span class='ocrx_word' id='word_1_211' title='bbox 1152 2349 1193 2398; x_wconf 90' lang='lat' dir='ltr'><strong>ne</strong></span> <span class='ocrx_word' id='word_1_212' title='bbox 1211 2339 1333 2398; x_wconf 87' lang='lat' dir='ltr'><strong>terreat</strong></span> <span class='ocrx_word' id='word_1_213' title='bbox 1349 2338 1377 2396; x_wconf 91' lang='lat' dir='ltr'><strong>te</strong></span> <span class='ocrx_word' id='word_1_214' title='bbox 1395 2341 1449 2420; x_wconf 74' lang='lat' dir='ltr'><strong>per·</strong></span> 
     </span>
    </p>

    <p class='ocr_par' dir='ltr' id='par_1_8' title="bbox 206 2413 1449 2504">
     <span class='ocr_line' id='line_1_25' title="bbox 206 2413 1449 2504; baseline -0.01 -18"><span class='ocrx_word' id='word_1_215' title='bbox 206 2415 419 2486; x_wconf 87' lang='lat' dir='ltr'><strong>turbantium</strong></span> <span class='ocrx_word' id='word_1_216' title='bbox 452 2419 590 2499; x_wconf 90' lang='lat' dir='ltr'><strong>rabras;</strong></span> <span class='ocrx_word' id='word_1_217' title='bbox 612 2439 630 2482; x_wconf 84' lang='lat' dir='ltr'><strong>v</strong></span> <span class='ocrx_word' id='word_1_218' title='bbox 654 2417 913 2504; x_wconf 89' lang='lat' dir='ltr'><strong>admonensque</strong></span> <span class='ocrx_word' id='word_1_219' title='bbox 935 2439 1014 2488; x_wconf 90' lang='lat' dir='ltr'><strong>eum</strong></span> <span class='ocrx_word' id='word_1_220' title='bbox 1040 2417 1083 2487; x_wconf 93' lang='lat' dir='ltr'><strong>de</strong></span> <span class='ocrx_word' id='word_1_221' title='bbox 1115 2417 1288 2488; x_wconf 86' lang='lat' dir='ltr'><strong>universis</strong></span> <span class='ocrx_word' id='word_1_222' title='bbox 1313 2413 1449 2486; x_wconf 84' lang='lat' dir='ltr'><strong>ecelesiae</strong></span> 
     </span>
    </p>

    <p class='ocr_par' dir='ltr' id='par_1_9' title="bbox 204 2499 1476 2596">
     <span class='ocr_line' id='line_1_26' title="bbox 204 2499 1476 2596; baseline -0.009 -22"><span class='ocrx_word' id='word_1_223' title='bbox 204 2505 300 2574; x_wconf 88' lang='lat' dir='ltr'><strong>sticis</strong></span> <span class='ocrx_word' id='word_1_224' title='bbox 329 2504 547 2595; x_wconf 90' lang='lat' dir='ltr'><strong>disciplinis,</strong></span> <span class='ocrx_word' id='word_1_225' title='bbox 576 2507 735 2596; x_wconf 81' lang='lat' dir='ltr'><strong>migravit</strong></span> <span class='ocrx_word' id='word_1_226' title='bbox 758 2505 800 2576; x_wconf 86' lang='lat' dir='ltr'><strong>ad</strong></span> <span class='ocrx_word' id='word_1_227' title='bbox 826 2506 1030 2587; x_wconf 90' lang='lat' dir='ltr'><strong>Dominum,</strong></span> <span class='ocrx_word' id='word_1_228' title='bbox 1056 2505 1198 2596; x_wconf 85' lang='lat' dir='ltr'><strong>expletis</strong></span> <span class='ocrx_word' id='word_1_229' title='bbox 1221 2517 1365 2578; x_wconf 84' lang='lat' dir='ltr'><strong>cunctae</strong></span> <span class='ocrx_word' id='word_1_230' title='bbox 1386 2499 1449 2566; x_wconf 86' lang='lat' dir='ltr'><strong>vita·</strong></span> <span class='ocrx_word' id='word_1_231' title='bbox 1475 2537 1476 2582; x_wconf 69' lang='lat'><strong>,</strong></span> 
     </span>
    </p>

    <p class='ocr_par' dir='ltr' id='par_1_10' title="bbox 206 2592 1476 2686">
     <span class='ocr_line' id='line_1_27' title="bbox 206 2592 1476 2686; baseline -0.006 -24"><span class='ocrx_word' id='word_1_232' title='bbox 206 2614 288 2662; x_wconf 86' lang='lat' dir='ltr'><strong>suae</strong></span> <span class='ocrx_word' id='word_1_233' title='bbox 303 2607 378 2663; x_wconf 87' lang='lat' dir='ltr'><strong>octo</strong></span> <span class='ocrx_word' id='word_1_234' title='bbox 393 2592 689 2664; x_wconf 91' lang='lat' dir='ltr'><strong>hebdomadarum</strong></span> <span class='ocrx_word' id='word_1_235' title='bbox 714 2595 898 2685; x_wconf 82' lang='lat' dir='ltr'><strong>geminatis</strong></span> <span class='ocrx_word' id='word_1_236' title='bbox 922 2593 1132 2666; x_wconf 79' lang='lat' dir='ltr'><strong>recursibus.</strong></span> <span class='ocrx_word' id='word_1_237' title='bbox 1155 2595 1260 2684; x_wconf 89' lang='lat' dir='ltr'><strong>Cujus</strong></span> <span class='ocrx_word' id='word_1_238' title='bbox 1275 2592 1379 2664; x_wconf 89' lang='lat' dir='ltr'><strong>sancti</strong></span> <span class='ocrx_word' id='word_1_239' title='bbox 1397 2607 1451 2686; x_wconf 82' lang='lat' dir='ltr'><strong>eor·</strong></span> <span class='ocrx_word' id='word_1_240' title='bbox 1475 2595 1476 2598; x_wconf 76' lang='grc'>’</span> 
     </span>
    </p>

    <p class='ocr_par' dir='ltr' id='par_1_11' title="bbox 205 2673 1451 2773">
     <span class='ocr_line' id='line_1_28' title="bbox 205 2673 1451 2773; baseline -0.01 -21"><span class='ocrx_word' id='word_1_241' title='bbox 205 2682 299 2769; x_wconf 87' lang='lat' dir='ltr'><strong>poris</strong></span> <span class='ocrx_word' id='word_1_242' title='bbox 323 2681 486 2770; x_wconf 86' lang='lat' dir='ltr'><strong>reliquias</strong></span> <span class='ocrx_word' id='word_1_243' title='bbox 510 2697 699 2752; x_wconf 89' lang='lat' dir='ltr'><strong>conventus</strong></span> <span class='ocrx_word' id='word_1_244' title='bbox 724 2682 877 2753; x_wconf 88' lang='lat' dir='ltr'><strong>fidelium</strong></span> <span class='ocrx_word' id='word_1_245' title='bbox 905 2681 1136 2773; x_wconf 83' lang='lat' dir='ltr'><strong>populorum,</strong></span> <span class='ocrx_word' id='word_1_246' title='bbox 1158 2705 1245 2771; x_wconf 91' lang='lat' dir='ltr'><strong>quos</strong></span> <span class='ocrx_word' id='word_1_247' title='bbox 1271 2673 1451 2753; x_wconf 81' lang='lat' dir='ltr'><strong>venerabilis</strong></span> 
     </span>
    </p>

    <p class='ocr_par' dir='ltr' id='par_1_12' title="bbox 204 2769 1452 2871">
     <span class='ocr_line' id='line_1_29' title="bbox 204 2769 1452 2871; baseline -0.002 -33"><span class='ocrx_word' id='word_1_248' title='bbox 204 2774 302 2840; x_wconf 90' lang='lat' dir='ltr'><strong>Pater</strong></span> <span class='ocrx_word' id='word_1_249' title='bbox 326 2769 578 2871; x_wconf 86' lang='lat' dir='ltr'><strong>praedicatione</strong></span> <span class='ocrx_word' id='word_1_250' title='bbox 602 2793 666 2842; x_wconf 90' lang='lat' dir='ltr'><strong>sua</strong></span> <span class='ocrx_word' id='word_1_251' title='bbox 691 2772 834 2842; x_wconf 84' lang='lat' dir='ltr'><strong>Domino</strong></span> <span class='ocrx_word' id='word_1_252' title='bbox 852 2772 1044 2860; x_wconf 88' lang='lat' dir='ltr'><strong>acquisivit,</strong></span> <span class='ocrx_word' id='word_1_253' title='bbox 1064 2793 1144 2842; x_wconf 90' lang='lat' dir='ltr'><strong>cum</strong></span> <span class='ocrx_word' id='word_1_254' title='bbox 1162 2770 1452 2865; x_wconf 83' lang='lat' dir='ltr'><strong>sacerdotalicoetu</strong></span> 
     </span>
    </p>

    <p class='ocr_par' dir='ltr' id='par_1_13' title="bbox 204 2859 1454 2951">
     <span class='ocr_line' id='line_1_30' title="bbox 204 2859 1454 2951; baseline -0.004 -25"><span class='ocrx_word' id='word_1_255' title='bbox 204 2871 238 2926; x_wconf 88' lang='lat' dir='ltr'><strong>et</strong></span> <span class='ocrx_word' id='word_1_256' title='bbox 260 2879 359 2948; x_wconf 87' lang='lat' dir='ltr'><strong>copia</strong></span> <span class='ocrx_word' id='word_1_257' title='bbox 382 2859 599 2940; x_wconf 89' lang='lat' dir='ltr'><strong>clericorum,</strong></span> <span class='ocrx_word' id='word_1_258' title='bbox 626 2861 660 2928; x_wconf 94' lang='lat' dir='ltr'><strong>in</strong></span> <span class='ocrx_word' id='word_1_259' title='bbox 687 2860 829 2930; x_wconf 87' lang='lat' dir='ltr'><strong>basilica</strong></span> <span class='ocrx_word' id='word_1_260' title='bbox 853 2874 1050 2931; x_wconf 85' lang='lat' dir='ltr'><strong>sauctorum</strong></span> <span class='ocrx_word' id='word_1_261' title='bbox 1076 2865 1265 2950; x_wconf 78' lang='lat' dir='ltr'><strong>Martyrum</strong></span> <span class='ocrx_word' id='word_1_262' title='bbox 1291 2859 1454 2951; x_wconf 81' lang='lat' dir='ltr'><strong>Protasuet</strong></span> 
     </span>
    </p>

    <p class='ocr_par' dir='ltr' id='par_1_14' title="bbox 206 2940 1453 3037">
     <span class='ocr_line' id='line_1_31' title="bbox 206 2940 1453 3037; baseline -0.01 -19"><span class='ocrx_word' id='word_1_263' title='bbox 206 2948 370 3028; x_wconf 82' lang='lat' dir='ltr'><strong>Cervasii,</strong></span> <span class='ocrx_word' id='word_1_264' title='bbox 396 2969 499 3034; x_wconf 92' lang='lat' dir='ltr'><strong>quam</strong></span> <span class='ocrx_word' id='word_1_265' title='bbox 526 2951 600 3037; x_wconf 90' lang='lat' dir='ltr'><strong>ipse</strong></span> <span class='ocrx_word' id='word_1_266' title='bbox 623 2961 870 3030; x_wconf 85' lang='lat' dir='ltr'><strong>constmxerat,</strong></span> <span class='ocrx_word' id='word_1_267' title='bbox 896 2949 1011 3020; x_wconf 91' lang='lat' dir='ltr'><strong>debito</strong></span> <span class='ocrx_word' id='word_1_268' title='bbox 1036 2948 1164 3020; x_wconf 92' lang='lat' dir='ltr'><strong>honore</strong></span> <span class='ocrx_word' id='word_1_269' title='bbox 1187 2962 1220 3018; x_wconf 93' lang='lat' dir='ltr'><strong>et</strong></span> <span class='ocrx_word' id='word_1_270' title='bbox 1242 2953 1379 3018; x_wconf 85' lang='lat' dir='ltr'><strong>summa</strong></span> <span class='ocrx_word' id='word_1_271' title='bbox 1399 2940 1453 3010; x_wconf 84' lang='lat' dir='ltr'><strong>dih·</strong></span> 
     </span>
    </p>

    <p class='ocr_par' dir='ltr' id='par_1_15' title="bbox 203 3035 625 3126">
     <span class='ocr_line' id='line_1_32' title="bbox 203 3035 625 3126; baseline -0.002 -21"><span class='ocrx_word' id='word_1_272' title='bbox 203 3035 318 3126; x_wconf 76' lang='lat' dir='ltr'><strong>gentio</strong></span> <span class='ocrx_word' id='word_1_273' title='bbox 343 3035 574 3107; x_wconf 89' lang='lat' dir='ltr'><strong>condiderunt</strong></span> <span class='ocrx_word' id='word_1_274' title='bbox 596 3037 625 3104; x_wconf 78' lang='lat'><strong>⁸.</strong></span> 
     </span>
    </p>

    <p class='ocr_par' dir='ltr' id='par_1_16' title="bbox 204 3121 1476 4103">
     <span class='ocr_line' id='line_1_33' title="bbox 248 3121 1456 3216; baseline -0.01 -18"><span class='ocrx_word' id='word_1_275' title='bbox 248 3126 267 3212; x_wconf 66' lang='grc' dir='ltr'>ἐ</span> <span class='ocrx_word' id='word_1_276' title='bbox 290 3128 360 3198; x_wconf 74' lang='grc'><strong>14.</strong></span> <span class='ocrx_word' id='word_1_277' title='bbox 380 3129 457 3195; x_wconf 89' lang='lat' dir='ltr'><strong>Post</strong></span> <span class='ocrx_word' id='word_1_278' title='bbox 473 3126 573 3215; x_wconf 89' lang='lat' dir='ltr'><strong>cujus</strong></span> <span class='ocrx_word' id='word_1_279' title='bbox 597 3126 775 3196; x_wconf 83' lang='lat' dir='ltr'><strong>decessum</strong></span> <span class='ocrx_word' id='word_1_280' title='bbox 793 3125 978 3216; x_wconf 88' lang='lat' dir='ltr'><strong>Pompejus</strong></span> <span class='ocrx_word' id='word_1_281' title='bbox 991 3125 1037 3206; x_wconf 70' lang='lat'><strong>**,</strong></span> <span class='ocrx_word' id='word_1_282' title='bbox 1056 3146 1158 3212; x_wconf 91' lang='lat' dir='ltr'><strong>quem</strong></span> <span class='ocrx_word' id='word_1_283' title='bbox 1181 3126 1256 3216; x_wconf 89' lang='lat' dir='ltr'><strong>ipse</strong></span> <span class='ocrx_word' id='word_1_284' title='bbox 1271 3123 1381 3216; x_wconf 81' lang='lat' dir='ltr'><strong>gradu</strong></span> <span class='ocrx_word' id='word_1_285' title='bbox 1399 3121 1456 3190; x_wconf 84' lang='lat' dir='ltr'><strong>[tia-</strong></span> 
     </span>
     <span class='ocr_line' id='line_1_34' title="bbox 206 3210 1455 3304; baseline -0.005 -22"><span class='ocrx_word' id='word_1_286' title='bbox 206 3225 350 3283; x_wconf 90' lang='lat' dir='ltr'><strong>conatus</strong></span> <span class='ocrx_word' id='word_1_287' title='bbox 374 3212 632 3296; x_wconf 87' lang='lat' dir='ltr'><strong>sublimaverat,</strong></span> <span class='ocrx_word' id='word_1_288' title='bbox 651 3214 873 3304; x_wconf 88' lang='lat' dir='ltr'><strong>simplicitate</strong></span> <span class='ocrx_word' id='word_1_289' title='bbox 891 3228 924 3284; x_wconf 88' lang='lat' dir='ltr'><strong>ot</strong></span> <span class='ocrx_word' id='word_1_290' title='bbox 945 3214 1140 3284; x_wconf 88' lang='lat' dir='ltr'><strong>humilitate</strong></span> <span class='ocrx_word' id='word_1_291' title='bbox 1165 3213 1374 3303; x_wconf 87' lang='lat' dir='ltr'><strong>praeclarus,</strong></span> <span class='ocrx_word' id='word_1_292' title='bbox 1398 3210 1455 3297; x_wconf 85' lang='lat' dir='ltr'><strong>ejus</strong></span> 
     </span>
     <span class='ocr_line' id='line_1_35' title="bbox 205 3301 1456 3394; baseline 0 -24"><span class='ocrx_word' id='word_1_293' title='bbox 205 3301 297 3372; x_wconf 91' lang='lat' dir='ltr'><strong>sedis</strong></span> <span class='ocrx_word' id='word_1_294' title='bbox 320 3313 371 3372; x_wconf 90' lang='lat' dir='ltr'><strong>est</strong></span> <span class='ocrx_word' id='word_1_295' title='bbox 395 3301 522 3374; x_wconf 88' lang='lat' dir='ltr'><strong>inlulas</strong></span> <span class='ocrx_word' id='word_1_296' title='bbox 545 3316 740 3374; x_wconf 89' lang='lat' dir='ltr'><strong>assecutus:</strong></span> <span class='ocrx_word' id='word_1_297' title='bbox 762 3304 892 3390; x_wconf 88' lang='lat' dir='ltr'><strong>quique</strong></span> <span class='ocrx_word' id='word_1_298' title='bbox 916 3325 1044 3394; x_wconf 88' lang='lat' dir='ltr'><strong>pancos</strong></span> <span class='ocrx_word' id='word_1_299' title='bbox 1066 3317 1168 3390; x_wconf 89' lang='lat' dir='ltr'><strong>atque</strong></span> <span class='ocrx_word' id='word_1_300' title='bbox 1189 3303 1352 3393; x_wconf 87' lang='lat' dir='ltr'><strong>pacificos</strong></span> <span class='ocrx_word' id='word_1_301' title='bbox 1370 3315 1456 3394; x_wconf 72' lang='lat' dir='ltr'><strong>agens</strong></span> 
     </span>
     <span class='ocr_line' id='line_1_36' title="bbox 205 3391 1457 3481; baseline -0.007 -22"><span class='ocrx_word' id='word_1_302' title='bbox 205 3411 327 3470; x_wconf 89' lang='lat' dir='ltr'><strong>annos,</strong></span> <span class='ocrx_word' id='word_1_303' title='bbox 356 3391 517 3481; x_wconf 85' lang='lat' dir='ltr'><strong>migravit</strong></span> <span class='ocrx_word' id='word_1_304' title='bbox 541 3391 584 3462; x_wconf 89' lang='lat' dir='ltr'><strong>ad</strong></span> <span class='ocrx_word' id='word_1_305' title='bbox 609 3391 806 3462; x_wconf 85' lang='lat' dir='ltr'><strong>bominum.</strong></span> <span class='ocrx_word' id='word_1_306' title='bbox 825 3397 903 3463; x_wconf 90' lang='lat' dir='ltr'><strong>Post</strong></span> <span class='ocrx_word' id='word_1_307' title='bbox 935 3413 1037 3478; x_wconf 90' lang='lat' dir='ltr'><strong>quem</strong></span> <span class='ocrx_word' id='word_1_308' title='bbox 1071 3393 1294 3462; x_wconf 89' lang='lat' dir='ltr'><strong>beatissimus</strong></span> <span class='ocrx_word' id='word_1_309' title='bbox 1328 3395 1457 3460; x_wconf 88' lang='lat' dir='ltr'><strong>lveotrus</strong></span> 
     </span>
     <span class='ocr_line' id='line_1_37' title="bbox 204 3477 1458 3570; baseline -0.006 -22"><span class='ocrx_word' id='word_1_310' title='bbox 204 3479 289 3550; x_wconf 93' lang='lat' dir='ltr'><strong>dum</strong></span> <span class='ocrx_word' id='word_1_311' title='bbox 319 3490 488 3569; x_wconf 86' lang='lat' dir='ltr'><strong>peteretur</strong></span> <span class='ocrx_word' id='word_1_312' title='bbox 511 3480 554 3549; x_wconf 87' lang='lat' dir='ltr'><strong>ad</strong></span> <span class='ocrx_word' id='word_1_313' title='bbox 575 3480 834 3569; x_wconf 80' lang='lat' dir='ltr'><strong>suscipiendam</strong></span> <span class='ocrx_word' id='word_1_314' title='bbox 858 3501 978 3552; x_wconf 91' lang='lat' dir='ltr'><strong>curam</strong></span> <span class='ocrx_word' id='word_1_315' title='bbox 1010 3480 1193 3560; x_wconf 88' lang='lat' dir='ltr'><strong>Pontificii,</strong></span> <span class='ocrx_word' id='word_1_316' title='bbox 1215 3477 1380 3552; x_wconf 88' lang='lat' dir='ltr'><strong>occultari</strong></span> <span class='ocrx_word' id='word_1_317' title='bbox 1402 3493 1458 3570; x_wconf 79' lang='lat' dir='ltr'><strong>ma·</strong></span> 
     </span>
     <span class='ocr_line' id='line_1_38' title="bbox 205 3561 1457 3660; baseline 0 -24"><span class='ocrx_word' id='word_1_318' title='bbox 205 3566 282 3649; x_wconf 92' lang='lat' dir='ltr'><strong>luit,</strong></span> <span class='ocrx_word' id='word_1_319' title='bbox 303 3581 395 3638; x_wconf 89' lang='lat' dir='ltr'><strong>tanto</strong></span> <span class='ocrx_word' id='word_1_320' title='bbox 412 3591 447 3640; x_wconf 89' lang='lat' dir='ltr'><strong>se</strong></span> <span class='ocrx_word' id='word_1_321' title='bbox 467 3569 649 3660; x_wconf 82' lang='lat' dir='ltr'><strong>indignum</strong></span> <span class='ocrx_word' id='word_1_322' title='bbox 667 3569 796 3640; x_wconf 87' lang='lat' dir='ltr'><strong>honore</strong></span> <span class='ocrx_word' id='word_1_323' title='bbox 817 3569 986 3640; x_wconf 80' lang='lat' dir='ltr'><strong>‘udicans</strong></span> <span class='ocrx_word' id='word_1_324' title='bbox 1009 3567 1072 3638; x_wconf 89' lang='lat' dir='ltr'><strong>Sed</strong></span> <span class='ocrx_word' id='word_1_325' title='bbox 1093 3567 1268 3640; x_wconf 88' lang='lat' dir='ltr'><strong>declinare</strong></span> <span class='ocrx_word' id='word_1_326' title='bbox 1286 3589 1354 3638; x_wconf 93' lang='lat' dir='ltr'><strong>non</strong></span> <span class='ocrx_word' id='word_1_327' title='bbox 1371 3561 1457 3632; x_wconf 71' lang='lat' dir='ltr'><strong>volut</strong></span> 
     </span>
     <span class='ocr_line' id='line_1_39' title="bbox 204 3591 1459 3756; baseline 0 -31"><span class='ocrx_word' id='word_1_328' title='bbox 204 3656 415 3756; x_wconf 84' lang='lat' dir='ltr'><strong>denunciata</strong></span> <span class='ocrx_word' id='word_1_329' title='bbox 438 3657 506 3728; x_wconf 89' lang='lat' dir='ltr'><strong>sibi</strong></span> <span class='ocrx_word' id='word_1_330' title='bbox 529 3681 549 3726; x_wconf 89' lang='lat' dir='ltr'><strong>a</strong></span> <span class='ocrx_word' id='word_1_331' title='bbox 576 3662 674 3728; x_wconf 88' lang='lat' dir='ltr'><strong>Patre</strong></span> <span class='ocrx_word' id='word_1_332' title='bbox 698 3591 907 3748; x_wconf 72' lang='lat' dir='ltr'><strong>pontidealis</strong></span> <span class='ocrx_word' id='word_1_333' title='bbox 934 3657 1113 3744; x_wconf 69' lang='lat' dir='ltr'><strong>dignitatis</strong></span> <span class='ocrx_word' id='word_1_334' title='bbox 1135 3658 1299 3747; x_wconf 78' lang='lat' dir='ltr'><strong>insignia.</strong></span> <span class='ocrx_word' id='word_1_335' title='bbox 1323 3661 1459 3744; x_wconf 71' lang='lat' dir='ltr'><strong>numque</strong></span> 
     </span>
     <span class='ocr_line' id='line_1_40' title="bbox 204 3736 1458 3836; baseline -0.005 -23"><span class='ocrx_word' id='word_1_336' title='bbox 204 3744 420 3832; x_wconf 84' lang='lat' dir='ltr'><strong>aliquantum</strong></span> <span class='ocrx_word' id='word_1_337' title='bbox 450 3747 614 3836; x_wconf 90' lang='lat' dir='ltr'><strong>temporis</strong></span> <span class='ocrx_word' id='word_1_338' title='bbox 647 3745 740 3836; x_wconf 90' lang='lat' dir='ltr'><strong>apud</strong></span> <span class='ocrx_word' id='word_1_339' title='bbox 766 3745 998 3818; x_wconf 90' lang='lat' dir='ltr'><strong>Laudensium</strong></span> <span class='ocrx_word' id='word_1_340' title='bbox 1020 3746 1142 3816; x_wconf 90' lang='lat' dir='ltr'><strong>urbem</strong></span> <span class='ocrx_word' id='word_1_341' title='bbox 1163 3746 1367 3836; x_wconf 83' lang='lat' dir='ltr'><strong>confugiens</strong></span> <span class='ocrx_word' id='word_1_342' title='bbox 1389 3736 1458 3808; x_wconf 84' lang='lat' dir='ltr'><strong>den-</strong></span> 
     </span>
     <span class='ocr_line' id='line_1_41' title="bbox 207 3833 1476 3932; baseline -0.002 -31"><span class='ocrx_word' id='word_1_343' title='bbox 207 3834 338 3932; x_wconf 79' lang='lat' dir='ltr'><strong>luisset,</strong></span> <span class='ocrx_word' id='word_1_344' title='bbox 360 3835 627 3926; x_wconf 84' lang='lat' dir='ltr'><strong>diligentissime</strong></span> <span class='ocrx_word' id='word_1_345' title='bbox 652 3835 840 3922; x_wconf 89' lang='lat' dir='ltr'><strong>inquisitus</strong></span> <span class='ocrx_word' id='word_1_346' title='bbox 863 3858 884 3906; x_wconf 88' lang='lat' dir='ltr'><strong>a</strong></span> <span class='ocrx_word' id='word_1_347' title='bbox 903 3833 1031 3925; x_wconf 94' lang='lat' dir='ltr'><strong>populo</strong></span> <span class='ocrx_word' id='word_1_348' title='bbox 1055 3834 1246 3906; x_wconf 83' lang='lat' dir='ltr'><strong>Picinensis</strong></span> <span class='ocrx_word' id='word_1_349' title='bbox 1265 3833 1362 3904; x_wconf 90' lang='lat' dir='ltr'><strong>urbis</strong></span> <span class='ocrx_word' id='word_1_350' title='bbox 1377 3839 1476 3915; x_wconf 80' lang='lat' dir='ltr'><strong>repe-j</strong></span> 
     </span>
     <span class='ocr_line' id='line_1_42' title="bbox 206 3921 1458 4014; baseline -0.003 -26"><span class='ocrx_word' id='word_1_351' title='bbox 206 3934 306 4002; x_wconf 77' lang='lat' dir='ltr'><strong>ritum</strong></span> <span class='ocrx_word' id='word_1_352' title='bbox 328 3936 362 3993; x_wconf 89' lang='lat' dir='ltr'><strong>et</strong></span> <span class='ocrx_word' id='word_1_353' title='bbox 374 3936 513 3994; x_wconf 87' lang='lat' dir='ltr'><strong>coactus</strong></span> <span class='ocrx_word' id='word_1_354' title='bbox 530 3925 669 4014; x_wconf 88' lang='lat' dir='ltr'><strong>Papiam</strong></span> <span class='ocrx_word' id='word_1_355' title='bbox 686 3921 874 4005; x_wconf 85' lang='lat' dir='ltr'><strong>reducitur,</strong></span> <span class='ocrx_word' id='word_1_356' title='bbox 893 3935 926 3994; x_wconf 90' lang='lat' dir='ltr'><strong>et</strong></span> <span class='ocrx_word' id='word_1_357' title='bbox 950 3923 1120 3994; x_wconf 78' lang='lat' dir='ltr'><strong>Ecclesiae</strong></span> <span class='ocrx_word' id='word_1_358' title='bbox 1138 3924 1325 3994; x_wconf 88' lang='lat' dir='ltr'><strong>couventui</strong></span> <span class='ocrx_word' id='word_1_359' title='bbox 1344 3935 1458 4008; x_wconf 78' lang='lat' dir='ltr'><strong>reprae-</strong></span> 
     </span>
     <span class='ocr_line' id='line_1_43' title="bbox 207 4007 1476 4103; baseline -0.007 -24"><span class='ocrx_word' id='word_1_360' title='bbox 207 4023 371 4082; x_wconf 86' lang='lat' dir='ltr'><strong>sentator.</strong></span> <span class='ocrx_word' id='word_1_361' title='bbox 388 4012 453 4095; x_wconf 84' lang='lat' dir='ltr'><strong>Qui</strong></span> <span class='ocrx_word' id='word_1_362' title='bbox 467 4033 605 4084; x_wconf 90' lang='lat' dir='ltr'><strong>summa</strong></span> <span class='ocrx_word' id='word_1_363' title='bbox 617 4011 651 4082; x_wconf 88' lang='lat' dir='ltr'><strong>vi</strong></span> <span class='ocrx_word' id='word_1_364' title='bbox 663 4011 873 4082; x_wconf 85' lang='lat' dir='ltr'><strong>sacerdotale</strong></span> <span class='ocrx_word' id='word_1_365' title='bbox 884 4011 1023 4082; x_wconf 92' lang='lat' dir='ltr'><strong>culmen</strong></span> <span class='ocrx_word' id='word_1_366' title='bbox 1041 4011 1248 4102; x_wconf 86' lang='lat' dir='ltr'><strong>suscipiens,</strong></span> <span class='ocrx_word' id='word_1_367' title='bbox 1261 4007 1458 4103; x_wconf 78' lang='lat' dir='ltr'><strong>gratissimae</strong></span> <span class='ocrx_word' id='word_1_368' title='bbox 1475 4079 1476 4084; x_wconf 65' lang='lat'><strong>,</strong></span> 
     </span>
    </p>
   </div>
   <div class='ocr_carea' id='block_1_3' title="bbox 203 4169 1476 4452">
    <p class='ocr_par' dir='ltr' id='par_1_17' title="bbox 203 4169 1476 4568">
     <span class='ocr_line' id='line_1_44' title="bbox 231 4169 1476 4248; baseline 0.013 -18"><span class='ocrx_word' id='word_1_369' title='bbox 231 4192 243 4218; x_wconf 80' lang='lat'><strong>⁸¹</strong></span> <span class='ocrx_word' id='word_1_370' title='bbox 257 4191 327 4240; x_wconf 82' lang='lat' dir='ltr'><strong>Urna,</strong></span> <span class='ocrx_word' id='word_1_371' title='bbox 341 4191 365 4232; x_wconf 82' lang='lat' dir='ltr'><strong>ia</strong></span> <span class='ocrx_word' id='word_1_372' title='bbox 379 4203 426 4242; x_wconf 72' lang='lat' dir='ltr'><strong>qne</strong></span> <span class='ocrx_word' id='word_1_373' title='bbox 435 4203 515 4234; x_wconf 71' lang='lat' dir='ltr'><strong>ascrae</strong></span> <span class='ocrx_word' id='word_1_374' title='bbox 525 4195 546 4234; x_wconf 82' lang='grc'><strong>8.</strong></span> <span class='ocrx_word' id='word_1_375' title='bbox 557 4191 608 4243; x_wconf 68' lang='lat' dir='ltr'><strong>syri</strong></span> <span class='ocrx_word' id='word_1_376' title='bbox 619 4197 718 4234; x_wconf 63' lang='lat' dir='ltr'><strong>exuviae</strong></span> <span class='ocrx_word' id='word_1_377' title='bbox 728 4169 893 4238; x_wconf 60' lang='lat' dir='ltr'><strong>adservantur.</strong></span> <span class='ocrx_word' id='word_1_378' title='bbox 902 4203 977 4248; x_wconf 80' lang='lat' dir='ltr'><strong>quum</strong></span> <span class='ocrx_word' id='word_1_379' title='bbox 987 4191 1029 4234; x_wconf 76' lang='lat' dir='ltr'><strong>diu</strong></span> <span class='ocrx_word' id='word_1_380' title='bbox 1039 4193 1158 4239; x_wconf 72' lang='lat' dir='ltr'><strong>ltlulml.</strong></span> <span class='ocrx_word' id='word_1_381' title='bbox 1167 4193 1269 4238; x_wconf 69' lang='lat' dir='ltr'><strong>moen.</strong></span> <span class='ocrx_word' id='word_1_382' title='bbox 1278 4199 1338 4232; x_wconf 64' lang='lat'><strong>⁸⁸³⁰</strong></span> <span class='ocrx_word' id='word_1_383' title='bbox 1350 4187 1402 4228; x_wconf 62' lang='lat'><strong>¹⁸²⁶*</strong></span> <span class='ocrx_word' id='word_1_384' title='bbox 1409 4189 1459 4220; x_wconf 68' lang='lat'>“⁰¹¹&#39;&#39;</span> <span class='ocrx_word' id='word_1_385' title='bbox 1475 4185 1476 4194; x_wconf 15' lang='grc' dir='ltr'>ἶ</span> 
     </span>
     <span class='ocr_line' id='line_1_45' title="bbox 204 4233 1459 4298; baseline -0.005 -15"><span class='ocrx_word' id='word_1_386' title='bbox 204 4245 269 4284; x_wconf 86' lang='lat' dir='ltr'><strong>muul</strong></span> <span class='ocrx_word' id='word_1_387' title='bbox 284 4246 388 4286; x_wconf 81' lang='lat' dir='ltr'><strong>emulum</strong></span> <span class='ocrx_word' id='word_1_388' title='bbox 403 4247 488 4295; x_wconf 75' lang='lat' dir='ltr'><strong>plausu</strong></span> <span class='ocrx_word' id='word_1_389' title='bbox 503 4249 526 4286; x_wconf 86' lang='lat' dir='ltr'><strong>ot</strong></span> <span class='ocrx_word' id='word_1_390' title='bbox 540 4245 639 4296; x_wconf 81' lang='lat' dir='ltr'><strong>laetitia,</strong></span> <span class='ocrx_word' id='word_1_391' title='bbox 656 4249 680 4287; x_wconf 86' lang='lat' dir='ltr'><strong>lu</strong></span> <span class='ocrx_word' id='word_1_392' title='bbox 697 4249 777 4287; x_wconf 75' lang='lat' dir='ltr'><strong>cadem</strong></span> <span class='ocrx_word' id='word_1_393' title='bbox 792 4247 830 4287; x_wconf 80' lang='lat' dir='ltr'><strong>ss.</strong></span> <span class='ocrx_word' id='word_1_394' title='bbox 846 4247 899 4286; x_wconf 75' lang='lat' dir='ltr'><strong>Mul.</strong></span> <span class='ocrx_word' id='word_1_395' title='bbox 912 4243 1011 4286; x_wconf 81' lang='lat' dir='ltr'><strong>Protasll</strong></span> <span class='ocrx_word' id='word_1_396' title='bbox 1022 4247 1046 4284; x_wconf 83' lang='lat' dir='ltr'><strong>et</strong></span> <span class='ocrx_word' id='word_1_397' title='bbox 1056 4244 1163 4286; x_wconf 74' lang='lat' dir='ltr'><strong>Gervssll</strong></span> <span class='ocrx_word' id='word_1_398' title='bbox 1174 4247 1284 4290; x_wconf 71' lang='lat' dir='ltr'><strong>Basilice.</strong></span> <span class='ocrx_word' id='word_1_399' title='bbox 1294 4233 1459 4298; x_wconf 69' lang='lat' dir='ltr'><strong>tuventsest.}n</strong></span> 
     </span>
     <span class='ocr_line' id='line_1_46' title="bbox 203 4287 1476 4390; baseline -0.006 -54"><span class='ocrx_word' id='word_1_400' title='bbox 203 4307 230 4336; x_wconf 75' lang='lat' dir='ltr'><strong>s·</strong></span> <span class='ocrx_word' id='word_1_401' title='bbox 244 4299 282 4337; x_wconf 84' lang='lat' dir='ltr'><strong>htc</strong></span> <span class='ocrx_word' id='word_1_402' title='bbox 290 4300 558 4390; x_wconf 47' lang='grc' dir='ltr'><strong>1ιιέιιῐιῑξιθῑιτιεὴνφνιιιιίιιιιιι</strong></span> <span class='ocrx_word' id='word_1_403' title='bbox 573 4299 657 4342; x_wconf 76' lang='lat' dir='ltr'><strong>titulus</strong></span> <span class='ocrx_word' id='word_1_404' title='bbox 672 4303 769 4350; x_wconf 70' lang='lat' dir='ltr'><strong>regitur:</strong></span> <span class='ocrx_word' id='word_1_405' title='bbox 783 4301 876 4342; x_wconf 70' lang='lat' dir='ltr'><strong>SURUS</strong></span> <span class='ocrx_word' id='word_1_406' title='bbox 891 4299 951 4340; x_wconf 72' lang='lat' dir='ltr'><strong>neo.</strong></span> <span class='ocrx_word' id='word_1_407' title='bbox 966 4300 1025 4343; x_wconf 74' lang='lat' dir='ltr'><strong>Osse</strong></span> <span class='ocrx_word' id='word_1_408' title='bbox 1034 4305 1113 4340; x_wconf 74' lang='lat' dir='ltr'><strong>nutam</strong></span> <span class='ocrx_word' id='word_1_409' title='bbox 1123 4299 1202 4340; x_wconf 72' lang='lat' dir='ltr'><strong>seuctt</strong></span> <span class='ocrx_word' id='word_1_410' title='bbox 1211 4298 1340 4346; x_wconf 71' lang='lat' dir='ltr'><strong>Prmulis,</strong></span> <span class='ocrx_word' id='word_1_411' title='bbox 1349 4287 1460 4334; x_wconf 68' lang='lat' dir='ltr'><strong>succisio</strong></span> <span class='ocrx_word' id='word_1_412' title='bbox 1475 4333 1476 4382; x_wconf 32' lang='grc'>1</span> 
     </span>
     <span class='ocr_line' id='line_1_47' title="bbox 204 4359 783 4452; baseline 0.025 -12"><span class='ocrx_word' id='word_1_413' title='bbox 204 4359 295 4443; x_wconf 47' lang='lat' dir='ltr'><strong>medad.</strong></span> <span class='ocrx_word' id='word_1_414' title='bbox 307 4381 410 4452; x_wconf 77' lang='lat' dir='ltr'><strong>Pompetl</strong></span> <span class='ocrx_word' id='word_1_415' title='bbox 419 4404 507 4445; x_wconf 76' lang='lat' dir='ltr'><strong>testum</strong></span> <span class='ocrx_word' id='word_1_416' title='bbox 517 4405 555 4446; x_wconf 82' lang='lat' dir='ltr'><strong>dte</strong></span> <span class='ocrx_word' id='word_1_417' title='bbox 566 4405 591 4446; x_wconf 78' lang='lat' dir='ltr'><em>u</em></span> <span class='ocrx_word' id='word_1_418' title='bbox 601 4405 649 4447; x_wconf 77' lang='lat' dir='ltr'><strong>dec.</strong></span> <span class='ocrx_word' id='word_1_419' title='bbox 662 4403 783 4447; x_wconf 76' lang='lat' dir='ltr'><strong>recolitur.</strong></span> 
     </span>
    </p>
   </div>
   <div class='ocr_carea' id='block_1_4' title="bbox 0 0 1491 4826">
    <p class='ocr_par' dir='ltr' id='par_1_18' title="bbox 0 0 1491 4826">
     <span class='ocr_line' id='line_1_48' title="bbox 0 0 1491 4826; baseline 0 0"><span class='ocrx_word' id='word_1_420' title='bbox 0 0 1491 4826; x_wconf 95' lang='lat' dir='ltr'><strong> </strong></span> 
     </span>
    </p>
   </div>
  </div>
 </body>
</html>
