3046 4838
1499 213 1500 254 t

278 286 319 349 tto
643 301 682 346 nu
706 301 734 346 s.
756 297 861 346 sutoro
885 300 934 345 ur.
962 297 1093 346 norton.
1361 274 1467 339 uuor

231 386 431 473 curavitque
466 383 664 454 triduanum
698 383 920 453 indicendum
941 383 1140 472 jejunium:
1171 379 1261 467 quod
1298 378 1392 448 ctiam
1414 379 1473 532 ipsa

231 496 309 546 cum
331 472 556 565 optimatibus
581 473 655 543 suis
677 484 709 541 et
733 471 824 541 clero
848 473 1003 552 servavit,
1032 470 1167 561 jejunio
1192 469 1291 538 etiam
1316 487 1389 535 cum
1418 465 1473 533 ilis
1499 461 1500 532 l

231 563 359 666 pariter
383 573 566 653 perpetuas
585 561 778 652 adjungens
796 561 941 651 vigilias.
956 564 1049 643 Quae
1073 581 1152 628 curn
1172 557 1302 636 flerent,
1328 555 1474 624 intantum

229 653 288 722 rlla
313 652 486 721 moerebat
504 663 536 718 et
559 649 709 740 lugebat,
729 662 767 720 ut
792 649 887 718 nullo
902 661 998 737 pecto
1017 649 1184 734 lacrymas
1204 644 1354 715 froenare
1371 655 1473 732 posset.

230 746 384 827 Cumque
401 761 482 830 prae
500 739 607 808 nimio
631 737 747 809 dolore
770 737 981 807 desiderium
1005 739 1080 827 ejus
1099 734 1186 805 serre
1211 755 1278 802 non
1304 733 1472 808 sustineret,

230 830 369 900 tandem
388 840 427 898 ut
442 827 560 897 animo
580 849 643 896 suo
662 826 882 908 satisfaceret,
909 826 1039 895 detecto
1053 824 1128 913 ejus
1152 822 1262 904 vultu,
1279 845 1357 893 eum
1381 819 1476 888 multis

231 918 394 1008 lacrymis
410 916 565 987 osculata
580 929 630 985 est
652 937 745 998 eum,
765 917 912 1003 itemque
939 926 1057 1004 pectus
1076 927 1108 984 et
1124 934 1261 982 manus.
1280 917 1362 981 Ecce
1384 921 1475 977 auten
1499 927 1500 996 t

232 1006 316 1076 dum
342 1007 391 1077 sic
416 1005 532 1096 palpat
556 1025 693 1075 sacrum
710 1025 849 1094 corpus,
883 1004 1017 1073 tametsi
1041 1014 1113 1072 erat
1138 1001 1321 1071 hibernum
1352 1012 1474 1086 tempus,

232 1108 263 1165 et
274 1094 413 1184 jamdiu
436 1093 523 1164 illud
547 1092 667 1162 fuisset
692 1094 859 1174 exanime,
887 1113 1097 1183 prorsusque
1125 1089 1315 1178 frigidum,
1343 1087 1477 1176 copiosus

233 1183 375 1276 sanguis
399 1182 537 1272 exejus
574 1181 717 1251 naribus
754 1182 915 1251 manavit.
944 1179 980 1250 ld
1012 1180 1073 1249 ubi
1098 1179 1258 1248 viderunt
1281 1176 1429 1268 Episcopi
1456 1185 1478 1240 et

233 1274 350 1362 regina
376 1271 677 1352 christianissima,
695 1270 873 1340 confestim
895 1268 1121 1339 admoverunt
1147 1267 1262 1348 lintea,
1285 1287 1416 1338 summo
1430 1273 1500 1332 stu

232 1360 289 1430 dio
306 1361 511 1451 sanguinem
536 1358 746 1449 colligentes
774 1381 853 1428 cum
879 1381 940 1447 pro
961 1379 1087 1459 magno
1110 1377 1252 1426 munere
1287 1356 1322 1424 in
1348 1350 1477 1439 reliquiis

232 1449 440 1519 servandum
466 1448 659 1538 seposituri.
687 1450 841 1528 Interim,
867 1446 1000 1534 expleto
1023 1445 1169 1537 jejunio,
1201 1444 1312 1514 modis
1342 1439 1479 1512 omnibus

233 1538 406 1629 satagebat
422 1538 553 1628 regina,
573 1549 610 1606 ut
626 1558 751 1626 corpus
776 1536 865 1604 beati
884 1536 947 1604 viri
964 1537 999 1604 in
1025 1535 1138 1604 Galam
1164 1531 1406 1603 monasterium
1423 1530 1478 1616 ejus

234 1625 485 1696 transferretur.
505 1626 566 1695 Sed
592 1624 746 1696 ediverso
762 1624 822 1693 alii
842 1624 990 1694 Parisios
1013 1623 1099 1692 illud
1122 1621 1306 1691 transferre
1330 1619 1475 1689 volebant.

231 1716 364 1797 Quibus
388 1715 542 1801 utrisque
574 1735 610 1783 sc
633 1714 852 1803 opponebant
875 1714 965 1784 cives
989 1713 1250 1792 Noviomenses‚
1273 1708 1478 1798 justissimam

232 1803 476 1873 haereditatem
511 1824 638 1892 corpus
664 1802 826 1871 antistitis
855 1802 910 1872 sui
934 1801 1000 1872 sibi
1032 1800 1256 1869 vindicantes.
1284 1799 1357 1869 Sub
1383 1819 1417 1865 ea
1438 1793 1481 1882 pia

232 1891 461 1974 contentione,
490 1913 569 1962 cum
591 1891 749 1980 Episcopi
773 1903 804 1959 et
829 1890 1093 1979 praestantiores
1124 1888 1254 1976 quique
1277 1887 1422 1956 faverent
1442 1903 1481 1950 re·

231 1983 333 2072 ginae
352 1981 518 2072 partibus,
547 1980 836 2065 decernerentque
847 1978 890 2048 ad
912 1979 1158 2047 monasterium
1183 1977 1271 2046 beati
1297 1976 1361 2044 viri
1380 1993 1500 2061 corpus,

231 2073 306 2158 ejus
322 2069 611 2148 transferendum,
639 2089 787 2158 magnus
806 2067 937 2137 clamor
956 2079 988 2134 et
1006 2066 1175 2136 tumultus
1191 2077 1286 2134 ortus
1311 2076 1363 2134 est
1379 2064 1409 2130 in
1424 2061 1481 2129 uni·
1499 2061 1500 2138 l

233 2181 329 2228 verso
354 2158 482 2249 populo
518 2156 746 2228 Noviomensi.
780 2161 864 2225 Tum
902 2156 1019 2244 regina
1045 2154 1203 2244 prudenti
1242 2175 1305 2222 usa
1339 2150 1500 2240 consilinl

231 2248 478 2338 omnipotentis
502 2247 559 2315 Dei
576 2245 706 2334 judicio
727 2266 796 2314 rem
816 2257 919 2313 totam
944 2245 1182 2313 committens:
1201 2265 1219 2308 «
1235 2246 1424 2320 Facessant‚
1446 2238 1480 2304 iu

232 2336 318 2423 quit,
354 2337 536 2405 verborum
568 2335 814 2404 contentiones.
842 2333 875 2401 Si
903 2332 1011 2432 placet
1040 2336 1106 2402 Deo
1140 2342 1173 2399 et
1207 2343 1327 2400 sancto
1350 2331 1430 2418 ejus,
1455 2335 1481 2392 ut

234 2424 444 2525 perducatur
460 2445 597 2512 corpus,
624 2444 693 2509 quo
718 2444 780 2514 ego
799 2421 886 2503 volo,
903 2420 995 2490 illico
1012 2443 1047 2489 se
1067 2420 1170 2489 levari
1187 2420 1287 2488 sinat.
1317 2420 1375 2488 Sin
1392 2417 1479 2487 aliter,

229 2535 300 2602 Jam
323 2513 552 2602 experiamur.
573 2534 591 2577 >›
609 2515 682 2580 Mox
699 2511 866 2580 accedunt
885 2510 924 2578 ad
952 2531 1091 2599 corpus,
1117 2521 1156 2578 ut
1180 2507 1265 2577 illud
1293 2508 1420 2585 tollant,
1439 2501 1480 2571 sel

233 2600 330 2670 nulla
350 2603 382 2669 ri
401 2601 528 2669 moveri
551 2611 669 2689 potest.
689 2605 851 2669 Tentatur
867 2598 901 2666 id
920 2598 1067 2668 subinde
1087 2598 1130 2668 ab
1144 2596 1221 2666 aliis
1242 2609 1345 2683 atque
1368 2595 1447 2669 aliis,
1460 2603 1482 2656 et

233 2689 369 2758 tandem
397 2689 534 2777 abipsa
560 2689 687 2779 regina,
717 2689 794 2758 totis
814 2688 944 2757 viribus
969 2687 1055 2755 inid
1082 2685 1314 2767 incumbente,
1339 2685 1395 2754 sed
1414 2677 1480 2750 nihil

196 2841 200 2850 .
232 2777 397 2846 efficiunt.
417 2782 500 2846 Tum
520 2777 638 2868 regina
655 2777 696 2846 ad
716 2799 871 2866 proceres
889 2797 924 2844 se
937 2788 1068 2845 vertens
1083 2799 1089 2842 :
1106 2779 1213 2843 «lam
1232 2775 1421 2864 perspicue,
1436 2769 1480 2840 ait.

233 2866 552 2946 animadvertimus,
581 2864 670 2934 nolle
686 2887 763 2933 eum
794 2865 860 2934 alio
885 2864 1088 2954 absportari.
1125 2865 1368 2934 Permittamus
1396 2860 1482 2950 igitur

234 2954 315 3024 huic
341 2953 467 3044 populo
492 2954 542 3022 vel
568 2953 676 3035 inviti,
692 2953 783 3110 ‹puod
809 2954 974 3023 hactenus
989 2966 1109 3042 sponte
1134 2952 1360 3022 noluimus.»
1382 2955 1483 3018 Assen-

234 3055 352 3112 serunt
375 3064 520 3122 omnes,
548 3057 580 3112 et
608 3043 699 3112 simu
728 3056 828 3129 atque
852 3041 1013 3112 feretrum
1045 3042 1154 3110 levare
1179 3052 1388 3130 coeperunt,
1408 3047 1483 3106 tunta

231 3131 393 3202 facilitate
412 3143 539 3201 motum
558 3143 619 3212 est,
642 3144 680 3201 ut
703 3131 882 3201 commode
897 3128 967 3218 jam
988 3153 1007 3199 a
1026 3129 1164 3199 duobus
1185 3141 1389 3219 portaretur,
1408 3121 1482 3213 quod

233 3221 337 3311 paulo
359 3234 436 3290 ante
457 3219 598 3310 plurimi
635 3242 695 3290 nec
722 3241 855 3289 movere
880 3219 997 3288 leviter
1031 3229 1196 3308 poterant.
1228 3217 1265 3286 Id
1292 3215 1500 3286 miraculum*

232 3333 311 3381 cum
337 3310 477 3379 vidisset
507 3309 623 3412 regina
656 3322 688 3378 et
715 3309 805 3379 cives
829 3330 968 3387 omnes,
995 3307 1029 3375 in
1058 3308 1113 3376 bei
1147 3306 1266 3376 laudes
1290 3312 1484 3395 eruperunt.

232 3400 477 3484 dixeruntque:
505 3399 670 3468 Mneuidis
704 3421 737 3467 es
760 3403 847 3466 Deus
877 3399 912 3465 in
939 3399 1064 3466 sanctis
1095 3396 1292 3485 tuis(Psol.
1312 3399 1386 3483 67).
1418 3396 1484 3486 Cum

232 3501 345 3558 autem
372 3487 413 3556 ad
436 3486 633 3644 sepulcrum
666 3486 904 3567 deduceretur,
932 3498 999 3554 tota
1025 3505 1110 3573 pene
1138 3485 1257 3554 civitas
1282 3495 1414 3573 praesto
1435 3477 1486 3546 tut

232 3576 274 3646 ad
299 3577 431 3646 funeris
455 3597 474 3644 o
501 3577 631 3662 sequia,
652 3575 799 3645 multum
827 3575 949 3664 lugens
966 3573 1145 3643 decessum
1172 3573 1318 3662 pastoris
1342 3572 1407 3640 sui.
1423 3573 1500 3656 lpse,

231 3687 367 3754 quoque
392 3665 522 3755 regina,
545 3663 622 3733 licet
640 3665 763 3733 hiemis
788 3677 939 3753 tempore
965 3662 1064 3752 palus
1082 3661 1179 3730 valde
1198 3661 1410 3740 excrevisset,
1439 3652 1485 3722 ad-

232 3753 313 3823 duci
338 3775 403 3822 ncn
427 3754 548 3843 potuit,
574 3765 613 3823 ut
627 3773 714 3840 equo
735 3752 934 3822 veheretur:
953 3751 1010 3821 sed
1032 3749 1180 3841 pedestri
1201 3749 1364 3840 gravique
1388 3745 1486 3816 labore

232 3863 379 3928 sequens
398 3840 560 3913 feretrum
587 3863 647 3931 per
671 3841 845 3929 paludem,
865 3863 943 3910 cum
969 3841 1063 3908 omni
1089 3837 1485 3908 familiolamentabatur.

231 3933 256 4024 Ο
281 3943 432 4015 quantus
456 3932 502 4000 ibi
528 3942 611 3999 tunc
630 3943 703 3999 erat
729 3928 844 3999 luctus
863 3929 1034 4010 omnium,
1055 3928 1225 4017 inprimis
1249 3941 1362 3996 autem
1382 3937 1500 3998 mona-t

230 4019 373 4089 chorum
404 4031 436 4088 et
460 4039 666 4175 pauperum,
700 4040 848 4106 quorum
870 4017 1030 4107 planetus
1054 4037 1116 4106 per
1146 4016 1276 4106 plateas
1296 4035 1413 4085 omnes
1435 4005 1500 4090 aul

229 4107 407 4177 diebaturl
425 4112 526 4176 Canta
554 4119 587 4176 at
606 4107 719 4177 clerus
736 4129 816 4176 voce
833 4105 1062 4195 lacrymabili,
1079 4119 1111 4175 et
1131 4105 1269 4195 agmina
1290 4099 1483 4194 plorantium
1499 4097 1500 4188 l

230 4193 443 4264 miserabiles
455 4197 488 4263 in
504 4196 640 4264 aethera
654 4195 782 4264 dabant
796 4217 906 4264 voces.
925 4201 963 4264 Et
975 4208 1011 4263 ut
1026 4195 1059 4262 in
1073 4216 1183 4284 pauca
1195 4192 1379 4272 conferam,
1397 4187 1484 4278 plena
1499 4197 1500 4260 l

231 4295 329 4358 erant
344 4283 458 4350 omnia
486 4283 580 4351 luctu
604 4282 799 4353 incredibili
817 4307 823 4350 :
851 4284 1095 4370 flebilibusque
1111 4305 1213 4373 vagas
1240 4281 1424 4372 implebant
1440 4287 1500 4354 tul

230 4371 331 4438 cibus
355 4392 469 4450 auras,
487 4369 752 4458 clamabantque
771 4372 899 4460 passim
918 4385 1199 4462 omnespatrem
1219 4393 1254 4440 se
1270 4383 1301 4441 et
1319 4363 1500 4440 nutritium
