2994 4832
241 300 304 364 ton
614 317 652 362 ns
676 316 704 364 s.
731 283 867 364 utronno
891 317 965 364 ura.
992 317 1042 364 rr.
1325 297 1439 363 bibli

195 423 265 489 quo
281 422 347 470 non
364 400 512 470 emineat
529 423 591 502 par
615 401 710 472 senio
725 414 757 470 et
776 401 877 472 annis
900 401 1083 471 modestia:
1111 402 1159 471 sic
1181 403 1281 472 ctiam
1309 401 1439 471 solemus

191 490 348 578 jucunde
372 489 549 570 admirari,
578 491 753 577 multaque
766 489 868 560 laude
892 489 1032 579 dignam
1050 490 1244 560 existimare
1265 489 1441 560 adolescen-

195 579 290 660 tiam,
310 577 521 678 quaeplane
537 577 695 649 didicerit
714 579 789 668 ejus
803 579 923 648 aetatis
936 601 1153 668 compescere
1174 593 1297 660 motus,
1315 593 1345 648 et
1360 601 1441 647 sene-

194 669 297 737 ctutis
321 679 519 756 gravitatem
545 689 585 736 ac
610 667 810 738 modestiam
836 667 992 737 retinere.
1013 673 1069 736 Est
1089 669 1180 737 enim
1198 671 1288 738 sicut
1299 667 1442 756 juventus

193 756 229 824 in
254 776 336 825 sene
360 755 482 845 turpis,
503 757 549 825 ita
569 755 818 845 pulcherrrima
834 755 971 842 quidem
987 757 1021 824 in
1040 756 1255 828 adolescente
1275 769 1426 827 senectus.

238 847 256 931 ξ
281 849 323 916 4.
351 844 606 914 Ilabuitautem
626 845 784 916 Nicotaus
813 844 1038 928 avunculum,
1070 847 1208 914 nomine
1233 846 1443 924 Nicolauma

193 932 371 1020 quohunc
393 947 547 1014 nostrum
572 934 720 1005 arbitror
742 933 775 1003 id
804 933 953 1003 nominis
978 935 1175 1024 usurpasse.
1203 939 1237 1004 Is
1255 957 1334 1004 cum
1359 953 1444 1022 nepo·

194 1034 260 1092 tem
277 1021 561 1091 animadverteret
578 1021 734 1112 religioni
759 1033 792 1090 et
815 1022 1062 1092 sanctimoniae
1077 1022 1245 1104 deditum,
1274 1021 1396 1091 mundo
1416 1041 1444 1090 se

220 1110 334 1180 enitus
358 1109 547 1191 abdicasse,
569 1110 915 1200 parentes-bortatur,
933 1125 972 1179 ut
995 1110 1244 1181 adolescentem
1274 1109 1445 1180 sacerdota·

195 1132 288 1268 libus
308 1199 415 1268 sacris
436 1199 564 1269 initiari
589 1201 796 1291 permittant.
816 1198 871 1270 Illi
896 1199 930 1267 in
957 1201 1160 1270 sententiam
1188 1221 1311 1270 venere
1333 1198 1443 1268 faciles.

195 1289 305 1389 Igitur
327 1287 438 1358 Iactus
458 1288 628 1370 sacerdos,
656 1311 789 1359 morum
810 1301 843 1358 et
868 1287 954 1356 vitae
977 1289 1188 1358 severitatem
1222 1290 1349 1379 pariter
1378 1307 1444 1356 cum

195 1377 231 1445 dr
259 1377 362 1446 nitate
391 1377 583 1466 aagendam
615 1377 755 1467 putavit,
786 1391 927 1446 naturae
951 1399 988 1446 sa
1017 1378 1154 1447 lentiam
1186 1377 1352 1459 imitatus,
1377 1397 1448 1464 quae

195 1399 335 1534 arbores
349 1465 453 1554 ipsos,
473 1487 541 1552 quo
558 1488 594 1536 se
607 1466 733 1536 celsius
750 1467 783 1534 in
810 1464 944 1535 coelum
962 1401 1097 1544 tollunt,
1116 1487 1156 1536 eo
1180 1466 1287 1538 altius
1306 1464 1447 1536 demissis

194 1555 370 1622 interram
393 1553 581 1636 radicibus,
611 1555 779 1625 firmiores
800 1553 923 1624 reddit.
952 1555 1137 1624 sacerdotii
1160 1568 1276 1626 autem
1302 1555 1378 1644 quis
1399 1552 1448 1620 du-

195 1642 278 1712 bitet
301 1641 530 1713 solidissimas
549 1665 623 1713 esse
640 1644 784 1724 radices,
802 1642 1029 1732 iutegritatem
1051 1644 1149 1724 vitae,
1177 1642 1444 1715 misericordiam.

197 1731 368 1822 pietatem,
386 1732 644 1814 continentiam,
671 1732 905 1810 sobrietatem,
933 1731 1152 1821 reliquasque
1176 1733 1321 1802 virtutes
1345 1729 1376 1800 id
1403 1751 1447 1820 ge-

196 1841 275 1902 nus,
297 1819 425 1907 quibus
443 1821 659 1909 potissimum
679 1820 820 1911 propius
843 1819 886 1888 ad
902 1823 1006 1889 Deum
1032 1821 1231 1891 acceditur?
1255 1826 1374 1908 Itaque
1388 1839 1447 1888 cor-

197 1908 270 1998 pori
296 1929 358 1978 suo
378 1907 506 1978 bellum
534 1908 665 1990 indicit,
695 1930 761 1979 non
786 1907 877 1996 quod
901 1907 986 1978 illud
1013 1923 1159 1992 necaret,
1178 1923 1237 1979 aut
1260 1917 1446 1981 contereret.

196 1996 253 2067 sed
279 1997 369 2084 quod
393 1997 561 2066 domitum
586 2011 618 2067 et
643 1997 738 2068 omni
764 1997 952 2086 petulantia
971 2011 1125 2080 exutum,
1155 1997 1327 2088 redigeret
1342 2000 1374 2067 in
1394 2017 1448 2066 ser·

196 2087 349 2156 vitutem.
384 2087 494 2176 Igitur
517 2107 650 2169 somno,
676 2099 708 2156 et
732 2084 933 2173 quotidiano
963 2087 1059 2168 cibo,
1086 2099 1253 2174 quantum
1283 2089 1368 2158 ratio
1391 2105 1448 2176 per-

195 2175 359 2254 mittebat,
376 2174 535 2256 detrabit,
551 2175 705 2264 jejuniis,
725 2175 971 2262 nocturnisque
987 2175 1114 2266 vigiliis
1132 2175 1230 2246 solito
1252 2176 1334 2266 plus
1351 2173 1448 2244 indul·
1485 2233 1486 2248 ,

194 2285 291 2352 gens,
326 2265 404 2332 vino
431 2263 633 2352 parcissimo
664 2264 842 2344 utebatur,
878 2264 1016 2352 saepius
1040 2267 1130 2351 aqua
1164 2264 1236 2334 sola
1271 2277 1446 2335 contentus.

194 2357 289 2420 leste
312 2351 341 2420 si
375 2373 441 2420 non
467 2351 630 2433 sordida,
665 2366 701 2421 ut
725 2352 902 2442 hypocrita
926 2364 959 2421 et
983 2373 1092 2422 vanus
1121 2365 1333 2435 ostentator,
1371 2350 1449 2421 nullo

195 2454 308 2508 tarnen
334 2440 520 2528 conspicua
548 2441 630 2509 luxu
666 2439 829 2531 deinceps
853 2453 904 2510 est
927 2463 1025 2511 usus.
1060 2442 1216 2511 Crebrior
1247 2442 1300 2512 illi
1331 2441 1392 2511 luit
1417 2435 1449 2505 ad

195 2527 338 2598 delubra
366 2529 493 2598 aditus.
519 2528 618 2598 Nulla
644 2531 794 2618 penitus,
821 2528 887 2598 nisi
912 2551 1089 2598 sacrarum
1113 2530 1327 2611 litterarum,
1353 2529 1447 2598 lectio.

196 2621 233 2685 In
259 2617 355 2687 vultu
375 2630 407 2687 et
431 2629 530 2707 gestu
555 2616 719 2686 modestia
747 2617 866 2718 major.
895 2622 1011 2686 Sermo
1038 2618 1162 2701 rarior,
1189 2633 1220 2688 et
1248 2619 1365 2707 gravis
1387 2615 1450 2704 qui·

193 2705 284 2786 dem,
311 2718 343 2776 et
366 2706 425 2793 qui
452 2704 536 2774 nihil
563 2704 701 2776 baberet
719 2706 894 2775 inanitatis
914 2720 947 2775 et
971 2705 1052 2776 luci:
1072 2720 1111 2777 ut
1135 2707 1190 2779 liis
1211 2707 1387 2797 praeditus
1408 2725 1451 2773 or·
1484 2723 1485 2754 ³

194 2793 376 2874 namentis,
391 2793 608 2864 ridereturin
624 2815 765 2884 corpore
781 2794 916 2864 mortali
937 2795 1183 2866 immortalium
1205 2797 1312 2865 vitam
1331 2795 1449 2886 degere.

237 2884 255 2967 ἓ
278 2887 321 2954 ὅ.
349 2887 410 2951 Per
430 2882 462 2951 id
489 2895 603 2952 autem
628 2884 791 2972 temporis
814 2882 975 2954 Nicolaus
998 2885 1194 2954 avunculus
1220 2885 1387 2977 templum
1401 2903 1449 2951 no-

197 2969 276 3050 bile,
296 2968 361 3039 sub
386 2993 502 3040 sacrae
526 2971 605 3041 Sion
631 2973 770 3042 nomine
801 2973 911 3053 struit,
930 2973 1029 3062 eique
1058 2975 1130 3062 pari
1156 2973 1325 3064 dignitate
1349 2993 1450 3042 mona·

195 3060 336 3130 sterium
355 3057 461 3129 addit.
489 3061 549 3130 Cui
573 3082 653 3130 cum
675 3061 717 3130 de
738 3059 967 3150 praeficiendo
991 3062 1218 3151 gubernatore
1236 3084 1299 3150 pro
1325 3063 1371 3130 rei
1394 3079 1451 3128 am·

194 3148 365 3237 plitudine
379 3148 553 3236 cogitaret,
566 3149 676 3221 visum
694 3161 756 3230 est,
768 3148 800 3216 id
817 3149 941 3238 negotii
957 3151 1199 3238 nepotispurae
1210 3149 1451 3239 sapientiaeque
1483 3211 1484 3222 .

191 3237 416 3317 committere,
445 3251 515 3306 tum
533 3249 571 3306 ut
590 3237 816 3307 admirabiles
832 3239 907 3326 eius
932 3237 1072 3308 virtutes
1086 3261 1151 3308 usu
1175 3251 1207 3308 et
1225 3239 1451 3308 exercitadone
1483 3235 1484 3244 ’

194 3326 380 3414 vegetiores
405 3325 580 3408 redderet,
608 3339 679 3396 tum
706 3327 788 3414 quia
813 3347 912 3396 nemo
935 3339 1007 3395 erat
1031 3327 1064 3395 in
1099 3341 1272 3418 promptu,
1300 3327 1360 3414 qui
1393 3343 1449 3394 ren

194 3414 288 3484 illam
326 3426 385 3483 aut
414 3413 616 3504 sapientius,
643 3426 702 3484 ant
725 3414 900 3495 sanctius,
931 3425 990 3482 aut
1017 3414 1217 3506 diligentius
1266 3416 1448 3484 ubernarot.

192 3508 353 3593 llepotem
371 3503 485 3592 itaque
500 3503 670 3593 praefecit,
687 3503 788 3590 eiquo
802 3503 971 3605 plurimos
989 3517 1199 3594 praestantes
1215 3438 1376 3596 atljungtt
1394 3521 1452 3570 mo·

195 3593 341 3674 nachos,
376 3605 414 3661 ut
438 3591 528 3661 velut
552 3593 585 3660 in
612 3614 648 3662 re
673 3592 834 3674 militari,
865 3604 897 3661 et
929 3596 1170 3682 Imperatorem
1202 3593 1391 3670 exercitus,
1426 3599 1451 3655 et

191 3684 376 3751 exercitum
415 3684 604 3771 Imperator
628 3681 702 3771 pari
731 3681 894 3750 virtutum
930 3680 1028 3750 cultu
1054 3695 1087 3752 at
1111 3681 1283 3751 voluntate
1313 3681 1449 3750 baberet.

192 3771 263 3838 Hoc
280 3772 395 3856 itaque
413 3791 540 3840 munus
564 3773 611 3840 ita
634 3769 793 3840 Nicolaus
818 3768 1087 3852 administravit,
1114 3781 1153 3839 ut
1173 3770 1375 3862 dignitatern
1393 3787 1451 3834 mo·
1482 3813 1483 3868 ,

195 3859 333 3926 nasterii
351 3859 590 3947 gubernatoris
615 3858 820 3950 praestantia
846 3857 945 3926 lacile
974 3870 1162 3948 superaret.
1194 3864 1232 3928 In
1257 3879 1366 3946 eoque
1390 3873 1451 3944 per·
1482 3875 1483 3956 p

194 3944 291 4025 stitit,
314 3947 425 4033 quoad
447 3948 520 4035 ipse
536 3947 755 4016 visendorum
778 3967 953 4016 sacrorum
977 3947 1129 4017 locorum
1155 3947 1264 4038 gratia
1288 3947 1323 4014 in
1350 3943 1450 4014 Palae-

195 4034 321 4103 stinam
340 4049 389 4104 est
414 4035 596 4125 proiectus.
623 4035 718 4119 Quod
741 4037 803 4105 iter
833 4033 1027 4126 paulopost
1044 4036 1212 4125 plusculis
1241 4036 1448 4125 attingemus.

196 4123 258 4192 Sed
286 4145 340 4192 me
359 4123 431 4213 jam
451 4124 547 4193 video
568 4124 610 4193 de
636 4126 841 4194 narrationis
856 4124 978 4193 semita
995 4124 1198 4196 declinasse.
1224 4125 1322 4194 Prius
1345 4121 1447 4191 enim,

195 4232 299 4297 quam
326 4211 368 4282 de
394 4213 600 4282 monasterio
616 4211 778 4295 dicerem,
804 4225 876 4282 erat
899 4212 942 4280 de
962 4227 1142 4303 parentum
1167 4213 1319 4294 interitu,
1337 4221 1368 4279 et
1384 4208 1449 4276 bae·

196 4300 349 4370 reditatis
373 4299 616 4370 distrihutione
639 4301 838 4371 dicendum.
865 4306 972 4384 Quem
1000 4301 1111 4371 locum
1138 4324 1231 4372 nunc
1261 4300 1380 4391 paucis
1400 4295 1449 4363 ab·
1481 4367 1482 4388 ξ

196 4387 381 4458 solvamus.
420 4393 580 4459 Parentes
612 4389 690 4478 ejus
723 4391 759 4459 in
794 4389 890 4460 illius
925 4391 1137 4480 pestilentiae
1168 4390 1340 4470 vastitate,
1372 4401 1447 4472 quac
1481 4391 1482 4481 p
