2994 4832
309 671 312 678 ,
418 557 532 656 vim
570 558 610 655 s,
647 558 813 656 stain
850 555 965 656 ino.
1005 557 1061 655 ur
1097 554 1238 655 tour.

586 809 729 862 suenone
753 813 883 862 craneo
907 813 1072 884 noniano:

293 941 462 988 roarassrs
487 940 591 987 eursu
616 942 637 986 a
662 939 886 988 unrarunnsrs
915 938 1051 986 nsuurrn
1074 935 1359 986 rnaaeunnsrroos.

368 1062 513 1112 ussurus
538 1064 615 1116 euru
640 1063 671 1110 m
688 1061 915 1111 unrarnnnsru
939 1063 976 1110 sr
1000 1064 1019 1107 r
1043 1063 1126 1110 rouo
1149 1059 1287 1110 morsu.

448 1261 476 1316 Ε
498 1261 567 1317 vita
588 1259 747 1318 discessit
769 1275 857 1317 anno
879 1263 935 1316 531
953 1291 989 1301 -
1006 1261 1206 1330 cappadox.

236 1469 254 1555 ᾗ
279 1473 316 1538 1.
345 1466 433 1536 Nihil
451 1481 625 1554 asiaeque
646 1468 730 1538 utile
754 1468 794 1538 ad
821 1467 1089 1538 commovendos
1114 1469 1250 1537 animos
1276 1467 1318 1536 ad
1337 1464 1452 1534 deside-

194 1556 282 1625 rium
315 1557 473 1637 virtutis,
507 1569 609 1643 atque
635 1557 699 1625 vita
725 1558 933 1646 optimorum
960 1571 992 1626 et
1018 1557 1390 1646 praestantissimorum
1415 1555 1451 1619 ri-

193 1667 324 1723 rorum,
353 1643 477 1713 tradita
501 1645 637 1734 piorum
664 1645 822 1716 auribus.
850 1645 949 1716 lilius
973 1635 1065 1714 or'rinr
1088 1646 1177 1714 viam
1197 1643 1277 1714 lieet
1296 1663 1449 1733 asperam.

196 1755 263 1802 non
291 1744 403 1802 tamen
429 1754 504 1802 esse
526 1733 712 1820 ejusmodi,
739 1747 778 1804 ut
802 1733 890 1803 adiri
916 1755 983 1804 nou
1011 1734 1129 1824 possit,
1158 1754 1219 1801 nee
1235 1755 1313 1802 esse
1331 1731 1452 1802 omnino

194 1822 422 1911 desperatam,
449 1822 620 1892 ostendit:
649 1822 707 1892 sed
735 1834 822 1892 reete
847 1823 945 1893 saetis
964 1844 1097 1900 eorum,
1119 1821 1178 1910 qui
1197 1831 1450 1911 praecesserunt.

194 1909 327 1980 inducit
350 1911 391 1980 ad
418 1911 669 1991 imitationem;
696 1925 728 1980 et
753 1913 948 1982 narratione
974 1911 1158 1989 donorum,
1185 1933 1274 1998 quae
1301 1910 1348 1980 iiii
1373 1930 1450 1979 acoe-

194 2011 318 2088 parunt
344 2012 518 2087 tamquam
548 1999 670 2069 arrhas
701 1999 897 2070 futurorum
923 2001 1119 2080 bonorum,
1147 1999 1181 2067 in
1212 2001 1349 2069 animos
1372 1996 1451 2066 audi-

195 2101 306 2158 torum
333 2089 487 2158 immittit
505 2101 702 2178 promptum
720 2103 753 2159 et
772 2089 885 2160 siaore
901 2089 1010 2159 animi
1031 2088 1184 2160 studium
1202 2111 1209 2168 ;
1236 2101 1269 2158 et
1291 2085 1451 2178 persuadet

194 2177 370 2265 despicere
384 2198 522 2246 omnem
542 2177 691 2247 laborem
709 2189 741 2248 et
758 2177 1008 2257 dissieuitatem,
1026 2195 1058 2246 et
1072 2199 1111 2246 ea
1131 2191 1338 2268 postponere
1357 2173 1451 2272 aequi·

194 2267 309 2336 sitioni
341 2265 439 2352 ejus,
465 2264 557 2354 quod
583 2278 633 2336 est
657 2267 787 2337 bonum
813 2281 844 2336 et
869 2267 1076 2347 honestum,
1103 2266 1302 2355 eujusmodi
1332 2277 1381 2336 est
1401 2275 1447 2329 rin

197 2355 313 2446 magni
340 2353 459 2436 Sabae,
486 2369 518 2424 et
544 2356 599 2424 Dei
626 2377 724 2424 amor
748 2355 944 2436 ineffabilis,
972 2368 1005 2424 et
1023 2355 1082 2442 qui
1110 2369 1248 2513 propter
1274 2356 1387 2446 ipsum
1408 2373 1452 2446 su·
1485 2363 1486 2401 ὲ

195 2444 301 2532 soepti
334 2456 415 2513 sunt
444 2443 612 2523 sudores;
644 2457 676 2513 et
708 2467 830 2514 rursus
861 2443 1134 2514 innumerabiles
1187 2465 1335 2514 onorum
1373 2443 1453 2528 iargi-

196 2533 317 2613 tiones,
345 2553 432 2618 quae
456 2553 544 2611 eam,
571 2554 660 2618 quae
677 2533 956 2614 ittteesttutura,
976 2533 1185 2602 eoniirmant
1209 2532 1452 2616 beatitudinem.
1484 2615 1485 2618 Ἴ

196 2621 258 2690 Sed
286 2621 395 2690 satius
418 2619 521 2688 fuerit
545 2621 708 2711 deinceps
733 2623 844 2691 virum
870 2623 914 2692 ab
938 2621 1005 2691 aits
1030 2622 1133 2711 petitu
1159 2622 1334 2712 principio
1359 2637 1454 2716 perse·
1484 2621 1485 2695 t

195 2709 269 2796 qui,
296 2730 419 2795 resque
442 2709 518 2798 ejus
542 2709 662 2779 sedulo
687 2733 725 2780 ae
750 2709 934 2803 diiigenter
959 2723 1115 2790 tractare,
1144 2709 1229 2780 nihii
1257 2717 1455 2800 praeterunt-

196 2797 297 2866 tendo
321 2819 453 2876 eorum,
479 2820 568 2885 quae
592 2812 674 2868 sunt
699 2799 809 2890 magis
834 2813 1052 2902 opportuna,
1078 2798 1171 2885 quod
1190 2799 1333 2886 quidem
1359 2807 1455 2886 aperte

197 2887 385 3043 inaximppn
420 2886 586 2956 damnum
620 2901 653 2956 et
675 2901 750 2968 est,
783 2903 815 2958 et
839 2890 1055 2959 existimatur
1081 2888 1151 2968 iis,
1185 2887 1245 2976 qui
1277 2901 1395 2958 amant
1416 2901 1456 2950 res
1483 2937 1484 2989 p

195 2995 330 3043 eusmo
358 2997 379 3042 r.

210 2995 258 3150 J§
284 3067 328 3134 ἱ.
356 3063 444 3132 Huie
461 3085 543 3154 ergo
569 3066 666 3135 beato
693 3065 800 3153 patria
826 3065 965 3153 quidem
991 3077 1064 3134 erat
1088 3063 1317 3154 Cappadocia.
1338 3058 1455 3134 Natus‘

195 3163 245 3220 est
262 3165 375 3220 autern
402 3153 437 3221 in
456 3153 529 3223 vieo
554 3154 740 3225 Mutaiasoa
763 3155 844 3244 (hoo
863 3168 914 3224 est
933 3154 1026 3224 enim
1043 3154 1074 3222 ei
1091 3174 1214 3224 nomen
1236 3208 1243 3235 ,
1270 3174 1361 3242 quae
1379 3149 1457 3242 prius
1482 3175 1483 3212 2

195 3240 334 3340 quidem
361 3254 433 3310 erat
457 3241 535 3312 vilis
557 3258 590 3312 et
614 3242 796 3334 ignobilis,
823 3255 855 3312 et
879 3243 944 3312 sita
969 3244 1035 3312 sub
1061 3242 1240 3334 metropoi
1273 3248 1457 3312 Caesarem·
1482 3231 1483 3280 i

196 3351 307 3399 stum:
334 3351 374 3399 ex
397 3351 436 3400 eo
460 3345 573 3400 autem
602 3344 717 3421 postea
748 3333 855 3402 evasit
880 3331 1051 3420 insignis,
1078 3344 1111 3400 et
1136 3331 1236 3421 longe
1259 3330 1385 3400 clarior
1414 3323 1458 3418 ilia

196 3418 393 3498 tirrnathen,
420 3441 508 3506 quae
524 3419 606 3489 oiim
633 3420 711 3490 tulit
726 3420 882 3491 divinum
905 3419 1115 3490 Samuelem.
1142 3420 1326 3509 Oportebat
1351 3433 1458 3486 veroet
1481 3491 1482 3496 ,

196 3509 338 3577 omnino
355 3509 494 3578 meritas
518 3509 643 3580 referre
667 3510 807 3598 gratias,
835 3509 926 3595 quod
953 3509 1086 3578 eumin
1106 3508 1218 3578 iucem
1246 3507 1457 3609 produxisset.
1481 3517 1482 3570 t

196 3601 294 3665 Pater
317 3601 491 3676 ioannes,
521 3611 629 3668 mater
658 3599 806 3688 Sophia,
833 3599 893 3684 qui
918 3610 1016 3666 erant
1047 3597 1150 3667 ambo
1173 3596 1258 3666 olari
1290 3615 1409 3688 genere
1435 3601 1459 3686 tt

199 3684 332 3772 pietate.
360 3689 465 3755 Natus
495 3699 546 3755 est
576 3699 691 3756 autem
722 3685 857 3756 decimo
886 3687 1032 3776 septimo
1064 3685 1249 3756 consulatu
1280 3683 1455 3755 theodosus

197 3775 280 3871 Cum
308 3795 384 3843 vero
400 3773 472 3862 jam
490 3775 650 3860 quintum
676 3776 796 3844 aetatis
821 3797 950 3846 annum
970 3786 1085 3865 ageret
1102 3775 1158 3844 hie
1176 3775 1227 3844 rir
1245 3767 1456 3864 admirabilis.
1480 3823 1481 3858 p

197 3881 272 3946 ejus
296 3875 411 3931 autem
439 3877 596 3951 parentes
631 3863 839 3954 migrassent
871 3864 1108 3934 Alexandriam
1140 3863 1248 3952 (narn
1284 3861 1481 3932 necessario

198 3969 266 4048 ros
282 3952 423 4022 vocabat
441 3965 521 4022 tune
538 3951 652 4022 sutura
673 3953 843 4040 quaedam
869 3953 1067 4042 expeditio,
1094 3953 1169 4042 ipse
1192 3953 1227 4021 in
1247 3947 1456 4042 Cappadocia,

198 4035 316 4105 drrrna
336 4039 485 4126 quadam
512 4042 751 4130 providentia,
778 4041 869 4132 apud
904 4063 1041 4111 neuneu
1060 4063 1143 4121 um,
1169 4042 1226 4111 eui
1253 4061 1373 4111 nornen
1398 4041 1458 4104 erat

200 4127 368 4225 Hermiae
395 4150 474 4197 cunr
502 4131 653 4218 paternis
672 4131 879 4218 relinquitur
902 4129 1148 4200 facultatibus:
1177 4131 1299 4230 partim
1317 4125 1455 4216 quidem.
1479 4139 1480 4160 t

203 4235 245 4281 ne
270 4216 375 4312 rumis
406 4229 522 4286 tenera
546 4219 642 4308 pueri
678 4233 771 4290 aetas
796 4219 1042 4310 defatigaretur
1073 4217 1205 4286 itineris
1234 4213 1454 4310 longitudine:

202 4315 326 4390 partun
345 4316 472 4384 autem,
500 4318 538 4374 ut
562 4308 590 4376 si
618 4321 774 4396 parentes
799 4309 901 4376 vitam
929 4305 999 4377 iliie
1018 4307 1200 4388 finissent,
1225 4305 1378 4395 pulcrum
1398 4296 1479 4394 diro}

226 4425 385 4478 *annotati
1478 4415 1479 4455 i
