2972 4826
50 319 105 386 llll.
122 322 157 386 tt

348 343 387 388 lt!
409 343 438 390 S·
463 339 601 390 :Utatttt
625 342 709 390 vtttn.
736 343 774 389 ΕΤ
797 343 891 390 ssiu.

295 431 335 495 Te
359 425 520 516 lacrymis
547 426 712 497 labefacta
736 425 861 496 domus

250 515 477 602 Prosequitur,
495 517 701 606 generisque
721 517 771 585 tui

250 606 395 694 Ingemit
411 607 512 674 anxia
530 605 703 686 nobilitas,

251 693 343 762 Flore
363 693 453 781 quod
470 694 601 764 occidis
617 695 651 762 in
669 705 795 774 tenero,

251 783 405 852 Proxima
429 782 569 852 dotibus
583 793 616 852 et
632 782 796 852 thalamo.

293 885 364 950 lton
381 893 491 950 moret
510 901 614 950 aurea
632 901 758 969 pompa
775 879 861 949 toril

250 973 321 1038 llon
339 969 446 1060 pietas
463 969 655 1038 veneranda
672 990 817 1049 senum;

250 1061 341 1140 Quos
363 1059 541 1128 temeraria
559 1057 744 1128 debilitas?

249 1151 333 1217 Ecce
357 1161 475 1237 parata
500 1147 691 1216 ministeria

248 1234 496 1306 Excruciabilis
519 1235 624 1305 exitii.

292 1339 356 1403 lut
378 1333 494 1424 gladio
514 1333 633 1403 feriere
653 1343 768 1420 caput,

245 1427 311 1491 Aut
333 1423 507 1492 laniabere
527 1422 682 1492 membra
696 1422 788 1504 ieris,

247 1514 312 1580 lut
335 1510 468 1582 lacibus
488 1511 568 1580 data
591 1510 767 1594 sumiticis,

247 1598 488 1688 Flebiliterque
503 1599 672 1670 ululanda
694 1601 772 1682 tuis,

247 1692 286 1758 In
311 1689 444 1760 cineres
469 1689 614 1759 resoluta
640 1690 737 1758 lines.

291 1791 394 1866 Haec,
418 1807 511 1876 rogo,
530 1787 609 1874 quis
633 1787 729 1858 labor
752 1799 814 1869 est,
833 1785 972 1877 ingeret

248 1875 282 1944 Si
309 1873 484 1946 modicum
510 1875 593 1946 salis
616 1875 780 1944 eminulis

246 1963 373 2034 Thuris
389 1977 422 2033 et
437 1965 598 2054 exiguum
616 1964 735 2054 digitis

245 2057 399 2142 Tangere
415 2053 510 2142 virgo
531 2053 679 2143 benigna
696 2053 791 2135 velis,

245 2147 359 2212 Poena
382 2142 496 2231 gravis
521 2141 639 2230 procui
665 2141 861 2212 abfuerit.»

292 2245 419 2330 llartyr
442 2239 484 2308 ad
510 2240 575 2309 ista
600 2239 706 2320 nibil;
733 2239 903 2311 sedenim

245 2327 416 2409 Iniremit,
439 2328 544 2416 inque
568 2330 705 2419 tyranni
731 2327 848 2400 oculos

246 2423 355 2519 Sputa
378 2417 482 2504 jacit;
509 2417 694 2488 simulacra
718 2417 844 2488 debinc

246 2507 408 2596 Dissipat,
426 2506 694 2596 impositamque
718 2507 844 2576 molam

245 2594 462 2675 Tburibuiis,
481 2594 565 2684 pede
590 2595 793 2686 prosubigit.

291 2698 358 2763 Nec
381 2714 490 2774 mora,
508 2694 688 2764 carnifices
712 2693 840 2784 gemini

244 2788 379 2853 iuncea
404 2795 539 2870 pectora
560 2781 760 2864 dilacerant,

245 2877 286 2942 Et
306 2870 396 2941 latus
417 2870 549 2960 ungula
574 2872 768 2963 virgineum

244 2958 352 3030 Pulsa
375 2959 548 3046 utrinque,
568 2973 600 3028 et
624 2960 666 3029 ad
687 2981 765 3029 ossa
789 2971 892 3042 secat,

245 3047 381 3119 Eulalia
408 3061 609 3118 numerante
628 3060 737 3118 notas.

291 3171 310 3214 o
334 3145 511 3225 Scriberis,
530 3169 619 3228 ecoe,
639 3146 736 3226 mihi,
755 3147 915 3217 Domine:

246 3241 359 3319 Quam
380 3234 477 3323 juvat
503 3235 564 3305 bos
588 3236 703 3325 apices
729 3235 851 3324 legere,

245 3325 313 3408 Qui
340 3335 396 3392 tua
422 3323 553 3394 Christe
578 3326 738 3413 trophaea
764 3327 905 3394 notant?

246 3418 377 3483 Nomen
403 3424 435 3479 et
459 3411 534 3500 ipsa
560 3435 694 3483 sacrum
724 3413 876 3501 loquitur

244 3507 408 3589 Purpura
425 3501 607 3590 sanguinis
630 3502 746 3571 eliciti.
768 3525 786 3568 »

292 3603 384 3668 Haec
409 3599 483 3668 sine
508 3599 645 3671 tietibus
667 3613 700 3669 et
744 3600 852 3671 emitu

247 3694 350 3759 Laeta
368 3687 512 3757 canebat
532 3701 565 3757 et
580 3623 762 3777 intrepidi.

245 3778 351 3846 [tirus
366 3775 463 3848 abest
476 3776 575 3848 dolor
589 3799 630 3848 ex
646 3778 774 3858 animo,

247 3864 469 3954 llembraque
487 3867 577 3956 picta
594 3887 715 3937 cruore
731 3888 817 3938 novo

248 3959 353 4024 Fonte
369 3969 480 4024 cutem
503 3956 671 4026 recalente
687 3956 812 4025 lavant.

296 4053 420 4122 Ultima
445 4039 646 4122 carnifibina
672 4052 809 4135 debinc,

248 4146 322 4211 iton
348 4140 510 4212 laceratio
536 4142 697 4211 vulnifica

249 4234 346 4300 Crate
371 4243 482 4303 tenus.
503 4251 564 4299 nec
583 4241 674 4300 arata
698 4233 806 4302 cutis:

248 4318 403 4388 Flamma
428 4318 485 4389 sed
512 4311 668 4407 undique
690 4321 909 4411 lampadibus

248 4411 286 4478 ln
311 4405 414 4478 latera
432 4406 717 4498 stomachumque
742 4409 835 4482 surit.
945 4431 950 4444 ·
