2960 4824
39 272 103 336 DEC.
128 273 165 338 l6
391 291 429 336 ne
454 291 481 336 s.
509 288 642 338 susurro
667 293 715 338 er.
743 291 890 340 veneunt.
1171 277 1234 341 353

35 379 105 442 serta
124 375 183 454 viv,
200 372 439 444 deficientibus
458 373 568 454 nobis,
587 374 669 445 olim
688 397 766 445 cum
786 376 876 445 victu
901 375 1016 444 venire
1034 377 1276 466 permiserunt.
1311 431 1315 440 .

35 466 102 531 llaec
118 463 225 550 itaque
245 461 533 533 Ariomanitarum
549 485 664 554 opera.

65 553 164 638 §tu
190 550 316 633 Videte,
344 551 556 623 sanctissimi
579 551 713 635 fratres,
732 553 762 622 si
789 574 857 623 non
888 563 939 622 est
968 556 1171 641 persecutio,
1194 555 1277 625 dum
1386 635 1389 640 ,

32 639 96 709 haee
118 641 275 730 patimur,
292 639 354 728 qui
375 639 478 710 fidem
503 640 709 712 catholicam
734 641 975 714 custodimus:
1002 654 1035 710 et
1058 641 1162 712 altius
1185 645 1280 734 cogi-

32 737 91 810 tate,
112 751 190 800 num
215 728 313 800 valde
333 729 436 799 etiam
452 729 601 802 deterior
617 731 673 812 sit,
690 751 793 818 quam
812 729 883 812 illa,
902 751 990 817 quae
1008 730 1111 809 fiebat
1128 753 1187 821 per
1202 734 1278 814 hos,

30 819 76 903 qui
96 817 191 890 idelis
224 818 429 890 serviebant.
462 818 519 888 Illi
555 819 736 892 mittebant
766 821 1024 900 incorporem,
1058 840 1124 890 non
1166 834 1278 892 tamen

30 905 233 994 prohibebant
249 906 290 978 ad
310 929 347 978 se
367 907 484 978 venire
500 930 593 980 suos.
1139 953 1140 956 =
1402 997 1403 1002 Ἰ

62 997 161 1082 §14-
183 1001 358 1080 Quantum
378 1017 460 1154 ergo
481 1010 618 1068 satanas
643 998 812 1068 Ecclesias
836 996 1027 1067 vulneravit
1048 1018 1108 1087 per
1127 997 1280 1068 lrioma-

28 1083 155 1154 nitamm
173 1084 411 1156 crudelitatem
468 1091 506 1156 ln
532 1087 687 1160 custodia
714 1085 852 1178 publica
877 1087 1029 1168 mittunt,
1048 1085 1108 1174 qui
1134 1085 1280 1158 liberare

27 1171 142 1244 debent.
161 1173 365 1246 violentiam
390 1172 533 1257 faciunt,
560 1177 618 1264 qui
644 1187 682 1246 ut
706 1177 880 1266 patiantur
901 1175 1057 1266 justitiae
1071 1197 1189 1258 causa,
1206 1174 1278 1246 dis-

27 1274 105 1330 cunt.
119 1263 234 1332 Aliena
258 1261 441 1353 diripiunt,
456 1264 517 1351 qui
533 1287 593 1336 sua
613 1265 745 1354 direpta
770 1286 812 1334 ne
828 1277 993 1354 repetant,
1011 1264 1053 1335 de
1069 1264 1187 1334 divine
1205 1265 1278 1354 lege

28 1347 181 1422 dccentuc
207 1357 386 1424 Praeterea
408 1365 538 1441 quanta
563 1353 641 1424 illos
661 1353 785 1424 invasit
808 1351 1007 1434 crudelitas,
1025 1353 1108 1423 dum
1134 1353 1277 1424 laeulta·

28 1437 103 1510 tibus
132 1440 380 1530 temporalibus
415 1441 595 1532 gaudent?
630 1448 667 1514 ln
703 1463 839 1513 carcere
873 1441 1068 1514 latronibus
1098 1443 1278 1524 clausis‚a

26 1529 269 1612 quaestionariis
283 1529 335 1600 vel
352 1552 372 1599 a
382 1529 564 1622 judicibus
580 1553 646 1603 non
663 1531 853 1623 denegatur
867 1528 1013 1600 facultas
1027 1529 1164 1626 videndi
1178 1553 1276 1604 suos:
1375 1617 1377 1622 ,

26 1617 148 1688 anobis
165 1630 198 1689 et
222 1619 351 1690 nostris
379 1619 620 1710 prohibentur,
634 1632 668 1691 et
681 1621 794 1691 devoti
820 1619 941 1690 fratres
968 1639 1011 1688 ne
1039 1620 1188 1702 veniant,
1210 1643 1276 1690 nen

27 1703 118 1776 selum
142 1708 183 1780 ab
203 1707 356 1800 bospitio
371 1723 545 1792 arcentur,
571 1731 640 1799 quo
664 1722 833 1791 tenemur,
860 1707 986 1809 sedne
1009 1706 1146 1792 adeant,
1165 1731 1279 1780 carce·

28 1815 88 1864 rum
106 1798 373 1868 comminatione
397 1810 579 1868 terrentur.
599 1799 653 1868 Sic
677 1811 821 1869 cunctos
845 1797 1130 1886 subjugaverunt,
1148 1809 1187 1868 ut
1205 1821 1278 1869 ma-

29 1881 227 1956 nifestissime
260 1887 472 1978 agnoverim,
502 1886 547 1959 ab
571 1888 749 1978 llpiscopis
784 1886 974 1977 incipiam,
1004 1883 1088 1955 dum
1115 1887 1279 1957 bonorem

27 1971 146 2055 quidam
171 1974 296 2046 timent
319 1976 487 2056 amittere,
509 1977 603 2066 ipsos
627 1976 730 2046 fidem
760 1974 967 2065 perdidisse:
993 1974 1148 2063 dumque
1171 1974 1280 2046 facul-

29 2071 94 2131 tates
107 2075 259 2136 terrenas
279 2076 312 2134 et
329 2064 566 2135 immunitates
591 2064 714 2135 nolunt
739 2064 892 2155 perdere,
910 2062 1072 2134 coelestes
1100 2063 1280 2134 thesauros

28 2159 52 2216 et
65 2172 166 2222 veram
191 2153 413 2224 securitatem
432 2153 565 2224 nullam
589 2153 777 2244 judicasse.
799 2155 853 2223 Sic
870 2173 1007 2240 quoque
1024 2152 1120 2223 ducti
1141 2153 1277 2236 caeteri,

27 2235 92 2306 dnm
116 2241 303 2332 Episcopos
329 2241 412 2312 haee
439 2243 598 2314 timentes
625 2243 767 2333 perdere
790 2242 917 2323 vident,
940 2263 1056 2312 amare
1079 2255 1276 2332 coeperunt,

27 2345 96 2479 guae
109 2349 245 2420 semper
261 2329 389 2400 habere
408 2351 476 2402 non
502 2345 659 2422 possunt.
680 2333 734 2402 Sic
749 2331 979 2402 Ariomenitae
995 2329 1117 2402 divites
1138 2342 1275 2412 terrent,

33 2435 93 2510 'um
112 2417 164 2488 bis
189 2419 478 2509 proscriptionem
505 2421 693 2492 minantur:
712 2421 762 2490 sie
780 2441 960 2510 pauperes,
979 2419 1062 2490 dum
1080 2431 1277 2510 potestatem

31 2523 55 2570 rr
70 2525 195 2580 carcere
210 2507 416 2578 recludendi
433 2509 571 2580 habent.
600 2515 639 2579 Et
654 2522 782 2597 quanta
802 2509 939 2580 insania
957 2509 1031 2578 est?
1055 2513 1093 2578 In
1119 2509 1193 2579 loco
1212 2529 1280 2596 quo

29 2603 172 2680 tenemur,
191 2619 261 2670 non
288 2596 401 2668 solum
427 2598 530 2680 viros,
549 2599 610 2687 qui
635 2599 736 2670 nobis
759 2600 924 2680 serviunt,
951 2597 986 2666 in
1007 2619 1179 2668 carcerem
1201 2598 1280 2668 mit·

29 2690 98 2762 tunt,
115 2685 171 2756 sed
186 2698 220 2758 et
238 2685 375 2776 puellas
394 2688 675 2758 sanctimoniales
691 2689 765 2759 sine
789 2688 861 2759 ullo
884 2684 1002 2756 divino
1028 2687 1149 2756 timore
1165 2685 1201 2754 in
1218 2709 1279 2755 cu-

28 2770 119 2842 stodia
135 2775 276 2864 publica
292 2774 487 2846 recludunt.
508 2776 585 2860 Sed,
606 2790 644 2848 ut
666 2777 774 2868 gavisi
796 2798 862 2848 non
892 2788 974 2846 sunt
1002 2777 1154 2848 seniores
1182 2773 1277 2857 mali,

27 2857 74 2942 qui
96 2862 296 2950 pudicitiam
329 2868 509 2935 susannae
538 2865 665 2937 violare
692 2867 914 2954 quaerebant,
934 2865 978 2934 ita
1003 2885 1066 2935 nec
1091 2865 1127 2934 bi
1151 2864 1281 2956 gaude·

28 2944 97 3044 bunt
120 2972 269 3043 semper,
296 2952 357 3040 qui
381 2953 567 3025 Ecclesiam
599 2954 835 3046 persecutione
862 2953 976 3034 varia,
1003 2967 1036 3024 et
1059 2953 1280 3045 depressione

28 3037 116 3106 mnia
143 3061 227 3112 suae
252 3041 448 3112 infidelitati
476 3054 646 3114 conantur
680 3043 861 3134 subjicere.
890 3041 978 3111 Dixit
1011 3043 1103 3113 enim
1139 3055 1280 3129 sanctus

29 3125 125 3195 Daniel
153 3129 194 3198 ad
224 3129 328 3220 illos:
353 3133 409 3204 Sic
433 3133 587 3212 ,timentes
602 3135 696 3223 filiae
712 3136 821 3204 lsroe'l
836 3131 1091 3202 concumbebant
1113 3134 1280 3202 veliacum
1334 3131 1344 3154 ‘

28 3209 108 3296 (Dan.
127 3218 210 3309 rur).
239 3219 303 3289 Sed
336 3219 483 3302 recedat,
506 3221 729 3302 sanctissimi,
761 3222 936 3290 humanus
973 3220 1076 3290 timer
1106 3243 1124 3288 a
1161 3221 1281 3292 vestris

28 3301 147 3399 animis,
180 3329 261 3378 cum
295 3307 449 3378 babeatis
477 3309 612 3380 Domini
637 3308 919 3383 consolationem.
949 3308 1008 3395 qui
1039 3307 1144 3378 dicit:
1171 3311 1280 3380 Nolite

30 3397 219 3466 tenerculos
243 3399 306 3488 qui
321 3420 438 3488 corpus
457 3399 622 3480 occidunt,
651 3400 800 3468 animem
825 3407 936 3466 autem
957 3397 1104 3466 occidere
1123 3419 1185 3466 non
1204 3419 1280 3488 pos·

30 3489 90 3572 sent
110 3481 241 3570 (natet.
262 3484 307 3575 x).
328 3491 477 3575 Tempus
500 3499 551 3557 est
577 3487 801 3578 probationis,
833 3499 969 3575 tempus
999 3497 1060 3568 est,
1089 3497 1128 3555 ut
1148 3487 1281 3576 probati

32 3584 227 3666 innotescant
266 3573 451 3644 manifesti.
479 3574 559 3645 Ideo
590 3587 796 3666 acceperunt
828 3573 1021 3644 humanum
1056 3573 1279 3664 adjutorium,

31 3659 264 3738 peradivinurn
290 3683 358 3732 non
383 3663 528 3734 habent:
555 3663 646 3752 quod
672 3664 701 3736 si
727 3663 902 3744 haberent,
923 3668 1102 3754 nunquam
1120 3675 1282 3754 potestate

33 3751 144 3818 terrena
167 3751 407 3822 innocentium
433 3751 501 3822 sibi
521 3753 656 3824 animas
672 3752 909 3844 subjugarent.

49 3834 167 3934 lib.
185 3838 292 3910 Multa
316 3840 358 3909 de
382 3839 520 3910 illerum
548 3841 660 3922 malis,
678 3842 806 3930 quibus
829 3862 897 3912 nen
923 3841 1018 3912 selus
1036 3863 1111 3931 ego,
1129 3841 1188 3912 sed
1207 3841 1283 3932 plu·

35 3937 96 3990 nmr
117 3925 370 4016 deprimimur,
396 3928 627 4014 debueramus
656 3932 826 4002 scrihere:
852 3929 910 4000 sed
937 3952 978 4000 ne
1007 3952 1187 4021 possemus
1219 3931 1283 4003 boc

35 4003 134 4104 fecem,
152 4029 185 4085 et
204 4016 359 4107 ipsorum
377 4017 614 4090 crudelitatem
636 4018 757 4091 litteris
772 4020 944 4099 intimare,
962 4021 1154 4090 arctissima
1172 4034 1284 4092 euste-

38 4091 78 4164 dra
93 4123 266 4178 servamur
288 4107 332 4178 ab
349 4107 446 4197 ipsis.
465 4107 546 4180 Ideo
562 4108 606 4179 ad
631 4131 694 4180 nos
710 4123 743 4180 et
766 4109 838 4190 alii,
857 4121 889 4179 et
910 4109 1017 4180 nostri
1041 4109 1143 4179 amici
1169 4111 1283 4200 probi·

39 4177 139 4288 beetur
160 4194 333 4266 accedere.
361 4195 424 4266 Sed
443 4199 612 4268 concessit
628 4198 793 4268 Dominus
820 4197 904 4266 mibi
924 4199 1011 4268 banc
1027 4198 1206 4289 epistolem
1226 4221 1286 4291 per

43 4280 235 4354 carissimum
259 4297 414 4355 nostrum
439 4285 482 4355 ad
508 4309 567 4356 vos
598 4291 720 4388 Syrum
747 4285 926 4357 diaconem
958 4287 1100 4368 mittere,
1119 4309 1221 4375 quern
1249 4292 1283 4359 in

44 4375 178 4442 potestate
207 4373 363 4444 mittendi
401 4375 531 4446 habui:
569 4395 651 4462 qura
686 4373 901 4465 providentia
938 4376 1072 4446 Domini
1108 4379 1216 4448 nostri
1246 4401 1284 4450 eo

103 4489 239 4548 surius·
259 4491 342 4553 Vitae
358 4490 409 4553 SS.
424 4525 437 4539 -
452 4491 521 4555 l'el.
536 4489 600 4552 Xll.
1170 4493 1208 4556 23
