2946 4798
52 273 126 338 DEC.
151 275 193 338 28
405 291 444 340 ur
468 290 514 338 ss.
542 290 626 350 rnna,
653 289 760 338 norrun
783 289 850 336 arc.
878 289 936 338 xx.
1199 274 1262 337 523

53 375 173 446 dicebat
199 374 358 446 assidue:
394 396 411 440 «
447 375 509 446 Ubi
540 387 591 445 est
624 377 780 446 llomnat
813 373 877 443 Ubi
909 385 959 444 est
992 373 1151 444 sacerdos
1181 374 1308 444 Dianae

52 477 79 532 et
99 465 287 534 ttinervae?
304 487 323 531 »
342 469 476 534 Rursus
490 485 571 555 ergo
586 464 617 534 ei
633 463 756 533 dicunt
772 462 814 531 de
830 463 974 552 integro,
996 485 1084 552 quae
1104 461 1308 533 videbantur

50 551 205 624 accidisse
227 551 365 644 virgini,
384 565 416 620 et
439 573 527 640 quae
551 551 675 624 lecerat
701 552 902 634 Eunuchus,
930 551 976 621 ita
1003 565 1040 622 ut
1064 573 1118 622 res
1142 574 1178 623 se
1204 551 1308 621 habe-

50 643 110 724 bat,
127 642 333 732 significant.
353 640 416 712 Ille
438 652 552 711 autem
579 663 659 712 cum
678 640 785 710 multa
806 640 948 710 dixisset
967 639 1009 709 de
1028 640 1304 722 Archieunucho,

50 742 77 798 et
104 730 196 800 valde
222 751 324 821 aegre
349 729 495 810 tulisset,
520 730 611 817 quod
637 729 668 799 ei
693 731 759 799 vita
788 728 909 800 suisset
931 742 1143 810 conservata,
1153 728 1253 820 jubet
1276 728 1309 798 ei

48 819 175 906 quidem
199 830 306 910 caput
329 818 517 908 amputari:
539 819 706 908 virginem
724 839 803 888 vero
825 819 946 906 quaeri
971 819 1006 887 in
1034 818 1261 899 monasteriis,
1277 829 1310 886 et

48 907 107 976 diis
121 908 212 978 illius
229 907 371 980 serrari.
391 911 481 978 llaec
496 929 576 977 oum
594 907 785 980 rescivisset
799 929 851 988 ea,
867 927 956 995 quae
969 907 1176 978 monasterio
1192 927 1307 997 praee·

50 1010 115 1077 rat,
145 998 178 1068 iu
203 1019 274 1088 quo
298 1009 371 1067 erat
394 1010 537 1078 sancta,
570 996 744 1098 imprimis
780 996 870 1066 virili
905 1009 1064 1087 suscepta
1088 996 1304 1086 cogitatione,

50 1085 129 1153 virili
152 1098 252 1158 tonsu
276 1099 309 1155 et
335 1098 425 1156 veste
455 1098 576 1155 ornata
603 1086 757 1176 virgine,
778 1098 811 1155 et
838 1106 956 1176 preces
984 1108 1064 1156 curn
1091 1084 1253 1174 lacrymis
1276 1084 1308 1152 ei

52 1175 202 1330 ppapbens
237 1175 313 1244 viae
348 1173 508 1245 custodes
531 1186 564 1244 et
597 1173 727 1257 duces,
757 1195 833 1244 earn
867 1173 957 1244 clam
995 1173 1185 1244 emittitex
1210 1193 1307 1243 sacro

53 1274 195 1332 toarno.

90 1352 106 1436 ἓ
125 1356 193 1425 19.
216 1352 283 1424 Sed
309 1351 494 1422 sceleratus
516 1373 582 1420 non
604 1351 760 1422 cessabat
775 1372 951 1438 quaerere:
977 1363 1010 1420 et
1033 1372 1112 1420 cum
1134 1371 1207 1420 eam
1237 1371 1306 1420 non

52 1437 211 1524 inveniret,
234 1440 372 1510 surebat
395 1442 626 1511 communiter
641 1441 675 1508 in
699 1439 816 1509 omnia
841 1441 1059 1509 monasteria.
1079 1444 1184 1526 Atque
1209 1461 1309 1510 saera

50 1528 173 1612 quidem
197 1530 317 1599 omnia
348 1530 554 1599 monasteria
577 1528 762 1598 crudeliter
781 1528 1031 1598 diruebantur:
1055 1528 1204 1618 virgines
1229 1550 1307 1598 vero

49 1620 178 1706 turpiter
202 1617 340 1709 probris
361 1615 615 1688 alliciebantur:
634 1617 798 1708 virgines,
816 1617 901 1707 prob
921 1616 1050 1698 dolorl,
1070 1639 1156 1706 quas
1174 1639 1216 1686 ne
1237 1639 1308 1685 ma-

50 1705 208 1777 sculorum
230 1705 373 1795 quidem
400 1707 511 1777 oculis
536 1705 642 1775 videri
663 1718 734 1776 erat
758 1727 912 1793 unquam
943 1705 1182 1775 tolerandum:
1206 1719 1308 1794 atque

50 1793 89 1862 ita
109 1817 164 1884 per
184 1796 305 1866 omnia
325 1796 531 1884 pervadebat
554 1795 744 1877 calamitas,
764 1795 865 1882 quasi
890 1807 989 1885 capta
1013 1807 1101 1865 esset
1124 1794 1244 1864 civitas
1264 1794 1307 1865 ab

50 1881 201 1954 hostibus.
233 1883 521 1972 Quibuscumque
544 1905 626 1974 ergo
655 1905 773 1954 earurn
805 1895 903 1953 erant
927 1905 1071 1973 corpora
1099 1883 1258 1963 valentia,
1277 1895 1309 1953 et

52 1992 144 2058 neque
176 1985 361 2054 senectus,
396 1994 507 2060 neque
535 1972 677 2044 morbus
707 1973 834 2062 aliquis
865 1972 1021 2043 tardabat
1043 1993 1162 2044 carum
1190 1971 1303 2061 pedes,

52 2059 131 2146 ipsae
149 2064 264 2132 statim
287 2061 404 2152 lugam
422 2062 633 2152 spectabant,
652 2073 685 2131 et
700 2061 742 2131 ad
767 2073 898 2132 montes
913 2073 946 2130 et
960 2060 1145 2151 speluncas
1160 2073 1192 2130 et
1209 2061 1307 2148 iguo-

51 2159 93 2217 tas
107 2151 309 2220 solitudines
325 2150 479 2220 celeriter
493 2150 646 2231 abibant,
670 2149 837 2220 malentes
853 2151 957 2218 vitam
976 2149 1100 2240 degere
1117 2169 1195 2216 cum
1211 2147 1302 2230 seris,

53 2255 137 2321 quam
162 2240 320 2311 habitare
343 2261 423 2310 cum
446 2239 658 2321 homiuibus
674 2237 754 2309 seris
777 2238 879 2329 ‘longe
904 2237 1182 2318 immanioribus,
1198 2251 1231 2306 et
1247 2237 1308 2323 qui

56 2345 175 2416 corpora
202 2328 435 2418 virginitatem
462 2328 652 2398 exercentia
677 2328 802 2417 probro
826 2327 961 2396 afficere
989 2327 1208 2397 inhonestum
1239 2347 1306 2396 non

56 2432 115 2484 esse
134 2419 343 2488 existimant.
366 2416 429 2488 Sed
454 2439 506 2498 eo,
529 2417 621 2504 quod
646 2418 827 2506 cogitaras,
846 2416 1032 2486 frustratus
1057 2436 1142 2496 es,o
1167 2415 1307 2485 inimice

53 2507 207 2575 omnium:
232 2516 266 2576 et
288 2527 349 2594 per
367 2526 455 2594 quae
485 2506 628 2596 sperasti
655 2504 872 2595 tyrannidem
897 2525 1065 2583 exercere,
1088 2523 1147 2594 per
1169 2527 1206 2572 ea
1233 2503 1307 2592 ipsa

51 2588 141 2663 lraeta
162 2595 229 2666 luit
245 2595 308 2665 tibi
329 2595 496 2684 tyrannis.
518 2599 588 2664 Non
610 2595 702 2664 enim
722 2615 763 2662 ne
790 2593 869 2663 lexit
887 2599 987 2674 Deus,
1006 2593 1064 2681 qui
1084 2606 1185 2662 natus
1202 2607 1251 2661 est
1268 2613 1308 2664 ex

51 2679 183 2837 l'irpine,
202 2685 299 2773 ipsas
324 2683 473 2784 virgines
497 2682 547 2752 vel
574 2683 608 2751 in
635 2682 747 2751 medio
765 2617 924 2752 lictorum
941 2703 1154 2762 conservare,
1177 2693 1209 2751 et
1223 2702 1309 2768 quo·

52 2788 99 2836 nn
122 2771 271 2853 elidem,
289 2772 335 2840 ita
351 2785 452 2842 ettam
470 2771 717 2842 continentiam
736 2771 830 2862 ipsas
847 2770 989 2861 prodere
1010 2791 1076 2840 non
1100 2772 1305 2860 permittere.

49 2858 129 2926 luter
146 2881 201 2930 eas
225 2874 342 2930 autem
361 2874 536 2948 tamquam
562 2861 650 2929 inter
674 2860 786 2930 claras
810 2871 842 2927 et
859 2859 992 2930 lucidas
1009 2859 1137 2940 stellas,
1158 2881 1227 2932 una
1246 2861 1308 2928 mi·

49 2947 182 3020 randum
204 2951 237 3018 in
268 2949 408 3018 modurn
438 2947 678 3039 resplendebat
702 2949 819 3018 instar
836 2945 949 3028 lunae,
965 2959 998 3017 et
1022 2948 1256 3038 pulcritudine
1276 2961 1308 3017 et

49 3055 160 3120 genere
182 3051 213 3107 et
242 3039 366 3108 virtute
389 3037 468 3108 aliis
493 3051 681 3128 praestans.
710 3042 755 3106 Ea
786 3058 864 3107 vero
896 3037 1083 3108 vocabatur
1105 3036 1305 3128 Theophila.

50 3125 108 3192 Hoc
127 3139 238 3196 autem
262 3127 363 3217 louge
381 3127 575 3198 meliusres
592 3127 666 3217 ipsa
681 3125 847 3196 ostendit.

86 3213 205 3298 §w
234 3221 318 3286 Curn
351 3217 442 3285 enirn
471 3215 531 3286 illa
554 3229 642 3286 esset
668 3215 763 3284 vultu
795 3214 880 3284 adeo
910 3213 1084 3296 lormosa,
1116 3213 1308 3284 traheretur

50 3313 150 3397 autern
175 3326 193 3372 a
219 3303 422 3385 lictoribus,
449 3316 482 3374 et
500 3305 572 3396 Jam
600 3303 642 3374 ad
672 3304 790 3394 probri
818 3325 857 3374 ac
879 3301 1109 3374 contumeliae
1133 3301 1307 3372 officinam

51 3388 200 3461 nolenter
217 3393 503 3475 introduceretur,
519 3415 645 3463 manus
662 3393 765 3465 simul
782 3404 815 3461 et
831 3390 950 3462 oculos
964 3392 1000 3461 iu
1017 3390 1151 3461 coelum
1171 3389 1305 3470 tollens,

51 3488 77 3543 et
95 3480 329 3554 miserabiliter
345 3482 554 3572 adspiciens:
573 3505 591 3549 «
609 3483 653 3552 ui
669 3483 760 3563 lesu,
779 3481 876 3563 dixit,
897 3503 995 3552 meus
1014 3502 1123 3561 amor,
1144 3501 1217 3548 mea
1236 3478 1305 3560 lux,

52 3584 137 3661 meus
152 3572 307 3660 spiritus,
329 3593 426 3642 meus
449 3585 565 3641 custos
588 3571 755 3641 castitatis
779 3583 811 3639 et
828 3569 927 3652 vitae,
947 3571 1023 3638 vide
1047 3591 1122 3638 eam
1147 3579 1309 3656 quaeest

52 3653 103 3722 trbi
126 3657 305 3750 desponsa.
326 3659 419 3742 Vide,
444 3682 464 3730 o
488 3681 626 3750 sponse,
643 3661 678 3729 in
699 3680 800 3747 quem
830 3658 925 3729 nulla
951 3658 1043 3728 eadit
1074 3656 1305 3748 reprehensio,

52 3753 78 3807 et
92 3742 227 3818 festina:
249 3749 412 3835 quoniam
439 3769 501 3818 neo
517 3761 568 3820 est
582 3749 721 3836 quidern
749 3759 887 3838 tempus
904 3745 1086 3838 precandi:
1109 3769 1149 3816 ne
1171 3757 1307 3836 pactum

52 3848 240 3928 conventum
266 3837 395 3918 tellam,
415 3859 458 3908 ne
482 3837 608 3928 prodas
633 3858 688 3907 me
711 3837 841 3917 bestiis,
862 3857 903 3905 ne
927 3835 1000 3925 lupi
1020 3846 1114 3906 tuam
1141 3832 1307 3925 pecudem

53 3915 215 3996 dilanient.
236 3931 337 3996 Serva
355 3947 480 4015 sponse
505 3947 680 4016 sponsam:
710 3945 821 3995 meam
846 3945 1011 3994 conserva
1027 3923 1215 3994 castitatem
1231 3920 1309 3992 lons

54 4011 225 4084 castitatis:
261 4028 300 4085 ut
332 4028 427 4084 tuum
453 4037 521 4102 quo
547 4037 591 4085 un
623 4035 747 4084 nomen
775 4033 868 4082 nuuc
900 4013 1048 4082 maxime
1105 4011 1304 4092 lorilrcetur,

55 4099 130 4177 luod
164 4103 394 4262 intellipenter
426 4037 639 4194 glorilicatur
662 4103 706 4173 ab
730 4101 880 4192 Angelis.
909 4125 927 4168 »
954 4105 1044 4172 llaec
1080 4035 1308 4188 tirannidem

57 4189 147 4257 orant
169 4213 247 4262 curn
286 4193 592 4282 acrymis:·effecta
616 4205 732 4264 autem
757 4196 847 4261 oeus
867 4189 1029 4261 reddidit.
1052 4189 1114 4262 Sed
1140 4203 1190 4259 est
1209 4187 1310 4258 adhi-

59 4265 172 4346 bendus
187 4281 325 4352 animus
344 4283 545 4354 narrationi.
562 4279 801 4351 Introducitur
813 4279 910 4371 virgo
926 4279 961 4349 in
985 4279 1229 4371 prostibulum.
1245 4277 1310 4347 Illa

62 4373 122 4429 tero
143 4369 242 4438 etiarn
268 4371 301 4440 in
325 4371 381 4440 tali
408 4371 482 4442 loco
506 4385 538 4441 et
563 4383 714 4462 ternpore
743 4383 888 4440 nonest
915 4368 1021 4442 oblita
1052 4390 1194 4450 eorum,
1221 4388 1310 4456 quae
