3046 4838
136 283 200 352 ult.
221 287 231 352 l
502 312 548 359 nc
573 312 599 360 s.
625 309 730 360 sumo
754 313 804 360 rr.
830 309 960 360 novrou.
1284 293 1319 356 ll

164 391 260 491 llll.
283 391 428 465 Pellebat
447 395 575 484 itaque
599 397 708 488 magis
732 419 772 467 ac
793 397 904 487 magis
928 396 963 465 in
987 393 1126 488 vigiliis,
1153 396 1188 464 in
1209 395 1366 486 jejuniis,

131 491 207 566 atque
227 502 256 550 m
273 482 445 555 charitate.
487 487 693 557 Fabricabat
725 487 760 555 in
792 507 895 556 usum
921 485 1023 576 Regis
1047 485 1209 556 utensilia
1246 508 1365 572 quam·

128 567 247 670 plurima
268 593 304 642 er
318 594 403 646 auro
419 589 453 646 et
481 577 643 667 gemmis.
664 575 807 647 sedebat
823 575 997 645 fabricans
1013 572 1219 658 indefessus,
1238 589 1271 644 et
1287 597 1369 644 con-

128 671 167 726 tra
184 659 267 761 'illum
285 663 375 752 rytlo
389 664 606 735 vernaculus
629 666 703 755 ejus
720 687 761 736 ex
784 686 908 756 genere
923 665 1108 734 Saronico:
1131 665 1192 752 qui
1215 665 1369 822 magistri

126 759 239 839 restrgra
260 773 419 840 sequeus,
454 767 492 826 et
522 755 595 845 ipse
618 754 836 845 postmodum
870 753 1100 824 venerabilem
1131 755 1234 823 vitam
1287 755 1369 824 urit.

125 835 226 938 Sedens
242 862 317 932 ergo
342 844 484 935 Eligius
513 843 556 913 ad
586 865 674 935 opus
695 843 920 935 praedictum,
946 843 1099 914 codicem
1126 843 1264 914 sibimet
1290 865 1370 933 prae

123 926 210 1028 oculis
223 934 446 1022 praeparabat
464 943 646 1024 apertum:
665 946 702 1003 ut
720 955 860 1022 quoquo
879 954 1002 1024 genere
1019 931 1191 1014 laborans,
1210 931 1366 1002 divinum

121 1034 279 1107 perciperet
295 1023 521 1092 mandatum.
540 1021 593 1092 Sic
610 1022 716 1113 igitur
737 1023 885 1113 duplum
910 1044 1033 1112 gerens
1057 1021 1222 1104 officium,
1242 1043 1369 1100 manus

120 1105 218 1206 usibus
232 1109 423 1194 hominum,
451 1123 601 1180 mentem
618 1112 697 1181 usui
712 1111 930 1202 mancipabat
945 1112 1074 1182 divino.
1093 1111 1278 1202 Fragrabat
1294 1111 1371 1200 ejus

117 1193 224 1284 ubique
241 1198 327 1270 lama
346 1201 545 1283 intantum,
565 1211 603 1268 ul
621 1201 725 1289 siqui
746 1223 786 1270 ex
805 1205 970 1282 Romane,
991 1200 1040 1270 vel
1059 1201 1188 1284 Italica,
1215 1214 1275 1271 aut
1292 1204 1369 1270 Got-

117 1282 200 1361 thioa,
218 1288 262 1358 vel
278 1290 538 1378 qualicumque
556 1290 741 1379 provincie,
763 1289 943 1380 legationis
959 1289 1103 1372 loedere,
1122 1303 1182 1361 aut
1201 1289 1269 1361 alia
1285 1311 1369 1378 qua-

115 1393 290 1475 cumqueex
308 1402 419 1450 causa
445 1377 612 1470 palatium
637 1379 739 1470 Regis
759 1383 965 1450 Francorum
983 1379 1078 1450 adire
1100 1393 1271 1470 pararent,
1299 1401 1366 1449 non

114 1483 194 1550 prius
208 1469 284 1558 Regi
300 1480 544 1550 occurrerent,
559 1489 660 1555 quam
679 1468 826 1558 Eligium
845 1491 888 1558 ag
915 1469 1123 1551 raderentur,
1143 1468 1193 1538 vel
1202 1469 1365 1560 juvamen

114 1551 271 1628 alimoniae
282 1559 326 1630 ab
340 1583 383 1630 eo
402 1570 596 1650 poscentes,
619 1557 670 1626 vel
686 1571 775 1628 certe
791 1491 975 1628 consillum
994 1557 1132 1630 salubre
1151 1571 1365 1647 quaerentes.

114 1643 385 1739 urnuebantque
406 1647 550 1718 adeum
575 1645 728 1734 undique
748 1647 811 1716 viri
828 1646 990 1739 religiosi,
1012 1647 1163 1718 advenae
1186 1660 1368 1737 quoqueet

113 1737 268 1806 monachi:
287 1754 321 1811 et
345 1735 523 1827 quicquid
549 1735 695 1805 militare
718 1749 868 1827 poterat,
899 1749 959 1807 aut
981 1736 1030 1806 eis
1054 1737 1089 1806 in
1116 1736 1367 1829 eleemosynam

7 1833 9 1840 ’
111 1817 207 1920 dabat,
230 1841 287 1898 aut
311 1841 410 1900 certe
434 1849 475 1896 ca
503 1825 647 1896 livorum
673 1826 708 1895 in
727 1826 834 1926 pretia
867 1825 1089 1896 distrahebat.
1117 1827 1270 1898 Habebat
1296 1849 1367 1898 ma·

111 1917 271 1986 nnumin
288 1847 503 2018 hujusmodi
527 1936 627 2004 opere
644 1913 810 1985 studium.
832 1919 918 1986 Sane
937 1915 1150 2003 ubicumque
1165 1915 1369 1987 venundan-

111 1996 180 2071 dum
203 2004 429 2078 intellexisset
459 2003 683 2094 mancipium,
712 2025 931 2095 magnacum
960 2004 1192 2075 misericordia
1219 2017 1251 2076 et
1277 2006 1368 2076 lesti-

110 2093 228 2165 natioue
242 2117 450 2174 occurrens,
478 2114 555 2164 mox
569 2093 648 2163 dato
665 2093 771 2182 pretio
796 2094 962 2165 liberabat
977 2094 1162 2185 captivum.
1191 2097 1366 2164 Interdum

109 2180 195 2251 etiam
218 2207 334 2276 usque
358 2184 403 2254 ad
425 2183 546 2274 viginti
566 2195 625 2253 aut
650 2182 799 2270 triginta,
823 2205 884 2254 seu
902 2196 934 2255 et
955 2184 1208 2274 quinquaginta
1225 2205 1369 2255 numero

109 2269 198 2342 simul
212 2299 230 2346 a
246 2276 453 2368 captivitate
467 2271 665 2343 redimebat.
680 2275 931 2361 Nonnunquam
946 2295 1023 2343 vero
1040 2295 1162 2364 agmen
1179 2273 1365 2364 integrum,

110 2371 250 2453 rtusque
278 2366 323 2436 ad
349 2377 489 2434 centum
519 2361 663 2442 animae,
692 2383 771 2430 oum
798 2363 876 2434 navi
900 2362 1159 2452 egrederentur,
1189 2365 1369 2451 utriusque

111 2469 196 2523 serus
216 2479 259 2527 ex
285 2454 434 2524 diversis
459 2451 617 2540 gentibus
637 2451 822 2533 venientes,
851 2453 977 2541 pariter
995 2451 1172 2530 liberabat,
1196 2457 1368 2522 Romano-

110 2557 174 2610 rum
196 2545 344 2625 scilicet,
367 2541 542 2614 Gallorum
563 2553 664 2628 atque
679 2540 934 2624 Britannorum,
955 2563 1086 2612 necnon
1101 2554 1133 2610 et
1158 2546 1366 2612 Maurorum:

108 2630 158 2699 sed
180 2634 369 2725 praecipue
392 2650 573 2721 exgenere
597 2635 782 2712 Saxonum,
797 2631 858 2718 qui
878 2630 1014 2700 abunde
1037 2653 1076 2701 eo
1094 2644 1246 2722 tempore
1265 2631 1369 2700 veluti

108 2740 215 2812 greges
240 2746 262 2793 a
287 2721 430 2792 sedibus
446 2718 593 2810 propriis
609 2719 729 2800 evulsi,
749 2719 784 2788 in
807 2719 940 2812 diversa
964 2720 1253 2790 distrahebantur.
1272 2719 1367 2804 Quod

108 2809 131 2878 si
147 2813 356 2904 contigisset,
383 2823 421 2880 ut
437 2809 598 2898 copiosus
621 2808 836 2878 venditorum
863 2831 1028 2879 numerus
1054 2831 1252 2880 mensuram
1269 2810 1370 2901 pretii

107 2903 285 2982 excederet,
312 2912 437 2971 cuncta
463 2909 594 2988 praeter
609 2919 736 2998 corpus
753 2898 943 2988 proprium,
970 2919 1057 2986 quae
1074 2899 1199 2970 habere
1225 2911 1368 2991 poterat,

107 2991 277 3081 usquead
306 2987 487 3079 cingulum
513 2999 545 3057 et
564 2985 816 3076 amphibalum,
850 3007 980 3058 necnon
1005 2998 1037 3057 et
1061 2989 1186 3059 victum
1213 3009 1371 3060 necessa·

108 3079 204 3163 rium,
220 3080 281 3152 sed
298 3090 331 3149 et
349 3075 518 3165 usquead
538 3075 767 3146 calceamenta
784 3087 909 3146 cuncta
925 3097 960 3146 se
979 3075 1199 3164 exspoliabat,
1219 3089 1370 3148 tantum-

108 3171 201 3241 modo
224 3182 264 3240 ut
287 3191 326 3238 ca
353 3168 439 3240 liris,
462 3164 666 3235 subveniret.
698 3163 735 3233 Id
756 3164 857 3234 etiam
893 3176 925 3233 et
957 3163 989 3233 in
1024 3167 1221 3257 peregrinos
1245 3167 1370 3238 Christi

107 3259 304 3351 saepissime
320 3190 478 3326 liciebat.
505 3257 530 3324 0
554 3253 686 3341 quoties
705 3251 838 3322 debitor
857 3274 932 3324 esse
957 3252 1072 3334 voluit,
1097 3267 1134 3324 ut
1157 3255 1371 3327 debitoribus

105 3349 318 3420 subveniret!
337 3345 477 3430 Quoties
500 3341 652 3412 brachile
667 3363 824 3423 aureum,
844 3363 994 3433 pungam
1015 3364 1151 3430 quoque
1168 3367 1252 3416 auro
1276 3367 1369 3435 genr-

105 3439 234 3527 misque
250 3449 423 3526 comptam
450 3431 516 3502 sibi
540 3431 724 3522 subripuit,
757 3443 889 3502 tantum
910 3444 948 3502 ut
978 3432 1113 3502 miseris
1132 3437 1367 3504 succurreretl

105 3531 141 3599 Ut
164 3541 280 3598 autem
297 3523 445 3595 breviter
460 3519 763 3612 comprehendam,
792 3532 919 3591 tantam
941 3522 1154 3612 captivorum
1175 3523 1370 3593 multitudi-

106 3639 178 3687 nem
197 3639 259 3708 per
275 3611 496 3686 succedentia
511 3623 703 3700 temporum
722 3611 832 3702 spatia
846 3633 866 3679 a
879 3611 965 3680 duro
989 3610 1208 3682 dominorum
1225 3613 1371 3683 absolvit

101 3709 191 3798 jugo,
210 3717 324 3776 tantas
348 3703 585 3800 eleemosynas
608 3698 743 3769 diverso
767 3699 948 3800 hominum
969 3701 1086 3790 generi
1110 3701 1290 3859 utriusque
1318 3725 1369 3770 se-

104 3819 185 3878 xus,
212 3793 358 3866 diversis
381 3789 537 3864 ecclesiis
565 3811 604 3858 ac
644 3801 861 3858 monasterus
896 3788 1094 3872 drstribuit,
1121 3803 1158 3860 ut
1182 3813 1229 3862 nu
1247 3791 1301 3862 lus
1331 3813 1370 3860 ea

105 3899 223 3968 orator,
246 3879 472 3973 quantumvis
492 3877 679 3959 studiosus,
706 3879 864 3966 quamvis
887 3879 930 3950 sit
953 3878 1137 3967 eloquens·
1156 3880 1199 3949 ad
1230 3880 1368 3971 plenum

106 3997 240 4046 narrare
264 3972 426 4045 sufficiat.
454 3967 659 4058 Redemptos
678 3967 770 4037 enim
797 3968 948 4058 captivos
974 3969 1130 4058 protinus
1149 3991 1263 4040 coram
1283 3974 1371 4060 Rege

107 4077 265 4146 statuens,
284 4062 422 4152 jactatis
442 4070 519 4130 ante
542 4079 621 4128 eum
641 4055 804 4140 denariis,
832 4057 968 4127 chartas
986 4057 1036 4126 eis
1062 4057 1226 4129 libertatis
1244 4058 1372 4128 tribue-

108 4153 170 4225 bat.
196 4152 323 4224 Deinde
346 4152 474 4222 trinam
499 4148 585 4239 ipsis
608 4147 758 4239 optionis
780 4146 991 4237 proponebat
1013 4147 1226 4230 electionem,
1253 4147 1368 4225 idest,

108 4257 141 4312 ut
159 4243 187 4314 si
210 4243 269 4331 qui
294 4240 401 4312 velint
421 4239 494 4328 jam
521 4237 620 4307 liberi
652 4236 694 4306 ad
721 4236 896 4327 propriam
929 4258 1080 4306 remeare
1105 4238 1270 4328 patriam,
1299 4236 1372 4326 ipso

111 4331 153 4402 eis
175 4333 382 4421 inquantum
415 4326 627 4418 suppetebat,
655 4326 832 4416 praeberet
860 4324 1068 4395 subsidium.
1103 4327 1137 4394 Si
1161 4327 1221 4414 qui
1257 4337 1369 4394 autem

112 4441 181 4492 rum
197 4422 271 4512 ipso
287 4418 394 4488 velint
409 4436 619 4506 permanere,
635 4413 747 4486 libens
763 4413 861 4484 valde
879 4413 1160 4484 accommodabat
1176 4433 1368 4484 assensum.
