2972 4826
250 293 313 356 1188
549 309 589 354 nu
611 305 846 354 rasusmrmuu
870 307 897 353 s.
924 303 1051 354 nicotii
1074 305 1123 352 rr.
1332 284 1407 348 but.
1430 287 1446 348 6

206 390 443 462 tantummodo
473 390 748 460 custodientibus
776 389 983 472 monachis,¹
1005 389 1178 458 neminem
1205 385 1444 478 impedientem,

204 482 409 568 nullumque
429 478 500 548 illic
527 500 601 548 esse
628 479 853 548 resistentem.
873 478 1120 568 indigenarum
1145 477 1237 546 enim
1255 475 1446 566 exigentibus

204 569 347 652 meritis,
365 591 406 638 ea
422 565 586 637 desolatio
608 580 641 636 et
664 567 849 636 devastatio
864 567 960 657 justo
978 568 1033 636 bei
1047 566 1180 654 judicio
1197 566 1247 634 illi
1265 587 1298 634 re
1323 564 1386 635 ioni
1402 585 1448 631 ac·
1484 581 1485 618 t

204 659 509 813 cidit,quam[pens
525 655 674 726 infidelis
690 656 871 738 invaserat,
888 677 951 726 suo
976 656 1182 725 uedominio
1193 587 1393 732 subdiderat,
1404 673 1449 720 ee·

204 769 271 834 que
287 767 393 815 causa
440 758 549 815 eserta
574 757 794 815 remanserat.
822 746 882 815 liis
906 677 1045 826 auditis,
1071 766 1169 814 arma
1191 744 1349 814 continuo
1370 761 1450 810 com·
1484 767 1485 832 p

204 834 434 926 prehendunt,
452 834 639 924 paucisque
654 833 794 914 relictis
817 835 878 921 qui
894 854 997 903 neves
1021 833 1157 903 interim
1179 831 1391 908 custodirent,
1406 830 1449 898 in·
1484 889 1485 902 .

205 937 335 994 structe
346 924 419 992 acie
434 923 521 992 bene
539 923 663 992 muniti
678 935 710 992 et
725 922 829 1004 cauti,
849 935 1024 1010 tamquam
1042 921 1200 993 hostibus
1224 921 1353 992 obviem
1368 917 1447 997 ituri,

204 1033 345 1170 perpere
363 1023 560 1100 coeperunt.
581 1013 774 1082 Metuebant
796 1012 890 1080 enim
914 1011 993 1092 sibi,
1019 1010 1111 1098 quod
1130 1022 1219 1081 terra
1235 1010 1295 1080 ille
1310 1008 1396 1099 genti
1410 1008 1452 1074 in-

204 1101 271 1170 fide
288 1104 298 1169 i
315 1100 452 1170 subdita
469 1111 568 1180 esset,
592 1099 760 1187 lonreque
784 1099 917 1170 alitore
941 1100 1048 1182 locus,
1076 1099 1117 1169 ad
1136 1122 1238 1187 quem
1257 1099 1361 1178 ibent,
1386 1095 1450 1184 plus

205 1192 322 1259 minus
342 1190 452 1277 spatio
469 1190 571 1258 trium
590 1153 831 1258 milliariorum
857 1189 976 1258 abesse
996 1189 1179 1258 videretur.

248 1281 266 1366 ἓ
290 1284 333 1350 ὅ.
359 1283 397 1348 tt
420 1277 478 1348 ubi
496 1277 660 1347 ecclesiae
674 1277 825 1348 claustra
839 1278 873 1346 in
903 1278 986 1346 ressi
1002 1290 1093 1360 sunt,
1113 1299 1209 1345 arma
1224 1276 1450 1366 deposuerunt,

205 1367 393 1453 aedemque
417 1379 568 1436 sanctum
595 1365 774 1436 humiliter
788 1299 990 1456 suppliciter
1015 1389 1058 1435 ue
1081 1365 1274 1446 subierunt,
1301 1379 1332 1434 et
1349 1367 1454 1433 Sancto

205 1477 323 1547 preces
337 1455 547 1524 obtulerunt.
574 1455 694 1525 Finitis
717 1456 874 1524 omnium
901 1389 1072 1544 precibus,
1092 1467 1170 1524 ente
1190 1454 1301 1524 dictos
1316 1451 1454 1522 custodes

205 1546 279 1615 sine
298 1544 461 1613 dilatione
486 1543 528 1612 de
555 1554 673 1613 sancto
701 1542 843 1634 corpore
863 1545 1050 1632 percontati
1076 1555 1178 1624 sunt,
1206 1555 1237 1611 et
1254 1542 1393 1612 ubinam
1412 1540 1454 1629 je·

204 1646 304 1704 cerat.
332 1634 464 1715 Quibus
488 1632 559 1701 illi:
578 1636 675 1702 «Hoc
692 1631 777 1712 loco,
795 1634 970 1720 inquiunt,
990 1633 1079 1702 sicut
1095 1654 1114 1702 e
1130 1632 1256 1700 nostris
1277 1629 1454 1720 accepimus

206 1721 454 1800 decessoribus,
474 1723 546 1791 sine
564 1720 786 1811 ambiguitate
804 1721 991 1810 repositum
1005 1721 1179 1792 credimus
1193 1743 1228 1788 τ»
1242 1733 1277 1790 et
1291 1719 1346 1789 his
1357 1717 1453 1794 dictis,

205 1811 319 1880 locum
338 1810 572 1880 ostenderunt.
591 1809 719 1878 Deinde
735 1824 852 1880 sancto
867 1811 908 1878 de
925 1809 1058 1897 liquore
1072 1831 1164 1878 more
1180 1808 1282 1878 solito
1298 1808 1453 1878 extrahen·

206 1911 266 1978 tes,
287 1899 356 1970 illis
376 1899 591 1968 tribuerunt:
619 1898 661 1967 de
682 1920 751 1986 quo
777 1921 856 1968 cum
882 1901 1076 1989 acciperent
1101 1898 1241 1986 quidem
1271 1899 1305 1966 in
1332 1919 1391 1967 sue
1411 1915 1455 1960 ve-

206 1988 313 2068 scule,
343 1993 456 2078 Lupus
471 1987 649 2078 presbyter
665 1989 822 2056 Berensis
839 1987 977 2056 illorum
995 2009 1110 2057 comes
1126 1987 1160 2055 in
1181 1987 1326 2058 vitream
1342 1981 1456 2073 empul-

206 2077 313 2146 lulem
332 2076 374 2146 de
390 2076 508 2145 eodem
534 2076 678 2166 excepit:
696 2097 785 2163 quee
802 2076 868 2146 alto
889 2076 962 2145 loco
980 2077 1115 2145 interim
1134 2075 1218 2144 dum
1240 2075 1453 2162 loquerentur.

206 2179 345 2253 utquee
363 2187 481 2234 secure
501 2164 571 2234 illic
596 2177 798 2246 servaretur,
826 2165 985 2254 reposita,
1011 2187 1094 2234 casu
1115 2165 1304 2253 improviso
1332 2165 1363 2232 in
1383 2159 1456 2251 pevi-

206 2267 361 2322 mentum
384 2273 615 2322 marmoreum
635 2253 769 2334 cecidit,
797 2253 853 2323 sed
883 2254 968 2322 nibil
994 2253 1035 2322 de
1055 2275 1119 2323 sua
1136 2252 1332 2342 integritate
1348 2249 1454 2322 emisit,

208 2343 397 2428 solidaque,
417 2355 454 2412 ut
473 2342 568 2430 prius
592 2340 713 2422 suerat,
742 2364 808 2412 non
827 2343 900 2412 sine
924 2342 1093 2422 omnium,
1112 2342 1172 2428 qui
1190 2342 1347 2422 ederant,
1369 2337 1457 2408 odni-

208 2431 338 2500 retione
353 2430 394 2499 de
415 2430 608 2521 pavimento
632 2431 739 2500 levata
758 2444 818 2501 est.
839 2437 923 2500 Tum
943 2452 1021 2500 vero
1045 2443 1231 2519 coeperunt
1249 2453 1333 2500 cum
1359 2446 1456 2496 mona·

195 2519 282 2588 'chis
306 2541 410 2608 snpra
434 2517 536 2587 dictis
555 2519 653 2605 quasi
675 2530 841 2589 tentantes
857 2519 1019 2606 colloqui,
1040 2519 1222 2606 dicereque
1239 2541 1275 2587 se
1294 2517 1379 2587 velle
1397 2513 1457 2584 inde

206 2629 341 2676 sermm
356 2629 481 2696 corpus
499 2606 626 2687 tollere,
643 2607 732 2676 etad
751 2629 848 2677 suam
868 2608 1014 2697 petriam
1031 2620 1274 2696 transportare.
1296 2613 1365 2677 Hac
1381 2605 1455 2674 enin

206 2695 322 2774 causa,
343 2696 555 2783 inquiebant,
581 2718 600 2763 a
618 2701 771 2766 Romano
789 2697 950 2766 Pontifice
968 2697 1062 2766 missi
1089 2697 1259 2775 venimus,
1289 2697 1397 2766 tribus
1412 2689 1457 2760 ed·

206 2786 291 2853 vecti
308 2786 464 2854 navibus.
481 2784 514 2853 Si
528 2785 721 2854 consentire
739 2786 838 2855 nobis
860 2785 894 2852 in
917 2787 980 2854 boc
997 2785 1184 2862 volueritis,
1201 2783 1366 2854 dabimus
1381 2780 1457 2850 vobis

207 2872 249 2940 de
268 2893 475 3030 unaqueque
498 2875 607 2962 puppi
630 2887 767 2943 centum
793 2895 916 2944 aureos
940 2874 1078 2944 solidos.
1103 2877 1172 2943 Hoc
1195 2873 1243 2941 illi
1273 2873 1456 2943 audientes.

208 2960 388 3049 stupefacti
405 2983 423 3030 e
454 2981 577 3050 pavore
593 2963 738 3050 correpti
758 2975 862 3032 sunt:
880 2976 932 3032 et:
953 2963 1173 3044 «Quomodo,
1191 2963 1368 3049 inquiunt,
1385 2954 1457 3028 istud

208 3060 372 3150 attentare
388 3062 420 3119 et
437 3050 598 3140 perlicere
622 3050 839 3132 audebimus,
858 3072 938 3121 cum
957 3050 1075 3120 nullus
1095 3049 1294 3120 mortalium
1313 3050 1346 3119 id
1365 3051 1458 3118 becte-

207 3159 274 3207 nus
290 3159 432 3228 impune
448 3140 686 3208 attentaverit?
702 3140 785 3222 Quis
802 3150 915 3209 autem
934 3151 1002 3208 tem
1020 3140 1063 3209 sit
1080 3141 1295 3222 temerarius,
1311 3152 1350 3209 ut
1366 3148 1459 3228 tentae

208 3226 332 3296 marcis
349 3227 399 3295 vel
416 3249 468 3296 em
499 3239 550 3296 tor
564 3228 614 3297 vel
635 3229 721 3298 vend
728 3229 791 3298 itor
805 3251 879 3298 csse
896 3228 1001 3297 velit?
1017 3239 1076 3297 aut
1092 3249 1180 3314 quae
1198 3229 1283 3297 tenti
1302 3229 1365 3296 erit
1379 3221 1458 3316 pretii

206 3328 415 3402 restemque
440 3339 458 3384 a
487 3316 667 3398 mirabilis,
687 3331 724 3386 ut
750 3331 843 3386 tento
891 3319 974 3388 ossit
998 3317 1158 3386 thesauro
1182 3315 1402 3406 compererit
1423 3316 1459 3378 tn

206 3425 284 3473 vero
303 3427 426 3504 eurum
444 3405 495 3474 vel
519 3416 699 3496 argentum
717 3405 768 3474 vel
789 3339 922 3495 lapides
942 3406 1079 3496 pretiosi
1100 3405 1131 3473 ci
1149 3419 1294 3494 possunt
1312 3399 1460 3490 aequari?

207 3494 241 3562 Si
264 3493 397 3562 domini
421 3505 589 3563 terrerum
620 3516 685 3564 non
712 3495 921 3576 temeritate,
945 3495 1004 3565 sod
1031 3516 1073 3562 ne
1100 3494 1260 3582 precibus
1280 3493 1414 3581 quidem
1436 3495 1460 3554 et

206 3581 520 3671 supplicationibus
540 3582 630 3653 istud
648 3584 766 3652 conari
786 3596 867 3653 sunt
892 3583 984 3664 ausi,
1007 3605 1076 3670 quo
1098 3595 1195 3671 pecto
1213 3581 1245 3650 id
1265 3605 1325 3652 vos
1340 3581 1380 3650 ad
1397 3577 1460 3646 elie·

206 3683 299 3740 ctum
326 3672 511 3761 perducere
536 3671 720 3741 valebitis?
744 3670 893 3741 Desinite
910 3693 992 3761 ergo
1017 3684 1149 3741 tantum
1171 3671 1333 3761 persequi
1357 3667 1456 3738 nelas:

206 3761 383 3858 nonenim
405 3759 541 3830 divinae
556 3760 590 3828 id
607 3773 742 3850 gratum
762 3772 813 3830 cst
833 3759 1012 3830 voluntati.
1038 3766 1219 3840 Attamen,
1244 3761 1273 3828 si
1293 3761 1344 3828 sic
1359 3754 1457 3826 vultis.

206 3847 399 3936 periculum
417 3848 537 3918 secitc:
564 3871 642 3918 ecce
658 3848 754 3918 locus
770 3849 826 3918 bic
841 3861 903 3918 est.
923 3872 941 3916 »
966 3853 1036 3918 Hoc
1056 3861 1169 3918 eutem
1186 3847 1357 3927 dixerunt,
1380 3839 1460 3913 nullo

208 3935 312 4035 modo¹
327 3948 486 4026 putentes
505 3938 578 4006 lieri
601 3959 710 4026 posse,
737 3937 829 4025 quod
855 3936 906 4006 illi
928 3937 1095 4007 volebant.
1123 3942 1183 4007 Tot
1204 3938 1297 4006 enim
1316 3932 1460 4006 cursibus

206 4036 333 4094 exactis
349 4025 532 4106 solaribus,
553 4025 725 4095 neminem
752 4025 948 4095 mortalium
971 4039 1154 4106 noverant,
1185 4025 1244 4112 qui
1269 4025 1320 4094 vel
1345 4016 1460 4091 occulte

207 4113 327 4193 iurari,
350 4113 400 4182 vel
420 4113 532 4201 palem
556 4115 588 4183 vi
614 4135 754 4201 repere,
782 4114 832 4183 vel
854 4138 873 4183 a
895 4116 1038 4184 Domino
1064 4114 1224 4205 precibus
1241 4113 1273 4182 id
1292 4115 1461 4201 impetrare

207 4200 374 4269 hactenus
390 4202 545 4270 veluerit.

251 4289 270 4386 ᾗ
293 4293 339 4357 6.
366 4289 426 4358 His
451 4303 551 4376 etque
566 4289 644 4358 aliis
664 4291 752 4360 inter
769 4293 861 4380 ipsos
878 4291 1071 4361 alternatim
1097 4291 1224 4362 habitis
1244 4285 1458 4358 sermonibus.

209 4395 363 4443 animare
374 4397 410 4444 se
423 4376 582 4457 invicem,
600 4391 633 4448 et
650 4391 689 4448 ut
702 4379 867 4450 auderent
884 4381 1069 4470 statimque
1085 4380 1275 4468 inciperent
1287 4373 1457 4446 consilium
1484 4407 1485 4422 .
