2960 4824
236 302 299 365 268
628 317 667 364 aa
691 319 719 365 s.
746 315 880 362 naniam
904 315 1030 362 srxxrra
1307 295 1384 360 DEC.
1404 298 1434 360 tt

190 402 353 484 diximus,
379 417 419 472 et.
435 405 582 492 graviter
606 403 790 472 vexabatur
812 423 830 469 a
856 400 1034 470 daemone.
1053 400 1136 489 Ejus
1152 423 1233 502 ergo
1257 413 1353 488 pater,
1369 421 1437 467 cum

192 496 339 562 Sanctus
361 493 391 560 ei
420 491 567 559 venisset
586 491 620 558 in
640 501 801 570 mentem,
824 488 866 558 ad
893 490 1007 578 ipsum
1034 491 1130 560 ducit
1154 491 1285 568 filiam,
1312 488 1440 556 naturali

191 580 446 650 benevolentiae
469 579 576 648 alium
602 579 829 648 commiscens
845 577 1016 657 ardorem,
1036 599 1158 668 nempe
1175 579 1267 648 fidei.
1289 577 1387 647 Simul
1405 588 1441 643 at·

192 691 259 758 quc
277 691 358 758 ergo
379 667 493 738 Sancti
511 689 636 736 manus
655 669 729 756 ejus
753 667 857 755 capiti
876 666 1017 736 luerunt
1041 669 1232 756 impositae,
1251 667 1380 752 fugatus
1400 679 1442 732 est

192 758 352 846 spiritus:
378 769 411 826 et
433 777 522 843 quae
547 755 735 835 laborabat,
762 756 874 824 statim
901 768 1083 844 conspecta
1103 770 1153 826 est
1174 778 1268 826 sana.
1288 761 1382 824 Porro
1395 775 1441 822 au·

193 858 260 913 tem
287 846 367 914 huic
391 855 527 932 quoque
553 843 720 914 miraculo
744 843 808 914 luit
832 843 975 914 alterum
1002 847 1239 934 conjunctum.
1270 845 1340 912 lam
1362 843 1438 910 enim

192 937 300 1021 Cyrus
325 938 446 1004 Sancto
470 932 567 1001 valde
595 932 784 1008 conlidens,
810 933 885 1022 ejus
909 933 1069 1002 utebatur
1092 935 1212 1024 gratia.
1243 932 1335 1002 Unde
1356 931 1440 1000 etiam

193 1043 332 1090 uxorem
368 1023 454 1112 ejus,
487 1023 543 1090 cui
561 1042 703 1091 suorum
734 1043 895 1110 agrorum
924 1021 1034 1093 luerat
1059 1023 1220 1092 mandata
1248 1043 1341 1101 cura,
1370 1041 1440 1106 quae

193 1112 268 1199 ipsa
292 1132 427 1197 quoque
450 1123 523 1179 crat
546 1110 780 1188 daemoniaca,
807 1109 905 1178 duxit
934 1110 975 1178 ad
1008 1111 1135 1200 ipsum.
1164 1117 1278 1197 Neque
1300 1131 1370 1178 eam
1393 1129 1441 1176 sua

192 1198 311 1267 fefellit
326 1200 474 1268 liducia:
500 1199 558 1268 sed
574 1221 613 1267 ea
630 1219 767 1285 quoque
784 1221 863 1267 cum
883 1198 953 1267 lilia
970 1200 1133 1269 mundata
1154 1199 1255 1268 luite
1273 1199 1362 1268 rabie
1380 1197 1443 1264 daa-

193 1289 317 1356 monis
336 1293 398 1356 Pro
421 1287 549 1374 quibus
574 1287 602 1356 is
627 1288 745 1373 utique
769 1309 913 1378 magnas
936 1288 966 1356 ci
992 1289 1122 1357 liabens
1146 1303 1178 1356 et
1201 1311 1307 1376 agens
1336 1285 1442 1376 gratias

190 1376 279 1465 (erat
302 1377 392 1444 enim
412 1378 463 1445 vir
479 1377 613 1457 doctus
632 1390 663 1444 et
683 1377 845 1444 humanis
871 1376 991 1445 litteris
1014 1377 1187 1463 eruditus)
1207 1379 1239 1444 in
1267 1377 1369 1465 posita
1387 1373 1441 1442 illic

193 1464 355 1534 columna
377 1467 590 1556 epigramma
618 1476 731 1551 postea
757 1464 951 1554 insculpsit,
981 1465 1072 1555 quod
1093 1466 1141 1534 sic
1163 1465 1286 1534 habet:
1315 1467 1371 1533 llic
1392 1471 1443 1530 stet

192 1555 257 1630 ot'r,
286 1556 347 1642 qm'
364 1555 510 1644 aridique
527 1555 712 1644 impetitur,
740 1564 771 1622 et
794 1564 907 1622 ventos
930 1577 994 1624 non
1018 1558 1133 1622 timet:
1158 1556 1328 1622 Ambrosio
1351 1561 1442 1620 cirtem

191 1644 302 1710 utitur
325 1645 500 1720 alimento,
530 1654 561 1712 et
585 1644 644 1710 siu·
666 1652 804 1730 experte
830 1646 1030 1733 scapularis:
1056 1645 1146 1712 Actis
1175 1667 1253 1712 vero
1280 1643 1438 1712 radicibus.

192 1731 351 1818 fundavit
375 1732 565 1821 aedificium
582 1733 738 1799 columna
757 1731 897 1820 duplici.
920 1737 977 1800 Est
1002 1743 1114 1800 autam
1138 1733 1243 1800 radico
1268 1735 1401 1804 Simeon,
1415 1729 1443 1813 li·

195 1821 279 1974 null
292 1821 495 1919 praedicans
518 1819 643 1898 matri,
672 1841 759 1909 quoe
786 1841 851 1888 aaa
879 1831 925 1888 est
950 1831 1092 1910 emperta
1115 1823 1265 1910 nuptias.
1294 1820 1354 1888 Sed
1379 1818 1442 1884 baec

194 1927 254 1994 qui
281 1931 336 1976 em
362 1929 421 1976 stc.

237 1997 356 2082 §w
381 1997 546 2088 Deinceps
571 2018 649 2066 vero
672 2008 745 2064 erut
768 1997 906 2082 quidem
924 1996 1009 2079 dies,
1029 1999 1185 2067 omnium
1203 1997 1341 2066 dierum
1366 2013 1442 2083 prae·

194 2085 331 2172 cipuus.
354 2087 410 2154 Vir
434 2098 547 2154 autem
568 2085 710 2169 quidam
739 2107 778 2153 ex
810 2087 864 2165 iis,
898 2088 958 2172 qui
991 2108 1096 2175 prope
1121 2087 1293 2157 Euxinum
1320 2091 1441 2153 Pontum

194 2172 407 2254 habitabant,
434 2174 524 2242 venit
550 2175 696 2244 afferens
716 2172 826 2242 silium
845 2229 852 2254 ‚
874 2174 933 2259 qui
964 2176 1037 2264 ipse
1061 2197 1198 2262 quoque
1227 2172 1444 2262 possidebatur

191 2262 330 2348 quidem
356 2283 376 2330 a
399 2262 584 2343 daemone;
612 2261 670 2334 sed
695 2276 768 2330 erat
783 2262 912 2349 alioqui
929 2276 961 2331 ct
977 2264 1104 2334 surdus
1120 2277 1153 2334 et
1173 2276 1303 2342 mutus,
1330 2275 1360 2331 ct
1376 2279 1443 2346 qua·

194 2348 260 2418 lem
276 2371 416 2420 curasse
430 2351 600 2420 Christum
619 2351 742 2420 docent
758 2350 951 2441 Evangelia.
970 2355 1053 2420 Cum
1067 2365 1180 2422 autem
1197 2352 1376 2421 columnae
1387 2349 1442 2438 jam

193 2439 513 2527 appropinquarent
536 2438 630 2508 lilius
654 2460 734 2508 cum
761 2453 867 2529 patre,
893 2441 1067 2510 excutiens
1083 2463 1229 2532 puerum
1252 2441 1403 2512 daemon,
1421 2445 1444 2502 et

194 2527 345 2598 avellens
361 2549 439 2596 eum
466 2528 509 2597 ab
528 2527 569 2596 iis
593 2527 653 2614 qui
674 2528 788 2616 ipsum
811 2529 995 2609 tenebant,
1010 2531 1149 2619 impulit
1165 2551 1243 2598 eum
1271 2529 1313 2598 ad
1341 2526 1442 2600 scalas,

193 2637 281 2702 quac
307 2628 389 2686 tunc
412 2616 551 2702 quidem
581 2616 717 2686 lucrant
749 2618 907 2686 admotae
937 2617 1137 2688 columnae:
1175 2633 1207 2687 et
1239 2619 1299 2686 ille
1324 2614 1443 2706 quidem

192 2705 351 2794 protinus
374 2704 580 2776 ascendebat
613 2703 744 2774 scalas:
782 2709 927 2776 Sanctus
958 2728 1035 2776 vero
1067 2707 1216 2796 desuper
1247 2704 1442 2796 adspiciens.
1471 2717 1472 2774 t

191 2795 298 2860 lleum
324 2794 476 2882 rogabat.
495 2793 674 2876 Quomodo
690 2795 782 2862 enim
802 2816 869 2864 non
887 2816 906 2864 a
924 2797 1091 2865 daemone
1114 2818 1132 2864 e
1155 2795 1259 2865 scalis
1280 2795 1442 2884 projectus.

191 2879 313 2949 suisset
329 2881 535 2964 confractus,
556 2881 622 2952 nisi
649 2883 678 2951 is
706 2883 905 2952 retinuisset
927 2883 1129 2953 daemonem
1153 2885 1370 2974 precatione?
1387 2884 1442 2948 lton

191 2989 272 3058 ergo
285 2970 316 3036 ei
334 2991 458 3040 manus
475 2971 650 3058 imposuit,
671 2992 781 3060 neque
798 2970 877 3040 lecit
892 2993 979 3058 quac
996 2973 1074 3041 aliis
1089 2973 1199 3042 lacere
1218 2979 1441 3042 consueverat:

192 3057 251 3127 sed
266 3056 324 3127 ille
338 3058 476 3144 quidem
497 3060 701 3149 precabatur
717 3061 896 3148 superius:
918 3075 1128 3151 puerautem
1149 3085 1227 3132 cum
1246 3075 1336 3130 essct
1349 3057 1443 3126 adbuc

191 3145 348 3226 interius,
375 3161 407 3216 et
425 3146 467 3216 ad
494 3147 624 3218 medias
649 3146 759 3218 scalas
785 3149 940 3218 nondum
968 3151 1186 3239 pervenisset,
1206 3152 1381 3219 sanitatem
1404 3157 1441 3210 est

191 3248 382 3306 assecutus.
395 3241 480 3336 'Cum
498 3237 604 3306 unius
619 3249 752 3306 tanturn
773 3235 880 3306 secero
899 3239 1119 3320 mentionem,
1136 3238 1283 3309 aliorum
1301 3258 1361 3306 suo
1373 3249 1442 3302 tem·
1470 3241 1471 3258 ¹

191 3345 274 3412 pore
299 3345 498 3394 meminero.

236 3414 345 3499 §u
374 3419 517 3502 Magnus
541 3419 617 3495 Leo,
635 3414 695 3500 qui
711 3419 904 3484 Romanum
923 3415 1063 3571 guidem
1091 3415 1228 3506 regebat
1252 3413 1441 3504 imperium:

191 3516 349 3571 naturam
375 3517 489 3571 autem
509 3525 623 3592 regere
641 3524 708 3572 non
729 3515 869 3591 poterat,
889 3525 924 3572 sc
968 3504 1079 3593 proles
1102 3505 1133 3572 ei
1158 3505 1274 3574 deerat
1295 3496 1439 3571 mascula.

191 3591 274 3677 quid
299 3590 405 3661 lacit?
428 3590 586 3678 Confugit
609 3591 651 3661 ad
680 3597 784 3660 Deum
813 3593 968 3661 omnium
997 3595 1194 3672 Dominum,
1225 3592 1317 3681 apud
1343 3591 1440 3681 ipsum

193 3679 329 3749 Daniele
353 3701 439 3750 usus
462 3680 697 3749 intercessore.
716 3679 778 3750 Ille
795 3702 872 3750 vero
890 3682 1014 3769 paruit,
1033 3697 1064 3749 et
1084 3703 1174 3750 anno
1192 3680 1344 3769 sequenti
1369 3693 1441 3765 pan·

190 3779 302 3837 turam
327 3789 402 3839 esse
424 3789 564 3838 uxorem
588 3769 745 3857 protinus
770 3768 988 3855 significavit.
1018 3775 1084 3840 Res
1110 3791 1216 3860 ergo,
1250 3783 1287 3840 ut
1309 3769 1439 3836 dixerat,
1469 3779 1470 3858 q

191 3858 368 3937 successit,
395 3871 428 3926 et
447 3872 569 3927 natura
593 3857 695 3926 cessit
720 3859 892 3947 precibus,
921 3879 988 3927 non
1012 3859 1124 3928 solum
1149 3859 1192 3928 ad
1220 3860 1283 3928 boc
1306 3867 1341 3925 ut
1363 3853 1440 3921 daret

190 3942 321 4026 filium;
349 3943 407 4015 sed
432 3945 474 4014 ad
502 3947 564 4015 hoc
588 3947 703 4026 ctiam,
727 3960 763 4015 ut
790 3947 886 4016 daret
914 3947 972 4016 illo
1000 3961 1150 4037 ternpore
1180 3969 1248 4035 quo
1279 3943 1384 4016 Sancti
1407 3956 1439 4036 ‚⁰⁵

189 4031 345 4102 divinum
373 4035 597 4125 praedixerat.
625 4035 679 4104 Sic
707 4034 765 4104 illc
794 4057 860 4105 non
892 4035 1004 4105 solum
1029 4049 1101 4106 erat
1125 4035 1220 4106 filius
1241 4032 1437 4126 precationis,

189 4121 248 4190 sed
272 4123 375 4192 ctiam
399 4145 458 4210 per
475 4145 592 4213 preces
614 4124 720 4193 dabat
742 4124 831 4202 aliis,
859 4138 897 4194 ut
914 4125 1078 4195 baberent
1102 4124 1204 4195 lilios.
1231 4124 1357 4193 ldeirco
1372 4133 1437 4184 eum

190 4230 418 4280 remunerans
441 4216 651 4300 Imperator,
679 4213 796 4282 tertiae
819 4213 1001 4282 columnae
1024 4215 1054 4284 ei
1075 4215 1158 4303 jecit
1182 4212 1435 4284 fundamentum.

233 4300 251 4384 ξ
277 4303 357 4370 Η.
385 4304 467 4370 Cum
493 4300 585 4369 lama
607 4321 688 4390 ergo
719 4305 881 4372 Sanctum
907 4302 1037 4390 ubique
1061 4303 1283 4392 praedicaret,
1309 4297 1347 4366 ad
1370 4307 1434 4390 eum

190 4387 281 4457 venit
312 4389 412 4456 ctiam
444 4390 645 4477 Imperatrix
670 4387 831 4469 Eudocia,
857 4412 946 4477 quae
970 4413 1081 4482 nuper
1106 4403 1235 4463 servata
1260 4411 1298 4459 ex
1326 4381 1432 4453 Africa:
1468 4393 1469 4472 j
