2932 4812
22 253 88 316 llll.
112 255 158 318 3t.
307 273 346 319 or
369 271 397 320 s.
425 271 598 320 svuvnsrao
624 272 703 318 esea
726 272 764 318 nr
787 270 935 320 convess.
1151 253 1214 318 593

19 355 181 426 monadum
207 369 238 426 et
262 357 397 425 tertium
423 377 493 436 eos,
519 356 579 443 qui
604 355 847 443 sequebantur,
867 369 899 425 et
914 355 1076 446 deinceps
1092 353 1256 442 reliquos;

20 455 127 512 sextum
153 456 261 514 autem
287 457 319 514 et
343 445 541 533 septimum,
569 445 595 514 si
622 457 755 534 spectes
777 466 873 526 eam,
899 465 987 530 quae
1013 466 1032 514 a
1059 445 1169 533 primo
1194 445 1257 524 lit,

19 533 295 614 enumerationem,
322 532 421 603 illum
448 533 588 620 quidem
615 533 838 602 nominarent
859 553 1081 623 parasceven,
1106 554 1144 602 eo
1168 533 1261 620 quod

20 619 45 686 in
65 642 98 688 eo
120 621 160 690 ab
182 623 230 692 eis
254 622 488 710 parabantur,
523 643 610 709 quae
645 634 742 692 erant
765 621 807 691 ad
833 622 1017 712 septimum
1048 623 1261 707 necessaria3

19 709 157 793 quoniam
182 709 214 778 in
233 711 292 780 illo
316 711 456 781 vetitum
477 725 549 781 erat
564 709 704 780 ludaeis
727 711 873 800 operari,
894 711 1167 800 septimoautem
1188 731 1263 800 pro·

21 809 79 894 pter
92 799 228 884 quietem
250 801 294 870 ab
310 800 486 890 operibus,
513 800 646 869 sabbati
667 821 791 869 nomen
813 800 1072 889 imposuissent,
1100 802 1262 886 quoniam

21 907 46 952 tn
66 907 99 954 eo
120 889 258 957 cessavit
285 893 372 958 Deus
396 909 416 957 a
446 889 617 959 creatione
649 909 766 958 eorum
802 909 891 974 quae
923 888 1084 958 videntur
1121 888 1265 958 Romani

20 985 111 1044 autem
131 989 295 1059 vocarent,
314 977 466 1066 primum
483 977 636 1065 quidem,
657 977 747 1046 diem
766 977 867 1058 Solis,
881 998 938 1048 eos
957 989 1070 1046 autem
1092 978 1154 1067 qui
1170 976 1265 1046 dein·

21 1083 86 1150 ceps
105 1079 366 1153 consequuntur,
385 1067 517 1148 Lunae,
538 1067 665 1147 Martie,
683 1066 854 1147 Mercurii,
873 1067 978 1147 lovis,
1001 1067 1141 1136 Veneris
1160 1078 1193 1134 et
1208 1071 1265 1136 Sa-

23 1151 109 1229 turni,
131 1155 198 1240 ipse
222 1156 344 1224 beatus
368 1155 548 1244 sylvester,
570 1154 704 1225 dierum
736 1155 888 1235 nomina,
920 1176 1047 1242 quaea
1077 1154 1264 1245 gentilibus

18 1252 101 1326 erant
117 1241 281 1332 imposita,
308 1243 485 1334 abrogavit
502 1256 640 1334 propter
663 1243 801 1313 illorum
821 1243 1043 1332 impietatem,
1064 1265 1151 1332 quae
1169 1241 1262 1334 apud

25 1328 164 1400 Hebraeos
186 1345 302 1402 autem
335 1346 432 1402 erant
462 1353 580 1402 eorum
615 1333 779 1414 nomina,
806 1343 844 1401 ut
866 1353 956 1419 quae
979 1353 998 1401 a
1024 1338 1113 1402 ntosc
1138 1334 1265 1422 scripta

22 1430 107 1498 erant,
130 1421 184 1506 qui
209 1425 316 1490 Deum
338 1420 437 1502 vidit,
465 1421 615 1500 admisit,
643 1421 751 1491 solius
777 1421 879 1510 primi
905 1431 1035 1491 mutato
1061 1422 1210 1502 nomine,
1233 1433 1266 1490 et

22 1521 164 1576 romeam
187 1510 387 1591 Dominioo,
407 1521 586 1601 propterea
610 1509 700 1596 quod
727 1511 761 1578 in
788 1531 827 1578 eo
851 1532 870 1578 a
895 1510 1039 1580 mortuis
1064 1511 1266 1580 surrexisset

22 1595 171 1667 boninus.
187 1599 234 1668 lb
247 1620 289 1668 eo
304 1621 374 1689 quo
399 1620 442 1669 ue
456 1612 507 1669 est
522 1599 759 1682 constitutum,
776 1619 819 1667 ne
837 1599 1055 1756 jejunaretur
1070 1597 1223 1669 sabbatis
1236 1597 1263 1662 ⁴¹.

22 1683 172 1755 lamcum
199 1621 436 1758 Occidentefles
457 1689 653 1776 jejunarent
677 1687 848 1768 sabbatis,
897 1709 937 1758 oc
968 1687 1110 1756 minime
1138 1687 1268 1776 placuit

23 1770 234 1859 orientalibus,
265 1776 460 1848 dicentibus
488 1797 557 1858 cos,
587 1776 646 1862 qui
669 1776 718 1845 sic
746 1775 899 1858 faciunt,
932 1777 1029 1863 sequi
1059 1797 1185 1845 morem
1206 1775 1266 1844 lu·

24 1855 145 1932 daicum.
171 1865 232 1934 llic
257 1877 373 1936 autem
398 1886 548 2022 magnus
572 1876 689 1953 pater,
716 1887 795 1935 cum
829 1865 1033 1935 decrevisset
1060 1875 1099 1933 ut
1129 1864 1163 1932 in
1198 1883 1267 1932 uno

25 1945 138 2021 sabbato
156 1953 357 2041 jejunarent
383 1953 451 2024 fida
466 1976 513 2033 es,
545 1955 579 2022 in
605 1975 673 2040 quo
698 1955 863 2024 Dominus
887 1953 1001 2022 adbuc
1026 1953 1113 2022 situs
1137 1965 1208 2021 erat
1232 1952 1267 2019 in

25 2037 175 2122 sepulcro,
206 2042 382 2131 jejunium
420 2044 504 2113 abro
528 2043 597 2112 avit
629 2041 665 2110 in
699 2043 853 2129 reliquis.
888 2044 975 2112 Hinc
1011 2042 1046 2110 in
1080 2063 1158 2111 eum
1189 2051 1270 2109 sunt

25 2138 131 2278 {sartae
153 2131 243 2219 apud
270 2137 444 2202 Romanos
475 2065 699 2213 calumniae,
726 2133 848 2218 utqui
878 2132 1007 2222 patrios
1030 2151 1149 2201 eorum
1182 2129 1269 2198 ritus

38 2228 139 2286 oeret.

63 2301 124 2384 Μ.
146 2311 227 2377 Cum
264 2319 379 2378 autem
410 2307 676 2398 congrederetur
706 2330 786 2378 curn
812 2308 1023 2410 gentilibuS,
1050 2321 1082 2378 et
1110 2317 1269 2406 argueret

29 2407 73 2456 eos
93 2413 148 2462 non
173 2408 264 2466 recte
288 2397 414 2468 sentire
438 2396 480 2465 de
505 2403 582 2479 lleo,
609 2419 688 2467 cum
714 2396 843 2467 sabulis
865 2397 1053 2479 crederent,
1079 2409 1112 2465 et
1135 2417 1269 2482 eosqui

27 2497 225 2576 tutassent,
253 2485 338 2557 deos
363 2498 545 2573 putarent,
571 2485 622 2555 illi
648 2487 788 2576 signum
814 2486 857 2555 ab
885 2507 924 2556 eo
949 2487 1120 2576 petierunt
1150 2486 1183 2553 in
1210 2506 1269 2552 no-

27 2585 99 2636 mine
118 2573 210 2660 ejus,
239 2576 301 2662 qui
325 2575 370 2645 ab
393 2596 432 2645 eo
461 2575 735 2664 praedicabatur.
773 2575 917 2665 Signum
949 2587 1062 2644 autem
1097 2573 1161 2644 tale
1192 2571 1268 2641 luit.

26 2655 111 2755 [traco
133 2663 303 2734 maximus
327 2663 504 2733 habitabat
527 2664 561 2732 in
588 2663 760 2752 profunda
784 2664 948 2754 spelunca
975 2664 1073 2752 juxta
1098 2674 1268 2742 montem,

25 2761 71 2825 qui
91 2748 129 2817 ab
151 2751 197 2821 eis
222 2752 423 2822 nominatus
449 2750 560 2821 luerat
584 2754 760 2843 Tarpejus‚
787 2752 823 2820 in
848 2775 917 2842 quo
939 2751 1041 2822 etiam
1066 2751 1270 2823 collocatum

26 2833 213 2929 Capitolium.
248 2841 287 2910 Ei
311 2852 425 2910 autem
451 2841 593 2910 draconi
625 2855 867 2930 quotoquoque
892 2862 1008 2910 mense
1037 2841 1201 2910 alimenta
1229 2839 1272 2909 ab

26 2939 64 3018 evus
77 2924 168 3022 'large'
190 2929 517 3019 suppeditabantur:
544 2951 631 3017 quae
646 2929 788 3016 quidam
815 2931 1090 3021 praestigiatores
1109 2951 1187 2998 cum
1206 2931 1273 2998 vir-

27 3013 145 3095 gruibus
156 3017 440 3088 incantatricibus
453 3031 679 3100 assumentes,
696 3021 730 3087 in
748 3018 843 3088 illam
858 3018 1059 3110 speluncam
1073 3017 1274 3110 permultos

28 3100 133 3197 gradus
150 3104 415 3187 descendebant,
442 3121 476 3178 et
492 3109 527 3176 in
547 3129 586 3177 ea
603 3109 793 3177 execranda
810 3121 1011 3198 peragentes
1036 3109 1209 3198 mysteria,
1239 3107 1273 3174 in

28 3189 133 3268 tubus
155 3194 249 3266 nulla
274 3196 423 3288 insignis
448 3195 564 3266 deerat
587 3197 810 3278 abominatio,
837 3197 909 3267 illic
933 3197 1020 3268 cibis
1045 3197 1196 3275 relictis,
1224 3215 1274 3264 re·

30 3281 229 3354 vertebantur.
259 3286 365 3355 Certis
389 3295 502 3355 autem
530 3285 745 3375 temporibus
765 3287 868 3358 draco
898 3297 1036 3376 repente
1060 3285 1272 3366 ascendens,

31 3359 100 3434 laras
115 3371 249 3457 quidem
277 3395 343 3442 non
369 3372 627 3464 egrediebatur:
654 3373 712 3443 sed
736 3375 855 3465 jacens
871 3376 905 3444 in
922 3375 1081 3467 ingressu
1098 3395 1273 3454 cavernae,

31 3469 168 3551 venenato
190 3461 346 3533 anhelitu
370 3462 615 3553 corrumpebat
638 3465 773 3545 adrem,
799 3486 839 3534 ex
864 3485 932 3552 quo
957 3485 1049 3535 mors
1073 3465 1277 3536 afferebatur

32 3547 145 3629 vicinis,
171 3550 281 3641 magis
305 3563 419 3622 autem
445 3551 649 3622 imminebat
671 3553 830 3623 interitus
854 3552 1057 3624 inlantibus.
1087 3555 1173 3624 Huic
1198 3575 1278 3646 ergo

33 3623 141 3724 beluae,
164 3639 312 3727 ajebant‚
340 3641 369 3709 si
394 3640 452 3710 Dei
478 3641 527 3710 tui
550 3641 763 3712 invocatione
787 3663 969 3713 ascensum
995 3643 1224 3736 prohibueris,
1247 3656 1279 3713 et

34 3735 56 3780 st
74 3740 132 3792 oon
154 3729 306 3810 omnino,
328 3740 363 3798 at
386 3749 425 3798 eo
449 3743 539 3799 certe
563 3741 741 3819 tempore,
768 3743 799 3800 te
822 3753 897 3802 esse
921 3733 990 3802 veri
1017 3733 1278 3824 Dei-praedica·

37 3815 118 3880 torem
141 3817 388 3906 reputabimus,
414 3817 512 3887 etad
538 3839 616 3888 eum
643 3819 858 3901 accedemus,
885 3831 917 3890 et
936 3821 1052 3911 ipsum
1074 3843 1147 3894 esse
1173 3826 1278 3890 Deum

38 3911 84 3990 119⁵
104 3921 232 3992 quoque
258 3907 512 3978 confitebimur.
538 3906 753 3998 apostolicus
778 3921 891 3979 autem
920 3909 971 3979 vir
994 3910 1052 3979 ille
1074 3911 1124 3982 eis
1141 3931 1280 4011 respon—

40 3977 94 4049 dit:
117 3995 170 4079 <ll
194 3998 260 4064 lieo
281 3995 434 4084 quidem,
461 3996 522 4084 qui
546 4019 565 4065 a
591 4019 644 4066 me
669 3997 900 4086 praedicatur,
928 3997 1013 4067 nibil
1039 4010 1090 4068 est
1113 4019 1277 4082 omnmo,

43 4075 110 4149 luod
131 4101 194 4150 non
218 4086 325 4173 possit
349 4085 436 4155 fleri.
463 4091 536 4169 Quo
561 4086 652 4155 circa
669 4085 833 4156 facillime
849 4086 939 4157 banc
954 4100 1104 4158 nostram
1125 4087 1283 4178 implebit

52 4265 229 4332 “tunsumun
244 4279 287 4322 hoc
304 4291 413 4332 quoquot
428 4291 508 4323 omnes
525 4283 595 4328 enlm.
613 4280 701 4322 Summi
712 4280 968 4332 Pontillces.b1ajorum
983 4283 1122 4324 traditiones
1138 4285 1284 4326 fideliterae·

46 4320 121 4368 etnam,
131 4329 218 4372 ΜΝ
230 4333 347 4381 jejunium
362 4337 534 4376 observandum
549 4345 642 4385 semper
656 4338 783 4379 curaturam
796 4333 893 4384 ipseque
904 4338 1023 4386 sylvester
1034 4347 1086 4378 cum
1097 4337 1200 4383 Graecis,
1210 4341 1252 4388 qut
1261 4339 1284 4378 ut

47 4368 118 4417 abolere
128 4379 263 4433 nitebantur,
271 4389 357 4428 acriter
367 4387 497 4430 contendit.

106 4462 212 4525 sutas
226 4496 239 4514 ·
259 4467 341 4530 Vtrae
355 4466 406 4531 SS.
423 4499 439 4516 ·
453 4467 519 4530 l'ol.
534 4467 596 4529 llll.
1168 4466 1205 4526 38
