2932 4812
16 226 67 290 tel.
93 227 132 291 29
295 248 334 292 oc
359 248 386 294 s.
416 246 521 294 rauna
544 247 691 295 Ancurae.
719 246 931 295 censurarum
1143 228 1206 292 575

29 329 77 396 tot
99 344 149 399 est
170 331 483 420 Archicpiscopusl
500 355 517 398 »
537 337 621 401 Tum
644 331 701 401 ille
728 331 829 421 plane
851 331 1043 420 intrepidus
1067 343 1099 400 et
1123 331 1252 417 imper-

16 419 133 486 uritus:
154 441 171 484 a
192 424 279 490 Ecce
299 421 437 500 adsum,
457 421 579 508 inquit,
601 443 667 490 non
692 420 843 510 proditor
864 421 971 509 regni,
999 418 1057 489 sed
1075 417 1247 488 sacerdos.

16 518 205 577 natussum
226 530 290 597 pro
307 508 366 578 illo
388 509 487 590 mori,
511 510 570 599 qui
597 532 650 578 me
675 510 818 578 redemit
842 509 1012 600 sanguine
1040 529 1114 577 suo.
1141 506 1246 588 abso,

16 607 21 660 t
37 609 164 684 propter
179 617 281 668 enses
298 610 428 667 vestros
453 611 512 668 aut
535 598 679 687 ingiam,
698 611 757 668 aut
780 621 797 668 a
820 598 955 686 justitia
973 595 1184 695 recedam»
1197 597 1266 696 ’lt‘

16 683 47 750 li:
71 711 87 748 «
111 685 267 767 absolve,
288 687 463 775 inquiunt,
492 708 579 772 quos
603 688 908 756 excommunicasti
939 699 971 756 et
995 683 1205 774 suspendisti
1230 707 1250 752 a

16 795 42 838 ro
58 771 283 842 ollicio.»-«
297 775 409 851 Nulla,
423 776 470 845 ait
487 777 536 844 vir
552 791 702 857 sanctus,
716 775 760 845 ab
776 776 845 844 illis
868 775 1017 846 exhibita
1041 786 1092 843 est
1116 771 1250 843 satissa-

16 863 55 938 io‚
81 863 192 949 itaque
218 885 289 932 nou
314 863 502 933 absolvam.
520 870 688 935 »Rursus
707 863 818 933 illie«
835 869 932 934 Nunc
952 864 1057 954 igitur
1077 861 1248 941 morieris,

16 1005 17 1014 ,
33 951 165 1040 recipies
184 974 251 1041 pro
269 953 592 1044 meritisu-«Ego
610 974 699 1035 vero,
717 953 922 1023 aitsanctus
943 966 1082 1042 martyr,
1101 971 1161 1041 pro
1187 954 1249 1017 Do-

16 1039 74 1107 tino
96 1061 167 1110 meo
195 1041 284 1111 mori
309 1056 450 1131 paratus
474 1065 573 1120 sum,
600 1055 638 1112 ut
662 1042 810 1111 Ecclesia
837 1063 912 1111 meo
936 1042 1105 1132 sanguine
1130 1059 1248 1136 pacem

16 1141 22 1194 t
43 1127 219 1199 libertatem
242 1144 459 1217 assequatur.
486 1131 660 1219 Praecipio
684 1143 797 1200 autem
823 1152 862 1200 er
883 1143 982 1287 farte
1004 1129 1249 1218 omnipotentrs

16 1217 56 1296 tei,
79 1239 114 1286 ne
137 1241 350 1307 quemquam
376 1241 414 1288 ex
438 1220 524 1288 meis
548 1219 738 1290 laedatis.»
759 1225 832 1288 Mox
859 1219 878 1287 il
897 1221 918 1300 i,
937 1218 1025 1289 sacto
1043 1216 1247 1316 impetu,·in

16 1327 61 1373 um
76 1307 218 1387 irruunt,
238 1321 478 1395 conanturque
502 1320 594 1378 extra
611 1307 700 1379 iores
723 1309 909 1387 extrahere,
930 1307 1001 1376 illie
1017 1329 1097 1376 eurn
1118 1319 1248 1390 uutJu-

17 1393 137 1472 ulaturi,
156 1411 214 1466 aut
238 1396 393 1466 vinctum
416 1397 661 1485 absportaturi,
688 1398 739 1465 uti
764 1411 879 1486 postea
896 1395 1043 1466 conlessi
1064 1410 1155 1465 sunt.
1184 1392 1246 1462 Sed

16 1503 59 1550 um
74 1483 208 1555 difficile
234 1497 349 1574 posset
373 1483 446 1555 loco
472 1487 610 1567 moveri,
631 1499 789 1557 etuuum
806 1507 846 1555 ex
869 1487 919 1554 eis
943 1485 1058 1555 acrius
1083 1483 1248 1582 insisten-

16 1593 49 1636 nr
61 1593 78 1640 a
92 1595 124 1642 se
139 1575 352 1650 removisset,
373 1575 402 1644 is
419 1573 562 1645 terribili
578 1576 741 1645 incensus
756 1573 882 1656 surore,
901 1595 1019 1644 ensem
1035 1584 1156 1643 contra
1175 1593 1249 1657 ejus

16 1659 133 1730 erticem
158 1663 318 1733 vibravit.
334 1668 430 1763 'Tum
456 1685 533 1733 vero
559 1665 636 1751 pius
659 1676 691 1733 et
715 1675 855 1734 sanctus
883 1663 935 1732 vir
958 1683 1102 1731 cernens
1129 1659 1249 1759 adesse

16 1769 109 1828 oraru,
134 1773 200 1838 qua
228 1773 435 1841 promrssam
472 1753 659 1842 perciperet
691 1754 847 1843 martyrii
879 1773 1054 1831 coronam,
1080 1769 1247 1818 cervicem

16 1851 87 1905 rstar
103 1840 232 1910 orantis
262 1839 459 1920 inclinavit,
485 1840 685 1940 junctisque
707 1855 740 1911 et
763 1863 902 1911 sursum
927 1841 1048 1910 erectis
1074 1837 1246 1914 manibus,

16 1941 51 1992 teo
62 1940 89 1994 et
103 1933 132 1996 S.
150 1930 289 2009 Mariae,
309 1931 475 2017 beatoque
493 1942 635 2019 martyri
651 1931 811 2020 Dionysio
827 1952 926 2000 suam
943 1942 975 2000 et
986 1927 1154 1998 Ecclesiae
1168 1947 1249 1994 cau·

16 2033 57 2081 arn
76 2017 336 2088 commendavit.
364 2019 423 2087 Vix
441 2039 478 2087 ea
506 2018 736 2107 prolocutum,
756 2017 926 2088 uelandus
950 2019 1012 2098 vir,
1035 2021 1190 2116 metuens
1206 2033 1248 2080 ne

19 2105 126 2184 opulus
147 2128 229 2177 cum
250 2109 397 2196 eriperet
412 2128 451 2176 ex
470 2107 631 2177 manibus
647 2108 814 2197 ipsorum,
837 2128 998 2177 coronam
1017 2105 1141 2196 capitis
1156 2122 1244 2190 epus,

18 2189 116 2263 uiuere
138 2196 242 2286 capiti
275 2195 417 2276 inflicto,
436 2209 532 2266 tanta
555 2197 586 2265 vi
614 2197 815 2286 amputavit,
847 2210 885 2266 ut
911 2209 1039 2285 pariter
1064 2205 1192 2263 secaret
1216 2202 1248 2258 et

16 2283 184 2355 occuleret
203 2284 388 2354 brachium
410 2285 538 2356 isthaec
564 2284 751 2365 referentis,
769 2284 830 2371 qui
846 2284 955 2364 solus,
973 2284 1109 2353 cunctis
1124 2293 1156 2350 et
1174 2299 1246 2348 mo-

16 2367 100 2436 tachis
120 2386 151 2442 et
173 2373 311 2443 clericis
330 2395 411 2461 prae
428 2387 521 2443 metu
540 2373 765 2462 fugientibus,
788 2386 906 2443 sancto
928 2373 1070 2530 margri
1087 2383 1247 2441 constan·

16 2473 41 2520 er
60 2458 215 2543 adhaesit,
243 2475 276 2530 et
306 2461 393 2532 inter
412 2461 513 2532 ulnas
542 2485 620 2532 eum
650 2462 835 2542 contiuuit',
863 2461 971 2531 donec
994 2473 1100 2530 atera
1127 2479 1246 2558 earum

18 2560 152 2630 mputata
167 2566 230 2621 est.
250 2549 395 2621 Additus
411 2551 492 2619 iude
511 2567 562 2621 est
576 2549 661 2620 alter
681 2553 769 2622 ictus
794 2553 829 2621 in
855 2571 991 2620 sacrum
1008 2571 1134 2638 corpus
1158 2567 1244 2636 ejus,

16 2631 85 2702 tille
100 2639 223 2708 mansit
241 2639 418 2721 immotus,
438 2638 523 2708 nihil
545 2661 580 2710 sc
596 2661 827 2711 commovens.
846 2639 956 2709 Tertio
975 2659 1171 2728 percussus,
1191 2655 1247 2736 ge·

18 2723 162 2807 uallexit,
188 2727 309 2796 dicens
334 2727 505 2798 submissa
531 2750 628 2816 voce:
648 2751 666 2794 «
689 2733 750 2798 Pro
770 2728 909 2800 nomine
924 2727 1005 2797 lesu
1029 2740 1061 2798 et
1077 2724 1247 2796 Ecclesrae

19 2807 175 2884 clausione
191 2815 278 2886 mori
292 2831 431 2904 paratus
448 2839 536 2886 sum.
556 2841 573 2884 »
592 2821 676 2886 Tum
695 2837 773 2886 vero
787 2817 907 2887 tertius
926 2838 967 2886 ex
984 2815 1053 2886 illis
1070 2812 1248 2903 sacrilegis

18 2903 252 2996 ercussoribus,
273 2904 318 2974 ita
339 2905 578 2994 procumbenti
595 2927 698 2996 grave
714 2906 839 2975 inllixit
856 2905 994 2986 vulnus
1009 2917 1047 2974 ut
1070 2927 1150 2974 cum
1169 2923 1249 2973 san-

16 3007 86 3056 tune
110 2993 234 3080 pariter
248 3016 267 3062 e
282 2995 393 3082 capite
417 2993 595 3064 cerebrum
612 2995 646 3062 in
666 2995 742 3084 ejus
757 2993 878 3064 faciem
903 2994 1080 3065 deflueret.
1097 2999 1246 3077 Quartus

16 3078 116 3147 nterim
134 3081 291 3173 abigebat
308 3083 599 3172 supervenientes
617 3095 655 3153 ut
670 3085 794 3153 caeteri
813 3095 951 3183 possent
965 3083 1000 3151 in
1019 3105 1059 3152 ea
1074 3079 1247 3153 horrenda

16 3165 84 3234 aede
103 3167 241 3239 liberius
258 3171 396 3240 versari.
418 3171 544 3254 Quinto
562 3171 634 3242 loco
653 3173 796 3242 accessit
812 3193 853 3253 rs
871 3193 973 3258 quem
988 3185 1066 3242 ante
1079 3171 1244 3268 diximus,

16 3253 82 3352 lugo
104 3257 337 3330 subdiaconus
356 3260 568 3341 execrabilis,
588 3271 620 3330 et
640 3261 749 3351 posito
775 3261 859 3350 pede
884 3259 918 3328 in
944 3259 1071 3329 collum
1098 3269 1245 3330 sancus-

17 3359 65 3408 uur
88 3349 255 3438 martyris,
281 3349 373 3436 quod
399 3350 473 3419 sine
489 3350 631 3419 horrore
649 3347 719 3418 dici
737 3371 804 3419 non
824 3361 943 3438 potest,
958 3349 1137 3418 cerebrum
1163 3365 1244 3414 cum

17 3435 149 3520 anguine
174 3458 232 3525 per
256 3439 490 3527 pavimentum
513 3438 649 3527 sparsit,
671 3440 786 3525 aitque
801 3438 844 3508 ad
866 3437 943 3508 illos
959 3449 1127 3525 quatuor:
1150 3463 1162 3498 a
1183 3433 1248 3503 Ab·

18 3535 102 3589 trous
124 3523 221 3594 hinc:
248 3528 311 3596 iste
335 3526 477 3617 posthac
503 3548 570 3595 non
596 3539 797 3618 resurget.»
1217 3611 1223 3624 .

39 3605 143 3688 ild.
177 3619 215 3683 Iu
239 3615 295 3684 his
318 3615 482 3686 omnibus
514 3615 751 3685 incredibilem
788 3615 912 3685 licebat
944 3615 1054 3684 sancti
1083 3627 1247 3702 martyrrs

16 3691 98 3765 idere
120 3705 355 3782 constantiam,
374 3716 413 3774 ut
428 3703 488 3793 qui
507 3725 548 3774 ne
575 3726 617 3774 ue
634 3725 789 3786 manum,
813 3725 923 3793 neque
941 3717 1066 3772 vestem
1091 3722 1246 3790 oppone-

16 3791 44 3846 'tt
65 3792 313 3870 percussoribus
332 3792 414 3873 illis,
437 3814 499 3864 uec
523 3727 635 3864 uiium
659 3791 711 3862 vel
736 3792 892 3874 verbum,
924 3792 974 3862 vel
999 3791 1185 3862 clamorem
1211 3811 1246 3858 e-

16 3863 90 3960 leret,
110 3877 211 3948 immo
237 3903 278 3948 ne
294 3883 458 3970 gemitum
481 3882 633 3970 quidem,
660 3895 720 3952 aut
740 3881 890 3970 aliquam
917 3880 1046 3950 doloris
1071 3878 1246 3969 significa-

16 3973 109 4030 ¹torum
123 3969 332 4055 exprimeret,
359 3970 417 4040 sed
441 3985 546 4060 caput
565 3969 691 4060 gladiis
710 3970 863 4040 ablatum
894 3983 1022 4039 teneret
1046 3969 1243 4048 immotum,

16 4039 94 4116 'loncc
108 4056 240 4126 cerebro
255 4079 333 4126 cum
352 4060 521 4150 sanguine
544 4071 757 4150 erumpente,
786 4073 961 4217 tamguam
979 4072 1151 4137 oraturus,
1171 4077 1246 4126 cor-

16 4147 64 4222 ΝΗ
83 4137 111 4235 ip
134 4160 269 4219 terram.
296 4147 453 4232 spiritum
479 4148 513 4217 in
539 4149 653 4217 sinum
679 4147 833 4218 Abrahae
878 4150 1023 4238 eposuit.
1043 4151 1168 4216 Caesus
1191 4157 1242 4216 est

16 4233 54 4282 ur
73 4244 135 4328 tuus
152 4255 170 4302 a
185 4234 436 4307 cruentissimis
460 4237 529 4307 illis
553 4237 777 4307 carnificibus
802 4254 954 4328 tempore
982 4257 1080 4307 sacro
1110 4248 1142 4305 et
1170 4234 1245 4305 loco

16 4323 98 4391 sacro,
116 4339 144 4387 m
164 4322 242 4411 ipsa
266 4321 364 4394 domo
388 4327 456 4408 bei,
487 4340 608 4414 quarto
637 4326 802 4396 Calendas
824 4326 980 4397 ianuarii
1004 4347 1094 4396 anno
1120 4325 1244 4395 Christi
