3046 4838
963 132 1344 336 Etatfft

451 393 889 510 nacnnana
977 341 1084 532 St

580 631 761 642 ...-
1015 522 1254 698 3375*

1010 701 1298 832 u2l2's3

194 1063 300 1163 llll
338 1065 383 1165 S.
422 1061 578 1164 llLlGll
618 1061 1146 1191 tottonuttusntttst.

67 1313 171 1360 aarum
183 1315 323 1366 nouorum
334 1297 353 1333 ⁴
368 1317 618 1367 nornounarnsr
634 1317 806 1378 recasura,
820 1313 893 1364 ntus
911 1317 1059 1376 anonim,
1076 1293 1309 1365 coruscarentll

133 1507 178 1563 td
195 1512 377 1568 coelestem
400 1508 550 1580 patriam
570 1509 726 1580 migravit
747 1523 836 1568 anno
858 1513 919 1566 659
933 1540 971 1550 -
990 1511 1068 1569 Nat.
1086 1510 1218 1568 Gallus.

528 1735 648 1800 LIBER
674 1734 828 1800 PRIMUS

98 1887 153 1984 §L
166 1890 268 1978 Igitur
284 1891 424 1982 Eligius
442 1891 617 1961 Lemovice
632 1891 684 1926 Ψ
701 1891 889 1962 Galliarum
905 1890 1000 1971 urbe,
1019 1911 1107 1978 quae
1121 1891 1165 1962 ab
1178 1894 1311 1960 Oceano

66 1975 226 2048 Bnuonico
247 1979 321 2050 lere
348 1981 578 2050 ducentorum
611 1979 759 2050 millium
781 1981 890 2070 spatio
919 1980 1135 2070 sejungitur,
1171 1980 1204 2048 in
1232 1979 1309 2049 villa

67 2062 240 2136 laulacensi
258 2069 345 2150 ssu,
363 2091 487 2156 quaen
507 2069 677 2158 praedicta
694 2071 778 2140 urbo
794 2091 850 2140 sex
869 2069 1004 2138 circiter
1019 2068 1175 2138 millibus
1191 2069 1232 2138 ad
1256 2073 1310 2138 Se·
1386 2099 1388 2104 ’

67 2155 297 2236 ptentrionalem
321 2157 460 2248 plagam
479 2159 595 2248 vergit,
619 2157 788 2228 oriundus
809 2159 884 2229 l'uit.
913 2162 951 2228 In
978 2158 1042 2227 bac
1067 2179 1149 2259 ergo
1174 2157 1311 2258 regione

67 2243 234 2322 parentibus
250 2246 430 2404 ingenuis
449 2259 551 2335 atque
573 2269 613 2318 ex
637 2247 739 2338 longa
764 2248 923 2338 prosapia
939 2247 1153 2328 Christianis,
1180 2247 1311 2346 Eligius
1424 2247 1433 2272 ⁸

68 2344 146 2400 natus
161 2348 255 2422 atque
272 2359 294 2406 a
313 2335 381 2406 itus
396 2348 459 2406 est.
478 2335 584 2423 Cujus
602 2350 696 2424 pater
711 2337 911 2415 Eucherius,
935 2351 1042 2406 rnater
1062 2357 1141 2406 vero
1161 2337 1312 2422 Terrigra

68 2419 182 2492 vocitata
196 2438 257 2494 est.
278 2429 360 2514 Ipse
380 2438 493 2494 autern
514 2427 623 2514 gratia
640 2425 756 2494 divina
778 2427 1004 2515 praesciente,
1029 2445 1219 2514 congruum
1246 2425 1312 2493 sibi

66 2527 97 2573 aa
109 2509 198 2582 veluti
214 2515 397 2604 speculum
416 2515 540 2584 mentis
557 2536 650 2594 suae,
670 2513 802 2604 Eligius
817 2513 903 2552 raam
919 2535 1044 2584 namen
1066 2515 1207 2603 accepit.
1227 2517 1313 2604 Ergo

65 2613 128 2666 rum
144 2603 352 2693 propositum
370 2603 414 2672 sit
441 2602 483 2672 de
507 2602 572 2684 bis,
594 2625 683 2691 quoe
699 2606 815 2694 gessit,
835 2604 941 2674 immo
964 2625 1053 2691 quae
1072 2603 1235 2672 Dominus
1255 2625 1314 2693 per

64 2703 128 2754 eum
149 2693 279 2781 operari
303 2690 466 2782 dignatus
489 2704 551 2772 est,
573 2693 664 2762 sicut
682 2705 777 2783 gesta
791 2703 934 2772 constal,
955 2713 1111 2762 narrare:
1132 2704 1243 2762 tamen
1266 2691 1311 2772 id,

64 2777 148 2858 quod,
173 2782 373 2870 priusquam
401 2794 608 2861 nosceretur,
632 2781 674 2851 ad
701 2780 868 2852 indicium
894 2781 1084 2852 sanctitatis
1108 2780 1181 2870 ejus
1203 2793 1315 2850 osten-

66 2869 381 3028 sundcslgequcdque
400 2891 602 2961 magnorum
629 2871 780 2942 virorum
798 2871 991 2941 testimonio
1014 2869 1132 2950 didici,
1161 2870 1315 2941 omittere

66 2972 120 3022 non
155 2980 172 3026 e
213 2980 245 3028 o.

100 3045 175 3130 §2
200 3053 283 3118 Cum
309 3047 423 3118 adbuc
449 3048 499 3117 vir
527 3050 647 3118 beatus
679 3049 798 3120 matris
827 3061 914 3120 esset
944 3047 1020 3118 alvo
1051 3048 1203 3118 ludituS.
1233 3047 1315 3118 vidit

66 3134 187 3217 genitrix
210 3138 285 3227 ejus
311 3136 489 3218 visionem,
514 3158 603 3224 quae
627 3137 826 3224 hujusmodi
850 3138 951 3208 babet
976 3137 1147 3206 ordinem.
1175 3137 1316 3208 Videbat

66 3225 147 3304 quasi
167 3226 315 3312 aquilam
342 3225 439 3296 valde
458 3225 612 3316 pulcram
638 3247 742 3316 super
759 3249 860 3298 suum
881 3226 1076 3298 volitantem
1099 3240 1316 3318 stratumne

67 3330 94 3375 se
115 3315 200 3383 tertio
223 3314 489 3396 inclamantem,
508 3316 643 3403 sibique
668 3317 782 3385 nescio
798 3314 882 3402 quid
909 3315 1138 3406 pollicentem.
1165 3317 1317 3404 Cumque

66 3417 97 3467 cx
109 3405 270 3493 reciproca
284 3425 364 3474 voce
380 3403 585 3494 evigilasset,
608 3406 783 3493 perterrita
798 3405 915 3486 nimis,
935 3407 1047 3494 coepit
1065 3405 1197 3484 mirari,
1213 3426 1317 3491 quae-

69 3507 130 3559 nam
145 3507 229 3564 esset
246 3493 330 3564 baec
345 3493 442 3564 visio.
470 3497 600 3564 Interea
620 3494 710 3562 venit
735 3506 871 3596 tempus
891 3493 1060 3584 pariendi,
1083 3507 1116 3564 et
1139 3513 1220 3582 prae
1247 3516 1318 3564 ma·

68 3580 223 3664 gnitudine
235 3580 364 3652 doloris
376 3583 489 3740 coepit
503 3595 610 3653 mater
631 3582 826 3672 periclitari.
843 3588 1053 3653 vocaverunt
1068 3593 1182 3652 autem
1199 3605 1318 3670 quem·

68 3663 130 3737 dam
147 3671 337 3762 religiosum
361 3693 439 3761 pres
464 3684 598 3760 yterum
617 3671 697 3740 boni
716 3673 900 3742 testimonii
919 3672 1044 3750 virum,
1067 3685 1105 3742 ut
1122 3693 1183 3760 pro
1198 3671 1316 3741 eadem

69 3775 146 3828 orare
162 3759 305 3830 deberet.
333 3761 494 3844 Quicum
513 3758 719 3832 venissetad
743 3782 831 3842 eam,
858 3762 958 3848 quasi
984 3760 1220 3852 propheticum
1243 3781 1319 3830 mox

70 3867 219 3938 usurpans
235 3851 390 3930 verbum,
417 3847 526 3920 ailad
556 3849 672 3918 illam:
694 3849 814 3930 «noti,
840 3849 1012 3936 inquiens,
1035 3863 1153 3932 mater,
1176 3851 1318 3920 timere:

69 3939 206 4018 quoniam
220 3937 438 4010 benedictum
460 3951 593 4028 partum
610 3938 670 4007 tibi
685 3940 852 4008 Dominus
868 3938 1071 4028 dignabitur
1092 3939 1222 4028 largiri.
1250 3939 1322 4015 Erit

89 4151 126 4190 ⁸8.
133 4153 248 4195 bubalum
257 4157 347 4206 (gallice
358 4157 431 4202 υκαι).
441 4155 480 4196 dle
490 4155 516 4194 24
526 4157 619 4202 augusti
633 4153 726 4196 colitur.
737 4155 850 4206 mundam
858 4156 911 4197 Vita
918 4158 942 4197 ln
952 4156 1313 4204 v01.v111,p.ooteto.uaoetor

90 4205 111 4230 '¹
124 4205 178 4246 llaec
193 4207 299 4250 Historia.
313 4220 383 4258 quum
403 4210 425 4250 Β.
435 4207 564 4248 audoenus
575 4207 652 4256 edidit,
664 4211 733 4252 valde
746 4219 782 4251 aar
794 4211 892 4260 prolum.
904 4212 999 4252 Praeter
1009 4211 1142 4260 prologum.
1151 4219 1221 4258 quem
1236 4210 1306 4252 surita

69 4255 106 4298 lm
113 4259 220 4306 putrent,
227 4265 339 4310 quadum
348 4265 397 4303 ntia
406 4261 496 4311 psalm
506 4269 551 4299 uos
560 4269 651 4312 quoque
661 4275 689 4304 ex
700 4273 728 4304 ea
737 4265 907 4305 reuocabimus.

90 4309 122 4336 '⁸⁸
133 4309 216 4356 Gallica
234 4316 336 4365 ΖΜ.
352 4318 409 4356 urbs
426 4311 575 4364 per-utum.
591 4316 739 4360 Summarum
757 4319 897 4360 Poatltlcum
914 4319 1043 4358 Clementis
1063 4317 1093 4356 tr
1111 4317 1218 4368 (tw-52)
1228 4320 1252 4356 et
1263 4315 1324 4355 Gre-

74 4363 351 4471 mwlfflllldltlgl.
612 4457 628 4478 ‚
656 4457 668 4468 ,,
709 4423 779 4451 *¹⁸⁸⁸*
795 4421 936 4472 vulgarat.

727 4475 834 4559 7212
