2954 4816
17 323 80 388 ott.
100 327 140 390 25
403 347 443 394 nr
475 347 503 394 ε.
529 345 668 396 auarum
691 347 835 396 uramara
1146 332 1211 398 tao

14 441 81 494 esset
100 428 283 517 cognitum,
312 450 422 516 neque
446 429 611 518 primum,
640 451 751 519 neque
776 443 955 520 postquam
981 453 1056 502 eam
1082 432 1254 506 allocutus

14 528 49 582 est
64 515 253 606 Episcopus.
276 521 370 600 Quae
387 518 527 606 quidem
549 518 653 588 simul
669 542 748 589 cum
766 521 956 598 Eunuchis,
976 543 1042 590 non
1063 523 1159 610 prius
1173 545 1251 593 eum

13 603 129 682 dimisit,
146 627 249 692 quam
274 607 371 676 illius
392 607 553 678 manibus
581 608 738 678 divinum
764 612 940 680 consecuti
971 610 1196 699 baptismum,
1222 625 1255 683 et

13 705 163 763 mutarunt
191 693 362 768 habitum.
390 709 423 765 et
445 697 593 787 cooptati
617 711 699 768 sunt
723 697 757 766 in
784 719 968 768 numerum
991 699 1252 769 monachorum.

12 785 83 862 Quae
103 797 212 852 autem
231 781 394 872 deinceps
418 797 499 856 sunt
518 797 714 868 consecuta,
733 800 766 856 et
779 787 1072 874 quemadmodum
1089 787 1253 880 deinceps

12 884 141 958 parentes
165 885 304 963 propter
326 895 401 942 eam
428 887 508 944 sunt
531 874 667 956 affecti,
694 885 727 945 et
749 897 920 963 quaenam
945 875 987 946 de
1012 877 1088 966 ipsa
1111 877 1253 967 quidem

11 960 187 1048 cogitarunt,
212 975 246 1031 et
270 975 439 1050 quantum
464 962 615 1032 dolorem
642 979 872 1052 acceperunt,
898 987 978 1035 eum
1013 987 1074 1055 spe
1098 964 1254 1036 frustrati

10 1060 101 1117 essent
119 1049 210 1138 (nam
229 1051 315 1122 haec
337 1073 486 1140 quoque,
510 1052 661 1134 setania,
683 1052 771 1123 scire
795 1054 925 1143 sititis),
947 1075 1165 1141 nequaquam
1192 1078 1254 1146 par

10 1150 50 1204 est
65 1141 330 1224 praetermittere.

48 1231 144 1305 51².
169 1233 353 1316 Postquam
369 1228 461 1298 enim
487 1229 691 1320 intempesta
716 1243 825 1312 nocte,
844 1232 981 1301 nemine
1004 1230 1096 1318 quod
1122 1230 1250 1302 lactum

12 1311 281 1398 lueratsentiente,
306 1317 457 1408 Eugenia
470 1317 609 1409 quidem
627 1320 701 1388 siue
716 1320 860 1420 strepitu
879 1317 1057 1391 deseendit
1074 1321 1116 1390 de
1130 1343 1249 1402 curru,

11 1405 194 1489 Hyacinthus
210 1420 326 1478 autem
347 1420 380 1475 et
396 1411 516 1477 Protus
534 1407 578 1476 ab
595 1406 673 1478 aliis
686 1407 846 1478 similiter
862 1419 943 1479 sunt
958 1410 1126 1500 separati:
1148 1411 1250 1480 inane

10 1511 72 1560 rero
87 1495 274 1566 vehiculum
295 1507 450 1564 secutum
475 1509 526 1566 est
549 1517 618 1577 εοε,
636 1498 696 1584 qui
714 1495 974 1586 praecedebant,
989 1498 1048 1585 qui
1072 1499 1251 1587 praeibant

11 1577 105 1650 lamuli
123 1585 241 1671 partim
265 1583 404 1673 quidem
428 1597 566 1674 propter
582 1598 730 1675 tempus,
756 1587 879 1675 partim
905 1599 1018 1656 autem
1069 1587 1136 1657 uod
1160 1587 1252 1658 cela·

12 1679 66 1766 tum
82 1671 120 1739 sit
135 1672 165 1740 id
183 1673 277 1760 quod
295 1671 488 1764 gerebatur,
515 1673 601 1744 nihil
627 1695 759 1755 eorum,
785 1696 873 1762 quae
898 1695 986 1764 pone
1006 1609 1146 1752 fiebant,
1174 1697 1251 1748 sen·

13 1767 116 1839 tientes,
139 1762 303 1847 quoniam
321 1783 378 1832 eos
402 1761 610 1848 sequebatur
633 1761 775 1844 animal,
795 1775 827 1834 et
845 1763 992 1833 maxime
1010 1767 1075 1834 Deo
1096 1764 1177 1835 huic
1203 1766 1251 1834 rei

13 1846 192 1930 providentia
209 1871 275 1921 sua
289 1871 388 1940 opem
406 1849 545 1931 serente,
570 1852 614 1920 ita
630 1865 721 1921 recta
736 1851 871 1922 iverunt
890 1850 1143 1922 Alexandriam.
1159 1857 1252 1924 Post-

14 1952 92 2017 quam
107 1951 213 2008 autem
226 1938 301 2028 jam
319 1938 458 2009 suerunt
475 1961 580 2029 prope
592 1940 775 2022 civitatem,
788 1941 848 2028 qui
867 1941 1078 2012 resciverunt
1094 1942 1248 2029 quidem,

14 2041 27 2086 a
46 2022 128 2095 domo
150 2029 318 2111 exierunt,
344 2049 425 2098 cum
443 2030 593 2098 maximo
608 2028 736 2129 gaudio
753 2029 946 2118 suscepturi
964 2031 1166 2120 Bugoniam,
1189 2052 1252 2100 an-

15 2113 239 2186 teambulonum
267 2115 419 2186 videntes
444 2115 715 2198 multitudinem,
733 2129 767 2187 et
786 2117 891 2187 alium
917 2117 1080 2209 deinceps
1104 2140 1253 2188 eonven-

16 2209 70 2264 tum
85 2223 273 2288 puerorum.
292 2209 374 2274 Crrm
407 2227 483 2275 vero
498 2207 572 2295 jam
598 2227 704 2296 prope
727 2219 852 2287 essent,
879 2220 912 2276 et
935 2206 1040 2276 alacri
1064 2208 1183 2277 animo
1206 2207 1249 2277 ad

18 2285 176 2362 vehiculum
193 2295 440 2374 accurrissent,
468 2308 502 2364 et
519 2293 717 2364 cathedram
735 2295 874 2384 quidem
902 2295 1068 2368 vidissent
1093 2317 1247 2378 vacuam,

18 2393 152 2462 nusquam
176 2395 292 2453 autem
318 2382 520 2484 Eugeuiam,
548 2405 583 2452 re
607 2383 785 2474 inopinata
800 2398 952 2472 etquam
973 2406 1152 2472 nunquam
1170 2407 1249 2475 spe-

17 2481 128 2550 rassent,
151 2469 390 2560 obstupelactr,
416 2471 459 2540 ad
484 2471 655 2561 lacrymas
668 2483 701 2542 at
716 2472 846 2543 luctum
864 2473 906 2542 de
921 2486 1053 2544 caetero
1073 2485 1154 2544 sunt
1171 2495 1251 2543 eon·

17 2555 91 2636 versi,
112 2570 143 2627 et
159 2560 391 2630 communiter
414 2581 599 2630 commune
615 2561 744 2630 honum
768 2560 951 2632 dedebant.
969 2585 987 2630 a
1008 2563 1096 2646 Quid
1121 2561 1249 2632 factum

14 2641 72 2708 est?
91 2647 169 2727 Quid
190 2660 307 2719 actum
329 2650 401 2719 est?
417 2647 596 2730 Quodnam
623 2649 754 2720 malum
783 2650 1050 2741 inexpugnabile
1071 2649 1171 2722 nobis
1195 2671 1250 2719 ao·

15 2727 292 2826 ridittadicentes.
319 2736 446 2807 Deinde
470 2737 610 2807 nomine
634 2738 801 2809 vocabant
824 2740 1024 2830 Eugeniam,
1044 2739 1176 2809 vultum
1203 2737 1250 2807 s·

16 2832 113 2918 nentes
133 2826 304 2908 manibus,
324 2825 537 2916 plangentes
556 2839 590 2896 et
612 2826 715 2917 plane
731 2827 910 2898 temulenti
929 2827 1057 2897 dolore.
1078 2827 1141 2898 Sed
1165 2827 1249 2897 haec

15 2908 224 2990 quidamsoris
246 2913 418 2985 faciebant
434 2914 539 2985 amici
562 2927 594 2986 et
619 2915 701 2996 noti,
721 2917 896 3003 etquib'us
920 2915 1016 2986 nulla
1033 2937 1114 2986 cum
1139 2937 1178 2986 ea
1198 2918 1249 2984 in-

16 2998 387 3092 tercedebatconjunctio
404 3004 596 3094 sanguinis.
627 3009 752 3074 Eorum
780 3017 908 3086 autem,
937 3005 998 3092 qui
1023 3005 1119 3076 intus
1138 3019 1246 3087 erant,

16 3085 74 3166 quis
90 3091 164 3161 satis
180 3093 307 3184 tragice
323 3091 544 3182 descripserit
559 3091 811 3163 calamitatem?
827 3098 986 3164 Parentes
1005 3095 1097 3163 enim
1124 3115 1247 3184 prope-

16 3173 128 3247 modum
152 3180 381 3252 veneruntad
407 3181 582 3268 laqueum,
604 3194 636 3251 et
661 3182 909 3273 propemodum
936 3205 971 3250 se
995 3203 1076 3252 ense
1100 3181 1248 3252 confixe-

16 3275 86 3343 runt,
102 3267 176 3353 quid
194 3290 261 3339 non
280 3269 457 3358 loquentes
475 3269 695 3342 miserabile?
710 3270 794 3358 quid
819 3291 888 3341 non
913 3270 1076 3340 facientes
1100 3269 1133 3340 di
1163 3293 1246 3340 num

17 3341 170 3451 lacrymis?
183 3363 293 3430 Genas
308 3357 515 3440 lacerabant,
536 3359 709 3449 pulverem
721 3359 825 3450 capiti
842 3357 1083 3440 infundebant,
1094 3293 1248 3430 saliumi

17 3443 133 3526 turpiter
154 3448 423 3535 prosternebant,
441 3447 562 3518 acerbe
582 3447 831 3530 exclamabant,
859 3460 1016 3538 parentes
1038 3448 1159 3527 saliam,
1179 3446 1248 3516 lra-

18 3531 66 3594 tres
78 3551 277 3620 germanam,
298 3537 385 3606 servi
402 3536 601 3606 dominam:
621 3536 740 3608 nullus
757 3536 1006 3618 invulneratus,
1025 3535 1144 3606 nullus
1163 3535 1249 3606 liber

19 3609 151 3718 abanimi
171 3624 441 3782 pgrturhatione:
471 3639 538 3696 tam
555 3625 739 3696 vehemens
764 3626 935 3697 invaserat
955 3625 1097 3696 domum
1116 3624 1248 3712 absque

19 3715 76 3786 tgna
92 3729 180 3780 moen
207 3713 292 3784 ium.

49 3797 63 3869 l
81 3801 145 3868 18,
170 3801 230 3872 Sed
250 3814 429 3893 postquam
448 3801 588 3874 inutiles
604 3803 762 3874 viderunt
781 3823 856 3875 esse
880 3803 1063 3893 lacrymas,
1089 3802 1247 3874 conversi

20 3884 127 3953 suntad
147 3891 372 3975 quaerendam
393 3891 623 3970 carissimam,
648 3891 909 3982 Interrogahant
933 3905 1151 3972 mercatores,
1170 3913 1250 4050 dper·

20 3971 396 4072 retrahanturagriootas,
410 3981 628 4071 praediorum
646 3981 866 4062 habitatores,
878 3993 911 4051 et
924 3979 1055 4051 viarum
1070 3994 1168 4052 custo
1194 4002 1246 4051 es:

24 4061 245 4139 suscitabantur
260 4068 612 4158 rates'ventrilnquos,
629 4082 661 4140 et
680 4070 798 4139 omnia
813 4069 1021 4140 daemonum
1044 4068 1196 4150 oracula,
1214 4083 1247 4140 et

24 4157 51 4204 aa
65 4146 223 4230 placabant
247 4171 279 4228 et
304 4158 461 4230 colebant
481 4156 671 4230 sacrifieiis.
691 4165 774 4230 Cum
799 4169 1004 4230 autemnon
1034 4158 1249 4228 inveniretur

26 4242 131 4316 la(luae
150 4248 382 4334 quaerebatur,
403 4249 602 4338 parentibus
618 4269 729 4318 unum
746 4249 949 4337 excogitant,
973 4249 1033 4335 qui
1048 4249 1135 4337 ejus,
1153 4247 1247 4334 quod

28 4329 163 4428 eatqrare,
179 4333 380 4407 ridebantur
394 4358 557 4438 quaerere
574 4336 746 4408 solatium.
765 4338 914 4496 Ρίιιὲυει
937 4336 1124 4424 quamdam
1146 4335 1248 4407 sabu-

40 4419 89 4490 lffl,
101 4417 174 4490 nihil
190 4422 389 4497 dissimilem
409 4427 452 4496 ris
464 4449 553 4515 quae
565 4439 739 4498 canuntur
755 4449 824 4518 apu
861 4429 1006 4498 Graecos
1019 4450 1027 4494 ι
1042 4425 1147 4517 quod,
1166 4447 1245 4496 cum
