2994 4832
77 297 189 364 bibl
436 323 481 370 ne
507 323 537 370 s.
566 322 709 369 asnorum
732 320 817 368 vrrs.
844 322 882 368 er
907 322 1000 369 usar.
1277 303 1318 367 77

82 401 213 472 crucisui
238 404 413 494 imperat.
444 411 571 494 ltaque
588 407 661 487 uni,
684 407 815 475 etitem
840 405 939 475 alteri
961 406 1067 476 ubera
1092 405 1360 494 praeciduntur,

85 491 177 581 idque
198 492 241 562 ad
265 493 488 564 inurendam
519 496 618 566 sexui
639 495 829 586 graviorem
858 494 1117 565 contumeliam.
1148 497 1218 564 Hoc
1248 505 1363 564 autem

89 583 204 674 ipsein
227 583 391 654 cruciatu
416 584 521 654 beata
540 583 696 653 'Barbara
712 584 758 653 ita
779 584 1003 674 precabatur:
1029 589 1077 653 Nc
1088 585 1253 674 projicias
1275 605 1328 652 roe
1342 606 1364 651 a

91 675 169 760 socie
189 683 257 753 tuo,
274 683 305 742 et
325 675 501 766 Spiritum
524 677 686 744 Sanctum
710 684 806 743 tuom
834 696 875 743 nc
898 675 1037 762 auferas
1059 696 1081 741 a
1106 695 1159 742 mc
1180 672 1262 761 (Ps.
1283 671 1361 760 50).

94 762 251 833 Uberibus
273 762 457 850 praecisis,
479 773 555 832 tum
574 773 719 849 utraque
743 761 850 842 nuda,
870 761 1015 862 direptis
1030 761 1193 842 vestibus,
1214 782 1274 850 per
1289 760 1365 829 loca

92 849 226 940 publica
247 851 377 940 passim
410 851 627 940 perducitur.
653 856 742 922 Num
770 850 882 921 ullum
913 849 1009 920 aliud
1034 861 1269 920 commentum
1298 849 1365 919 hoc

92 938 216 1010 scelere
227 938 359 1010 foedius
371 940 560 1031 excogitari
573 940 698 1028 potuit?
713 945 739 1012 N
743 961 802 1010 um
813 938 908 1010 aliud
925 937 1154 1010 contumeliae
1168 960 1279 1030 genus
1295 951 1364 1008 tam
1469 1019 1474 1030 ¹

86 1028 226 1119 insigne
247 1027 289 1098 ad
314 1027 499 1098 muliebris
523 1051 626 1099 serus
652 1027 856 1099 infamiam?
878 1033 918 1098 li
937 1027 1016 1098 illac
1040 1031 1106 1098 Deo
1135 1027 1263 1119 gratias
1287 1049 1364 1118 age·

81 1115 185 1186 bant.
211 1123 290 1187 liam
319 1139 390 1205 quo
410 1118 528 1208 plures
559 1118 688 1208 impius
714 1121 854 1188 Praeses
886 1129 919 1187 ct
950 1117 1100 1205 injurias
1128 1129 1161 1186 et
1190 1115 1366 1186 cruciatus

76 1205 258 1287 adhibuit,
286 1228 326 1277 eo
344 1207 462 1296 plures
485 1228 630 1278 coronas
659 1205 797 1294 utrique
827 1206 1010 1296 imposuit:
1039 1205 1106 1276 sibi
1134 1217 1248 1276 autem
1288 1203 1366 1293 plus

72 1293 265 1366 dedecoris
279 1295 446 1365 accessit:
469 1295 615 1382 ideoque
638 1296 812 1386 graviores
837 1317 975 1383 poenas,
1002 1307 1034 1364 ct
1054 1293 1171 1385 plures
1199 1293 1366 1364 curbones

69 1383 247 1454 ardentes
269 1384 376 1474 capiti
399 1406 463 1456 suo
478 1385 661 1476 congessit.
1016 1387 1034 1402 '‘

117 1474 142 1558 ξ
171 1477 254 1548 1⁰.
271 1477 500 1560 Posteaquam
526 1494 603 1544 vero
624 1473 671 1544 ita
684 1471 782 1542 foede
803 1473 838 1542 in
853 1493 975 1542 omues
999 1473 1095 1543 urbis
1114 1485 1226 1562 partes
1243 1471 1367 1544 ambae

64 1560 276 1660 perductae
298 1574 392 1643 suut,
420 1561 529 1632 lectur
544 1561 733 1632 sententia:
760 1561 884 1652 capitis
913 1561 1108 1641 damnatae,
1121 1560 1246 1720 plodio
1272 1559 1368 1630 leciri

56 1650 267 1738 jubentur.
285 1654 371 1722 Tum
390 1673 468 1722 vero
485 1651 593 1724 lectae
609 1650 786 1733 incedunt,
805 1671 872 1720 non
898 1663 1072 1739 tamquam
1099 1673 1120 1719 a
1159 1669 1290 1731 necem,
1307 1647 1367 1720 sed

64 1738 188 1806 sicut
210 1737 358 1840 athletae·
368 1739 412 1810 ad
438 1739 600 1812 ludorum
622 1739 839 1830 magistrum,
858 1739 1017 1810 victoriae
1040 1737 1158 1897 palma
1178 1738 1365 1830 proposita,

63 1847 201 1912 quam
224 1849 242 1898 a
264 1833 408 1900 bommo
425 1850 504 1899 acce
531 1839 627 1900 turae
649 1841 747 1900 erant
775 1829 812 1897 in
836 1828 953 1901 coelis.
976 1833 1038 1898 Cae
1066 1829 1094 1898 is
1119 1827 1275 1898 minister
1299 1848 1368 1896 non

69 1913 223 2013 aliquis
244 1915 333 1987 alius
350 1916 426 1999 luit,
455 1939 491 1988 se
543 1930 638 2007 pater
661 1919 736 2008 ipse
766 1917 928 2075 martpris
954 1931 987 1988 et
1010 1916 1154 2010 virginis
1173 1917 1365 1987 Barbarae:

74 2023 159 2088 qur
186 2005 290 2076 omnis
314 2005 543 2078 humanitatis
562 2027 695 2097 erpere,
713 2018 747 2076 et
763 2006 797 2074 in
824 2005 916 2076 iliae
941 2028 1023 2078 nece
1050 2006 1188 2078 nullum
1216 2005 1369 2076 sentiens

81 2088 261 2174 dolerem,
291 2095 389 2166 triste
411 2095 558 2186 explevit
590 2095 835 2166 ministerium.
862 2095 967 2186 Cujus
994 2095 1101 2166 leram
1130 2093 1369 2165 crudelitatem

88 2199 176 2246 non
196 2178 249 2279 diu
263 2181 333 2254 tulit
356 2185 538 2273 impunem
559 2183 677 2255 divina
697 2183 851 2285 justitia;
880 2207 958 2254 nam
980 2186 1094 2255 statim
1121 2205 1162 2254 eo
1179 2184 1254 2273 ipso
1280 2183 1367 2263 loco,

84 2287 174 2352 quo
195 2267 277 2339 illine
292 2284 396 2362 ceput
416 2272 574 2354 abscidit,
605 2272 814 2344 fulminibus
837 2272 880 2344 de
903 2271 998 2344 coelo
1017 2272 1119 2360 jactis
1139 2271 1368 2342 comburitur.

88 2357 209 2442 Atque
230 2357 287 2430 boc
307 2359 452 2448 quidem
478 2362 627 2432 victricis
650 2361 820 2434 Barbarae
850 2362 995 2453 virginis
1024 2361 1090 2432 luit
1114 2361 1278 2441 stadium,
1305 2361 1371 2430 hoc

89 2465 225 2544 nosen
246 2461 444 2532 certamen,
482 2450 576 2538 qued
601 2450 659 2522 illa
692 2450 770 2522 lorti
796 2450 990 2539 invictoque
1014 2451 1144 2533 anime,
1172 2463 1205 2522 et
1233 2471 1372 2522 summa

87 2531 174 2602 fider
189 2540 379 2608 constantia
395 2538 556 2610 coniecit.
583 2544 671 2612 Haec
691 2553 742 2610 est
766 2539 919 2620 victoria,
943 2560 1049 2627 quam
1065 2539 1146 2612 vicit
1162 2539 1198 2610 in
1223 2538 1368 2619 Christo,

52 2641 56 2703 χ
87 2637 116 2690 et
134 2623 291 2698 redimita
316 2639 373 2698 est
403 2649 475 2698 nen
506 2626 668 2711 oleastro,
699 2627 759 2700 sed
777 2628 903 2698 illustri
927 2649 1055 2699 corona
1078 2627 1227 2719 gloriae:
1265 2647 1371 2714 quam

57 2742 58 2745 ¹
88 2706 313 2788 laudaverunt
344 2717 485 2807 angeli,
518 2737 622 2803 quam
652 2720 818 2788 Dominus
849 2716 961 2788 deseri
988 2717 1032 2788 sit
1058 2717 1093 2788 in
1118 2718 1235 2798 coelis,
1265 2736 1372 2803 quam

89 2799 240 2874 admirati
259 2817 347 2878 sunt
366 2805 545 2886 homines,
566 2818 599 2877 ct
613 2806 841 2888 admirantur,
869 2740 1142 2897 plaudentesque
1173 2805 1373 2898 praedicant

91 2885 305 2990 iendcclesiis.
327 2899 374 2964 In
393 2893 601 2966 memoriam
626 2896 719 2980 enim
745 2895 990 2986 sempiternam
1018 2896 1083 2968 erit
1096 2897 1227 2988 justus,
1260 2907 1292 2966 et
1313 2894 1373 2982 ju-

87 2989 167 3052 ttma
181 2981 256 3074 eius
280 2993 415 3056 manet
435 2981 472 3052 in
492 2983 644 3056 seculum
663 2983 783 3064 seculi.
802 2988 919 3055 Amen.
