2954 4816
57 287 128 353 DEC.
153 289 193 354 25
367 306 405 353 ux
428 305 613 352 niniviriiun
638 305 828 354 siiviroais
852 303 965 354 nosrai
993 359 996 366 ,
1196 291 1260 355 ios

55 392 166 482 gratiae
195 390 243 460 iac
268 389 368 460 uobis
403 390 604 472 scaturiret,
631 390 722 479 quod
747 412 787 460 ax
813 385 952 548 proprio
987 392 1091 462 latere
1125 390 1302 480 profudit:

55 479 127 549 nihil
142 480 229 550 euim
249 478 345 550 aliud
362 492 413 550 est
428 477 492 560 lao,
516 480 585 550 nisi
613 479 768 570 sanguis,
795 480 896 550 abus
930 481 1084 552 effectus.
1105 481 1305 552 Reclioator

53 571 80 638 in
102 569 261 660 praesepi,
287 579 327 640 ut
350 580 493 638 naturae
515 569 691 660 humanae
714 568 934 658 depravatam
959 570 1126 640 rationem
1153 571 1304 660 corrige-

52 671 102 738 ret,
125 671 154 728 et
168 656 313 728 duorum
330 657 535 728 animalium
552 679 630 728 esca
655 657 761 740 lieret,
781 658 924 728 Gentilis
948 670 980 728 et
1006 659 1144 729 Judaici
1169 658 1301 748 populi,

51 747 225 836 dequibus
249 747 417 838 scriptum
442 759 513 816 est:
549 751 587 815 In
613 746 726 816 medio
758 746 908 816 duorum
939 747 1144 817 animalium
1177 769 1304 837 cogno-

51 837 153 906 sceris.
168 836 309 926 Augusti
329 835 481 906 Caesaris
500 835 767 925 descriptionem
782 835 946 924 suscepit,
968 847 1007 906 ut
1025 836 1121 906 urbis
1136 847 1303 906 terrarum

50 923 268 995 confusionem
294 924 479 994 ordinaret.
505 927 595 994 Haeo
618 924 710 992 enim
737 923 933 1014 descriptio,
971 924 1036 995 fuit
1062 924 1302 1006 ordinationis,

50 1035 125 1100 quae
146 1014 180 1082 in
197 1012 279 1083 orbe
295 1025 463 1083 terrarum
484 1011 599 1084 sutura
623 1023 707 1093 erat,
733 1012 861 1169 pignus
878 1025 911 1082 et
935 1014 1050 1105 imago
1068 1014 1252 1103 quaedam.

87 1101 422 1188 iucundiorem
453 1121 531 1170 vera
560 1100 629 1171 sint
652 1122 739 1189 quae
794 1100 931 1181 ieimus,
962 1103 1083 1192 paucis
1111 1102 1224 1172 verbis
1247 1123 1305 1170 ex-

55 1189 254 1278 plicabimus.
290 1195 479 1277 Antequam
511 1190 676 1261 Dominus
700 1189 803 1276 bomo
832 1190 946 1272 fieret,
974 1191 1083 1262 multa
1107 1191 1301 1261 humanum

54 1299 144 1366 genus
164 1279 345 1367 tyrannide
364 1279 595 1368 premebatur,
614 1291 646 1348 et
664 1278 758 1348 orbis
779 1291 947 1349 terrarum
973 1280 1143 1360 homines,
1177 1292 1304 1349 temere

54 1389 85 1436 ac
105 1369 172 1438 sine
191 1369 324 1438 ratione
348 1368 450 1436 vitam
468 1366 648 1457 degebant,
675 1379 707 1437 et
731 1366 856 1458 regalis
879 1367 1031 1458 dignitas
1055 1368 1303 1438 dehonestaba-

51 1469 106 1536 tur,
129 1479 206 1526 cum
235 1456 337 1527 muto
364 1469 398 1526 et
420 1456 552 1547 copiosi
583 1455 753 1546 extempio
775 1471 975 1528 crearentur
1003 1461 1125 1548 Reges.
1161 1462 1305 1527 Centum

51 1545 190 1616 homines
215 1545 342 1631 aliquis
358 1543 528 1633 subjectos
543 1545 607 1615 sibi
634 1544 791 1626 habebat,
811 1558 843 1615 et
859 1547 974 1616 statim
998 1547 1097 1636 regui
1118 1568 1241 1617 nomen
1265 1567 1305 1616 ac

51 1635 206 1722 specimen
229 1635 295 1704 sibi
314 1633 519 1703 vindicabat.
546 1633 638 1704 Talis
655 1645 727 1704 erat
744 1633 897 1724 gentium
925 1636 1143 1718 concertatio,
1161 1655 1302 1706 suarum

52 1724 214 1814 regionum
234 1723 449 1813 principatus
469 1725 717 1813 appetentium,
736 1744 846 1814 neque
864 1745 904 1794 ex
928 1723 1078 1814 propriis
1098 1723 1183 1793 locis
1207 1744 1303 1792 exce-

53 1810 203 1892 dentium,
224 1813 292 1882 nisi
320 1811 405 1881 forte
423 1810 540 1899 aliquo
564 1810 666 1881 modo
690 1811 724 1880 in
755 1833 791 1880 se
817 1812 967 1884 vicissim
993 1834 1089 1880 arma
1114 1825 1301 1882 sumerent.

54 1902 120 1970 t'um
134 1900 306 1990 ejusmodi
325 1899 482 1971 confusio
505 1900 636 1970 diutius
661 1899 799 2002 vigeret,
830 1913 862 1972 et
887 1900 1053 1972 Dominus
1079 1901 1185 1970 Jesus
1209 1899 1304 1969 Chri-

53 1999 112 2059 stus
132 1990 226 2061 solus
244 1991 317 2081 ipse
341 1989 540 2080 virginalem
563 1988 677 2059 aulam
696 2011 731 2058 in
757 1989 856 2058 terris
880 1989 1035 2059 habitare
1058 2001 1305 2059 contentuses-

52 2089 101 2158 set,
126 2079 239 2149 statim
267 2077 453 2148 multorum
481 2077 712 2168 principatum
744 2079 968 2168 extinguens,
996 2084 1169 2148 Romanae
1193 2077 1305 2166 gentis

51 2163 249 2244 dominatum
275 2167 463 2240 constituit.
482 2178 520 2235 ut
542 2167 607 2236 sub
631 2188 702 2236 uno
726 2167 894 2268 Principe,
918 2165 959 2236 ad
987 2165 1129 2237 miiitiae
1148 2165 1304 2235 coelestis

54 2253 276 2335 imitationem,
296 2275 415 2324 omnes
434 2255 594 2324 viverent.
615 2257 709 2326 Sicut
727 2257 819 2325 enim
846 2276 880 2325 io
901 2255 1006 2326 coelis
1030 2256 1096 2326 sub
1115 2277 1184 2325 uno
1215 2259 1306 2344 Rege

54 2343 183 2416 universi
201 2345 433 2424 eontinentur,
456 2343 684 2414 daemonibus
700 2345 787 2434 ipsis
805 2365 898 2414 mure
923 2344 1147 2415 barbarorum
1167 2342 1305 2431 imperii

49 2429 155 2522 jugum
183 2432 443 2504 recusantibus:
476 2433 521 2501 ita
544 2446 576 2502 et
600 2434 635 2502 in
669 2433 786 2514 terris,
813 2433 876 2504 etsi
902 2433 1028 2504 multae
1061 2447 1142 2504 sunt
1173 2444 1303 2523 gentes,

49 2541 122 2605 quae
136 2522 264 2612 subjici
283 2521 468 2602 noluerint,
495 2543 605 2592 unum
630 2534 742 2591 tamen
765 2527 997 2592 Romanorum
1028 2522 1216 2612 Imperium
1245 2543 1305 2610 po-

51 2622 187 2682 testatem
207 2623 311 2692 tenet,
329 2612 412 2698 quia
427 2631 597 2700 supernae
621 2610 795 2700 potestatis
818 2631 882 2701 ope
906 2611 1100 2700 adjuvatur.

86 2701 165 2784 δῦ.
192 2699 305 2788 Hujus
330 2699 435 2800 igitur
464 2697 689 2769 ordinationis
719 2721 823 2768 causa
847 2699 1003 2770 coelestis
1029 2699 1085 2768 ilic
1109 2704 1198 2778 Rex,
1225 2719 1305 2768 cuni

47 2785 148 2857 adbuc
171 2788 207 2858 in
229 2788 467 2858 sanctissimae
493 2788 642 2877 Virginis
666 2801 762 2857 uteru
789 2799 976 2878 conceptus
1000 2799 1209 2878 gestaretur,
1231 2787 1306 2944 Fri-

47 2895 127 2944 mam
165 2876 429 2967 descriptionem
465 2865 558 2946 orbis
592 2887 758 2946 terrarum
784 2877 850 2946 sub
874 2881 1025 2967 augusto
1060 2881 1200 2946 Caesare
1242 2875 1306 2945 ieri

42 2963 148 3050 jussit,
175 2978 278 3054 atque
302 2966 367 3035 sub
384 2963 442 3035 ilia
462 2965 600 3056 Imperii
618 2964 763 3034 Romani
783 2964 1024 3055 descriptione,
1052 2965 1203 3056 seipsum
1222 2985 1306 3050 quo-

47 3072 104 3137 que
126 3055 296 3124 contineri
320 3053 450 3135 votuit,
477 3068 514 3122 ut
544 3053 651 3142 legem
685 3052 778 3122 iliam
803 3053 920 3123 divina
956 3054 1169 3144 providentia
1201 3052 1305 3122 iatam

46 3143 267 3212 confirmaret.
293 3147 387 3212 Tunc
405 3143 497 3211 enim
523 3141 625 3233 Regis
650 3141 701 3212 lex
728 3142 898 3224 firmatur,
920 3163 1000 3212 cum
1027 3148 1118 3224 Rex,
1146 3143 1205 3229 qui
1230 3163 1306 3210 eain

48 3230 126 3312 tulit,
154 3232 290 3321 primus
317 3231 505 3318 exequitur.
537 3235 619 3300 Nam
649 3231 708 3318 qui
734 3231 842 3332 legem
868 3231 946 3312 fert,
972 3243 1004 3301 et
1028 3253 1095 3300 nou
1124 3232 1303 3310 observat,

45 3338 170 3389 eversor
195 3319 308 3410 potius
331 3331 391 3400 est,
418 3341 520 3406 quam
539 3317 725 3408 legislator.
748 3325 828 3412 Ejus
852 3319 969 3411 igitur,
995 3341 1097 3406 quam
1124 3340 1230 3408 supra
1254 3317 1306 3386 di-

46 3407 163 3486 ximus,
190 3408 416 3479 ordinationis
440 3407 561 3497 gratia
580 3409 646 3478 sub
666 3412 816 3497 Augusto
833 3413 972 3479 Caesare
1016 3409 1103 3478 rima
1120 3407 1306 3496 descriptio

46 3493 123 3566 sacta
147 3511 209 3579 est,
234 3507 274 3568 ut
289 3497 451 3568 iudaicae
475 3497 587 3587 gentis
602 3496 786 3587 depravata
810 3431 1022 3567 consuendi
1047 3497 1303 3588 reprimeretur,

47 3603 148 3671 neque
173 3586 290 3656 liceret
313 3585 436 3655 deinde
456 3583 649 3655 inordinate
669 3585 862 3657 viventibus
876 3585 1017 3656 iudaeis
1042 3609 1104 3656 sua
1121 3585 1306 3674 depravata

46 3669 110 3762 iege
135 3675 334 3746 innocentes
358 3674 515 3746 homines
539 3675 751 3754 interficere,
778 3673 836 3743 sed
863 3675 1074 3746 necessitatis
1100 3674 1187 3775 jugo
1212 3695 1306 3742 com-

47 3765 158 3846 pressi,
187 3764 311 3834 alienis
335 3763 468 3855 legibus
507 3763 683 3833 servirent.
710 3764 905 3834 Necessaria
930 3763 1035 3854 igitur
1059 3761 1124 3833 fuit
1150 3764 1216 3832 sub
1240 3766 1306 3831 du-

47 3864 137 3935 gusto
161 3851 358 3941 descriptio.
389 3852 452 3922 itia
474 3851 685 3922 iudaeorum
711 3864 845 3942 gentem
872 3850 1062 3941 depressit,
1089 3864 1121 3922 et
1145 3850 1307 3921 Christia-

48 3957 161 4010 norum
187 3941 289 4010 fidem
314 3940 549 4030 amplificavit,
569 3963 647 4012 cum
672 3941 819 4010 Judaica
844 3941 947 4021 natio,
978 3946 1211 4011 Romanorum
1240 3940 1306 4007 im-

49 4029 232 4130 perantium
250 4031 382 4112 timore,
399 4051 466 4099 non
480 4029 633 4120 amplius
649 4029 774 4100 audeat
787 4029 998 4119 superiorem
1017 4029 1186 4101 insaniam
1202 4039 1306 4118 atque

52 4129 288 4188 immanitatem
313 4139 479 4188 exercere.

86 4205 160 4289 to.
174 4206 402 4289 Quamobrem
418 4206 767 4298 postdescriptionem
780 4206 888 4286 iliam,
899 4229 979 4278 cum
991 4209 1172 4278 Dominum
1185 4213 1305 4278 desum

54 4293 400 4382 comprehendissent,
431 4307 463 4365 et
488 4295 587 4366 morti
619 4294 752 4365 tradere
776 4293 993 4378 festinarent,
1029 4317 1096 4364 non
1125 4297 1201 4366 ausi
1225 4310 1307 4368 sunt

58 4395 105 4460 pro
127 4405 188 4454 sua
205 4382 348 4454 libidine
364 4407 403 4455 ac
421 4386 620 4466 temeritate,
639 4383 929 4473 quemadmodum
955 4387 988 4454 in
1016 4382 1101 4454 alios
1121 4385 1307 4474 Prophetas
