2994 4832
60 281 160 346 ortt
378 297 416 343 nc
440 298 468 344 s.
495 293 621 345 eunoun
644 295 792 345 uronice.
820 295 931 345 cocou.
1190 281 1246 344 tot
1278 317 1281 324 ·

59 383 202 474 cupidinis
218 385 359 463 sociam,
379 383 544 452 irascente
562 384 716 462 llonuino,
737 404 800 452 nec
816 381 949 452 diutius
965 381 1176 452 calamitates
1196 384 1297 453 inno-

58 473 177 542 centium
202 473 401 550 sustinente,
420 473 454 540 in
474 473 658 540 amentiam
682 493 801 542 versus
817 483 879 551 est,
897 491 937 539 ac
956 492 1032 540 mox
1047 470 1297 561 dependentem

56 563 195 651 arripiens
217 560 422 650 bipennem.
449 558 593 630 dilectae
618 560 778 650 conjugis
812 558 1007 630 Adelheidis
1039 573 1144 649 caput
1172 560 1297 630 feriens

53 651 223 736 amputarit,
241 671 413 738 cursuque
429 647 517 719 iores
533 670 705 738 egressus,
729 649 855 738 plausu
871 670 1037 718 mannum
1059 661 1091 718 et
1110 649 1292 726 cachinno,

51 739 113 828 quid
135 740 266 828 egisset,
299 737 515 818 insanientis,
537 749 577 808 ut
607 752 690 818 erat,
722 759 815 807 more
847 739 1016 828 exposuit.
1047 737 1229 808 Exhorruit
1253 737 1297 807 ad

51 844 101 896 tam
124 830 210 896 triste
235 826 409 916 piaculum
436 828 550 896 omruis
570 841 675 906 aetas,
694 829 878 926 omnisque
901 825 1064 906 conditio,
1083 827 1297 927 cessavitque

49 934 100 984 taur
123 938 259 1005 operosa
286 915 427 985 bellicae
444 917 680 986 conventionis
704 928 895 1005 apparatio,
921 915 1070 1006 siugulis
1091 915 1131 984 ad
1160 937 1298 1005 propria

47 1007 271 1075 recedentibus.
294 1009 371 1094 lpse
387 1025 465 1073 vero
490 1005 652 1095 princeps
668 1017 701 1073 et
723 1016 844 1074 auctor
870 1003 1046 1075 seditionis
1069 1005 1297 1102 captusqviu-

45 1095 180 1183 culisque
203 1095 313 1164 asuis
339 1093 496 1182 injectus,
530 1093 687 1181 quandiu
714 1094 912 1183 supervixit,
947 1093 1098 1163 luciosus
1122 1107 1154 1161 et
1186 1097 1297 1182 impos

46 1185 89 1252 sui
106 1185 232 1261 mansit,
260 1183 478 1272 propriisque
500 1182 756 1252 calamitatibus
780 1192 974 1263 contentus
1003 1183 1037 1250 in
1063 1182 1210 1250 alienam
1225 1181 1296 1250 cla-

47 1271 109 1340 dem
131 1271 276 1361 amplius
289 1271 471 1362 grassandi
487 1293 549 1340 nec
567 1272 714 1360 copiam,
736 1293 797 1340 nec
816 1270 1023 1340 voluntatem
1041 1271 1173 1341 hebuit.
1203 1276 1296 1340 Tunc

50 1362 111 1448 pius
133 1361 299 1440 sacerdos,
325 1360 466 1429 unicum
489 1360 644 1430 coelestis
661 1361 849 1449 magisterii
865 1361 937 1430 suis
954 1361 1166 1448 temporibus
1183 1381 1298 1428 exem-

49 1449 119 1537 plar,
143 1471 238 1537 opere
262 1449 441 1538 complens
459 1448 544 1518 illud
563 1450 777 1518 Dominicum
795 1471 801 1516 :
822 1453 923 1518 Orate
943 1472 1003 1539 pro
1024 1450 1298 1540 persequentibus·

47 1563 103 1616 ror,
126 1550 152 1606 et
171 1540 346 1626 benefacite
371 1538 423 1606 luis
447 1541 507 1628 qni
522 1539 661 1607 oderunt
691 1537 894 1627 vos(.tluttlr.
914 1537 963 1626 v);
990 1537 1168 1608 mulierem
1197 1537 1297 1608 mise-

52 1626 183 1695 rabiliter
204 1627 466 1716 interemptam,
498 1627 649 1696 olliciose
672 1649 711 1695 ac
737 1627 841 1696 nimis
874 1626 1034 1695 flebiliter
1065 1639 1172 1696 terrae
1207 1646 1299 1694 coru·

54 1714 211 1794 mendacit,
230 1715 339 1785 hlium
365 1716 442 1802 ejus
461 1715 494 1783 in
519 1738 581 1784 sua
598 1716 805 1806 suscipiens,
826 1715 950 1784 allecta
968 1716 1218 1806 benignissimo
1233 1737 1298 1782 nu-

53 1805 139 1881 triuit,
163 1804 342 1891 multisque
367 1803 544 1873 benediciis
569 1803 870 1904 indulgentissime
903 1807 1142 1874 remuneravit.
1171 1803 1299 1873 Exinde

54 1892 170 1961 toluuia
192 1915 270 1982 pace
298 1891 438 1982 repleta,
460 1895 605 1982 pastoris
629 1915 684 1962 sur
704 1893 966 1980 jucundabatur
991 1894 1025 1961 in
1043 1895 1219 1983 operibus;
1236 1893 1298 1979 qui

60 2001 116 2047 nou
129 1981 222 2050 solum
240 1983 386 2050 diversis
400 1981 654 2052 misericordiae
679 1982 816 2050 deditus
832 1994 904 2051 erat
923 1980 1057 2062 officiis,
1077 1982 1173 2050 alens
1197 2003 1299 2072 egeu-

62 2081 115 2141 tes,
136 2072 260 2140 vestiens
278 2070 401 2150 nudos,
422 2071 480 2140 sed
498 2083 530 2140 et
552 2070 803 2140 ecclesiasticae
822 2071 997 2161 religionis
1017 2069 1123 2140 decus
1147 2071 1298 2159 amplifi-

40 2167 43 2175 '
63 2159 146 2234 cauit,
167 2160 359 2230 monasteria
377 2172 592 2239 construens,
612 2160 779 2228 ministris
801 2161 857 2229 [lei
883 2159 1074 2230 necessaria
1094 2179 1295 2250 procurans,

63 2259 90 2311 et
112 2267 220 2344 semper
237 2250 269 2318 in
294 2249 534 2338 perquirendis
558 2261 590 2317 et
606 2248 817 2318 honorandis
835 2260 1032 2318 sanctorum
1054 2249 1233 2318 cineribus
1248 2248 1299 2315 in-

61 2333 199 2423 latigabrli
220 2349 377 2428 satagens
396 2336 565 2406 studio...

97 2425 112 2507 ξ
134 2427 197 2494 28.
216 2426 294 2496 Plus
311 2426 403 2496 euim
433 2426 607 2505 Dominus,
626 2424 698 2512 qui,
718 2446 803 2512 quos
828 2437 931 2508 amat,
960 2427 1074 2517 arguit
1093 2437 1125 2493 et
1142 2425 1296 2514 castigat,

53 2509 130 2578 banc
149 2534 273 2600 quoqne
305 2514 465 2584 dilectam
491 2515 557 2583 sibi
582 2513 733 2582 animam
769 2525 847 2584 aute
878 2514 968 2583 diem
1003 2514 1189 2584 voc'adonis
1220 2513 1298 2602 ejus

49 2599 149 2702 multis
172 2603 290 2672 tentari
319 2603 475 2691 permisit
500 2603 752 2673 incommodis:
791 2616 828 2672 ut
863 2604 994 2673 scilicet
1028 2604 1071 2672 ab
1095 2625 1135 2672 ea
1159 2624 1295 2673 omnem

44 2711 172 2786 scoriam
198 2703 350 2760 terrenae
373 2693 642 2772 conversationis
670 2703 872 2778 excoqueret
896 2692 1055 2762 caminus
1081 2691 1299 2762 transitoriae

43 2779 267 2850 tribulationis.
300 2781 473 2862 Primum,
502 2793 592 2850 moto
617 2782 783 2850 saxonico
807 2780 910 2863 bello,
938 2779 1074 2850 fratrem
1100 2781 1177 2869 ejus
1206 2785 1298 2851 Wes-

41 2865 138 2935 selum
165 2869 492 2960 llagdaburgeusero
525 2870 854 2958 drchiepiscopum,
883 2883 915 2942 et
939 2871 1186 2942 consobrinum
1219 2871 1296 2961 ejus

41 2959 213 3053 bucconem
242 2957 562 3028 Halberstadensem
589 2958 810 3048 Episcopum,
841 2971 1024 3048 tempestas
1055 2960 1194 3030 involvit
1219 2981 1299 3061 gra-

41 3045 183 3116 assiriae
209 3047 468 3136 persecutionis.
500 3052 622 3116 Contra
649 3048 710 3116 hos
743 3069 822 3116 eum
849 3049 955 3136 Regi,
983 3049 1086 3119 totius
1112 3053 1298 3118 Saxorrrcae

37 3135 137 3219 gentis
165 3137 406 3206 exterminium
438 3135 625 3216 anhelanti,
652 3157 672 3204 0
699 3157 750 3204 em
792 3157 857 3205 nou
896 3138 979 3206 satis
1009 3137 1157 3226 impigre
1182 3135 1295 3214 ferret,

39 3236 167 3294 naturae
185 3224 334 3314 prolecto
360 3223 494 3313 legibus
513 3239 546 3294 et
565 3157 696 3294 carnall
721 3225 899 3294 allectione
916 3226 1097 3304 inhibitus,
1118 3224 1250 3293 invisus
1267 3225 1299 3291 ei

37 3327 274 3401 suspectusque
298 3313 458 3393 efficitur,
482 3313 623 3401 perjurii
650 3335 689 3383 ac
717 3313 880 3403 perfidiae
906 3313 1141 3383 insimulatur.
1336 3395 1340 3404 1

74 3403 90 3486 ξ
115 3405 188 3472 24.
212 3402 299 3472 Hinc
316 3402 406 3470 inter
425 3423 503 3472 eum
525 3414 556 3470 et
574 3408 620 3472 Re
645 3424 699 3471 em
718 3403 871 3488 quotidie
887 3401 1071 3474 discordiis
1088 3403 1297 3471 incremento

38 3489 288 3578 accipientibus,
315 3490 406 3560 cives
426 3511 563 3578 quoque
579 3425 809 3572 colonienses,
825 3491 953 3578 quibus
967 3491 1082 3582 ¹paulo
1101 3501 1180 3560 ante
1197 3489 1299 3558 unice

37 3597 128 3672 rarus
141 3593 372 3670 acceptusque
389 3578 508 3660 lucrat,
524 3577 566 3648 ad
586 3579 862 3650 interficiendum
881 3602 974 3661 eruut,
993 3581 1077 3669 proh
1098 3577 1207 3660 dolor,
1231 3576 1298 3648 sol-

39 3663 219 3738 licitantur:
245 3670 375 3756 quibus
399 3667 441 3738 ad
469 3669 674 3757 patrandum
700 3669 790 3756 quod
825 3669 953 3738 nelarie
987 3668 1294 3746 machinabantur,

37 3772 127 3824 casus
143 3757 299 3828 idoneam
318 3756 433 3826 attulit
447 3759 675 3828 occasionem.
694 3758 980 3848 hrchiepiscopus
999 3756 1127 3826 Pascha
1141 3756 1300 3826 Coloniae

38 3840 218 3926 celebrarit,
248 3859 391 3933 cratque
419 3869 498 3915 cum
521 3867 560 3916 eo
585 3845 774 3936 Episcopus
799 3845 1181 3936 tlimigardevordensis
1203 3845 1232 3926 ⁴²,
1255 3843 1298 3914 ad

40 3935 315 4005 communicanda
350 3947 464 4004 tantae
492 3934 718 4004 solemnitatis
748 3935 887 4026 gaudia,
913 3933 1096 4004 familiaris
1126 3934 1299 4003 amicitiae

41 4019 166 4090 obtentu
200 4037 373 4094 evocatus.
401 4027 555 4109 Cumque
584 4024 709 4092 exactis
744 4045 782 4093 ex
808 4036 902 4114 parte
934 4021 1029 4092 seriis
1058 4021 1296 4101 Paschalibus,

43 4105 207 4182 abscedere
231 4123 379 4213 pararet,
408 4111 434 4179 ii
456 4113 516 4196 qui
545 4111 799 4202 trebiepiscopi
826 4111 1013 4181 domestica
1039 4113 1173 4202 negotia
1198 4131 1300 4180 cura-

46 4192 134 4274 bant,
163 4200 329 4287 jubentur
362 4199 406 4269 ad
442 4199 646 4270 evectionem
672 4199 749 4288 ejus
775 4201 888 4268 navim
915 4200 1072 4270 idoneum
1108 4199 1297 4289 prouidere.

45 4283 110 4360 llui,
125 4286 274 4360 lustratis
291 4286 550 4380 perspectisque
573 4288 748 4369 onrnibns,
769 4309 873 4357 unam
901 4288 1099 4358 mercatoris
1114 4285 1299 4377 eujusdam

69 4407 78 4429 '
91 4409 153 4458 ἷᾶὲῑῑ.
162 4424 228 4464 gezzo.
241 4417 349 4457 Homer.
