3046 4838
202 1085 328 1184 tttt
368 1083 428 1182 S.
474 1071 641 1178 ELlGll
679 1074 1205 1204 ttttttttttttststltst.

84 1337 191 1384 lamro
206 1337 363 1386 nanneno
374 1315 396 1350 *
416 1329 677 1382 nornouiarnst
694 1327 951 1390 cernennentes
969 1331 1117 1388 sennim,
1135 1307 1367 1378 consciam*

166 1531 214 1585 td
233 1531 431 1588 coetestem
457 1520 611 1594 petriam
630 1521 785 1594 migravit
806 1537 895 1580 anno
916 1525 978 1579 659
992 1554 1030 1564 -
1049 1525 1127 1582 Nat.
1144 1523 1277 1581 Gallus.

588 1748 707 1814 LIBER
732 1749 887 1814 PRIMUS

152 1907 213 1991 bl.
225 1908 328 1996 Igitur
343 1905 483 1996 Eligius
500 1905 676 1974 Lemovice
692 1904 743 1940 *⁴*
760 1905 948 1976 Galliarum
964 1903 1059 1985 urbe,
1078 1923 1165 1991 quae
1180 1904 1223 1975 ab
1237 1907 1369 1975 Oceano

117 1995 287 2064 Britannico
309 1995 380 2064 lere
407 1994 637 2064 ducentorum
670 1993 818 2064 millium
840 1993 949 2084 spatio
977 1994 1194 2082 sejungitur,
1229 1993 1262 2061 in
1290 1991 1368 2062 villa

116 2081 303 2152 Catalaeensi
320 2083 404 2163 ³⁸⁴,
422 2103 546 2169 quaen
565 2082 736 2172 praedicta
753 2085 837 2154 urbe
852 2105 909 2152 sex
928 2082 1063 2152 circiter
1078 2081 1234 2152 millibus
1250 2081 1290 2151 ad
1315 2087 1369 2152 Sc·

116 2171 357 2256 ptentrionalem
380 2170 518 2272 plagam
538 2173 655 2261 vergit,
678 2171 847 2242 oriundus
867 2171 943 2242 l'uit.
972 2176 1009 2241 ln
1037 2171 1101 2240 bac
1126 2193 1208 2272 ergo
1233 2171 1371 2272 regione

114 2260 297 2344 parentibus
313 2261 488 2418 inffenurs,
508 2271 610 2348 atque
632 2283 672 2330 ex
697 2262 798 2351 longa
822 2262 980 2350 prosapia
998 2260 1212 2342 Christiams,
1239 2260 1371 2350 Eligius
1483 2262 1492 2286 ⁸

113 2363 208 2416 natus
223 2362 318 2436 atque
335 2372 353 2418 a
372 2349 440 2418 itus
455 2361 518 2418 est.
537 2349 642 2436 Cujus
660 2363 754 2437 peter
770 2351 970 2428 Eucherius,
993 2363 1101 2420 mater
1121 2371 1200 2419 vcro
1220 2351 1371 2436 Terrigia

113 2438 552 2528 voetuuest.1pseautem
574 2440 682 2528 gratia
699 2439 814 2508 divina
836 2439 1063 2528 praesciente,
1088 2459 1279 2528 congruum
1306 2439 1372 2507 sibi

109 2545 153 2592 ac
168 2525 260 2596 veluti
276 2527 456 2618 speculum
475 2527 599 2597 mentis
616 2549 709 2607 suae,
728 2525 861 2618 Eligius
876 2528 962 2565 asses
979 2549 1103 2598 nomen
1125 2528 1267 2617 accepit.
1286 2531 1373 2618 Ergo

105 2633 186 2683 cum
204 2616 410 2706 propositum
429 2617 473 2686 sit
500 2614 542 2685 de
565 2615 632 2697 bis,
654 2638 742 2703 quae
758 2619 874 2707 gessit,
894 2617 1000 2686 immo
1023 2639 1111 2704 quae
1130 2617 1294 2687 Dominus
1314 2639 1373 2707 per

103 2721 186 2772 eum
208 2705 337 2794 operari
361 2704 525 2795 dignatus
548 2717 609 2785 est,
632 2706 723 2775 sicut
741 2718 835 2796 gesta
850 2717 992 2786 constat,
1014 2727 1171 2776 narrare:
1190 2719 1303 2776 tamen
1325 2705 1371 2786 id,

103 2793 207 2876 quod,
233 2795 431 2884 priusquam
459 2807 667 2874 nasceretur,
691 2793 734 2864 ad
760 2795 927 2865 indicium
953 2795 1143 2866 sanctitatis
1166 2795 1240 2883 ejus
1263 2807 1375 2865 osten-

103 2896 258 3041 sumdeslt),
279 2883 440 2971 quodque
458 2905 662 2974 magnorum
688 2883 839 2954 virorum
856 2885 1051 2955 testimonio
1073 2883 1192 2964 didici,
1219 2885 1375 2954 omittere

105 2989 175 3038 non
214 2993 304 3042 eeo.

150 3061 233 3146 Μ.
259 3065 342 3131 Cum
367 3059 482 3131 adhuc
508 3061 558 3130 vir
587 3062 706 3132 beatus
738 3063 858 3134 metris
887 3073 974 3135 esset
1003 3061 1079 3132 alvo
1110 3062 1262 3132 lnditus.
1291 3061 1375 3132 vidit

104 3148 246 3236 genitrix
268 3152 344 3240 ejus
369 3150 548 3232 visionem,
574 3171 662 3238 quae
686 3150 887 3238 hujusmodi
909 3151 1010 3222 habet
1036 3151 1206 3222 ordinem.
1234 3151 1375 3222 Videbat

105 3239 203 3323 quasi
225 3239 374 3326 aquilam
401 3239 498 3310 valde
517 3239 671 3330 pulcram
697 3263 801 3330 super
818 3263 920 3312 suum
940 3241 1135 3310 volitantem
1158 3255 1317 3318 stratum,
1336 3263 1376 3310 ac

4 3323 11 3335 '
106 3348 142 3394 se
166 3329 258 3398 tertio
284 3327 548 3410 inclamantem,
568 3330 702 3417 sibique
728 3331 842 3399 nescio
857 3329 941 3418 quid
968 3327 1197 3420 pollicentem.
1214 3327 1377 3417 'Cumque
1411 3350 1413 3359 ’

106 3435 146 3484 ex
159 3418 329 3508 reciproca
343 3438 423 3488 voce
438 3417 644 3508 evigilasset,
668 3420 843 3508 perterrita
858 3419 974 3499 nimis,
994 3421 1106 3509 coepit
1125 3419 1256 3501 mirari,
1272 3440 1376 3506 quae-

109 3520 287 3578 comesset
305 3505 501 3577 haeovisto.
529 3511 659 3578 Interea
679 3507 769 3578 venit
793 3519 930 3609 tempus
951 3508 1119 3597 pariendi,
1142 3521 1175 3578 et
1197 3529 1279 3597 prae
1305 3531 1377 3578 ma·

109 3595 282 3748 5nitudine
294 3594 423 3666 doloris
435 3595 547 3756 coegit
562 3611 669 3666 mater
689 3596 886 3685 periclitari.
903 3601 1112 3668 vocaverunt
1127 3608 1241 3667 autem
1258 3618 1378 3683 quem-

133 3704 186 3752 am
204 3685 397 3776 religiosum
420 3708 496 3775 pres
522 3698 658 3774 yterum
676 3685 757 3754 boni
776 3687 959 3756 testimonii
979 3687 1103 3766 virum,
1128 3700 1164 3758 ut
1181 3707 1242 3774 pro
1257 3686 1376 3756 eadem

112 3792 203 3842 orare
220 3773 364 3845 deberet.
392 3777 456 3858 Qut
473 3797 552 3846 oum
572 3776 721 3846 venisset
735 3774 778 3844 ad
803 3797 890 3857 eam,
917 3777 1018 3864 quasi
1042 3774 1280 3866 propheticum
1303 3797 1379 3844 mox

114 3883 277 3953 usurpans
293 3865 448 3944 verbum,
475 3865 522 3934 ait
541 3863 584 3934 ad
615 3863 709 3933 illam
727 3887 733 3930 z
754 3865 874 3944 «ttott,
899 3865 1071 3951 inquiens,
1094 3877 1211 3946 mater,
1234 3865 1377 3935 timere:

115 3954 264 4034 quoniam
278 3953 495 4024 benedictum
518 3966 652 4043 partum
669 3953 729 4024 tibi
746 3955 911 4023 Dominus
928 3954 1130 4043 dignabitur
1150 3953 1282 4043 largiri.
1309 3953 1382 4030 Erit

138 4166 180 4206 ⁸8.
188 4167 306 4210 Αιὼὲῐιιιι
316 4171 405 4220 (μυίας
417 4172 489 4218 aaut),
498 4171 536 4212 dle
547 4172 573 4212 at
583 4171 679 4218 augusta
693 4167 786 4212 colltur.
797 4170 909 4220 muudum
917 4171 970 4210 Vite
977 4172 1001 4210 tn
1012 4171 1061 4210 Vol.
1070 4169 1132 4214 vm.
1140 4179 1162 4218 p.
1170 4171 1209 4208 684
1217 4172 1260 4208 etc.
1269 4167 1373 4208 habetur

139 4221 163 4246 ⁶·
177 4221 234 4262 tinec
248 4221 358 4265 Historia.
372 4235 440 4273 qnam
460 4227 482 4266 Β.
493 4223 621 4264 Αιιιίοὲιιιιε
633 4221 712 4270 edidit,
724 4225 793 4266 valde
806 4233 842 4266 aar
853 4226 952 4274 prolixa.
963 4225 1059 4266 Praeter
1069 4224 1201 4272 Protogeni.
1211 4231 1281 4270 quem
1296 4221 1365 4262 surlu

115 4273 157 4318 lm
165 4277 277 4322 uulnerat.
285 4279 397 4326 nonam
406 4280 454 4319 alls
463 4279 553 4327 paulin
562 4287 607 4316 noe
617 4285 711 4326 qnoque
722 4289 750 4318 ex
760 4287 787 4318 ea
797 4279 967 4318 resecabimus.

139 4327 174 4356 '⁸‘
187 4327 272 4372 muto·
292 4331 394 4382 lima,
410 4333 466 4372 urbs
482 4331 633 4381 perantiqua.
650 4331 799 4372 summorum
817 4333 956 4372 Ponttttcum
974 4329 1102 4370 cremanus
1124 4329 1153 4368 VI
1171 4327 1277 4378 <tatu-⁵2)
1288 4330 1312 4364 et
1324 4325 1385 4366 Gre-

19 4372 32 4426 l
119 4381 409 4436 roruxrtnrnretpnms.

142 4433 188 4460 '⁸⁴⁸
201 4436 273 4488 Vulgo
282 4437 386 4478 Gadium.
672 4471 688 4492 ,
716 4473 728 4480 ..
769 4437 838 4466 *m*
853 4437 928 4487 Vulgo
939 4434 996 4476 Εἰσί.

786 4490 893 4574 ἿΖῢ
