<?xml version="1.0" encoding="UTF-8"?>
<!DOCTYPE html PUBLIC "-//W3C//DTD XHTML 1.0 Transitional//EN"
    "http://www.w3.org/TR/xhtml1/DTD/xhtml1-transitional.dtd">
<html xmlns="http://www.w3.org/1999/xhtml" xml:lang="en" lang="en">
 <head>
  <title>
</title>
<meta http-equiv="Content-Type" content="text/html;charset=utf-8" />
  <meta name='ocr-system' content='tesseract 3.04.00' />
  <meta name='ocr-capabilities' content='ocr_page ocr_carea ocr_par ocr_line ocrx_word'/>
</head>
<body>
  <div class='ocr_page' id='page_1' title='image "./historiaeseuvit00lippgoog_0345.png"; bbox 0 0 2960 4824; ppageno 0'>
   <div class='ocr_carea' id='block_1_1' title="bbox 264 257 1463 356">
    <p class='ocr_par' dir='ltr' id='par_1_1' title="bbox 264 257 1463 356">
     <span class='ocr_line' id='line_1_1' title="bbox 264 257 1463 356; baseline -0.008 -12"><span class='ocrx_word' id='word_1_1' title='bbox 264 280 327 344; x_wconf 85' lang='lat' dir='ltr'><strong>3l0</strong></span> <span class='ocrx_word' id='word_1_2' title='bbox 512 299 551 343; x_wconf 77' lang='lat' dir='ltr'><strong>ns</strong></span> <span class='ocrx_word' id='word_1_3' title='bbox 576 295 622 344; x_wconf 91' lang='lat' dir='ltr'><strong>ss.</strong></span> <span class='ocrx_word' id='word_1_4' title='bbox 648 297 833 356; x_wconf 77' lang='lat' dir='ltr'><strong>ausranrro,</strong></span> <span class='ocrx_word' id='word_1_5' title='bbox 861 297 1019 344; x_wconf 72' lang='lat' dir='ltr'><strong>turrano</strong></span> <span class='ocrx_word' id='word_1_6' title='bbox 1043 296 1110 344; x_wconf 83' lang='lat' dir='ltr'><strong>um.</strong></span> <span class='ocrx_word' id='word_1_7' title='bbox 1137 297 1193 344; x_wconf 84' lang='lat' dir='ltr'><strong>uu.</strong></span> <span class='ocrx_word' id='word_1_8' title='bbox 1324 275 1393 340; x_wconf 80' lang='lat' dir='ltr'><strong>ntt.</strong></span> <span class='ocrx_word' id='word_1_9' title='bbox 1416 275 1442 335; x_wconf 84' lang='lat' dir='ltr'><strong>tt</strong></span> <span class='ocrx_word' id='word_1_10' title='bbox 1462 257 1463 320; x_wconf 72' lang='lat' dir='ltr'><strong>l</strong></span> 
     </span>
    </p>
   </div>
   <div class='ocr_carea' id='block_1_2' title="bbox 198 375 1461 4370">
    <p class='ocr_par' dir='ltr' id='par_1_2' title="bbox 216 375 1449 1447">
     <span class='ocr_line' id='line_1_2' title="bbox 219 375 1443 483; baseline -0.006 -33"><span class='ocrx_word' id='word_1_11' title='bbox 219 383 252 450; x_wconf 91' lang='lat' dir='ltr'><strong>in</strong></span> <span class='ocrx_word' id='word_1_12' title='bbox 281 403 333 450; x_wconf 88' lang='lat' dir='ltr'><strong>me</strong></span> <span class='ocrx_word' id='word_1_13' title='bbox 355 389 478 471; x_wconf 85' lang='lat' dir='ltr'><strong>magno</strong></span> <span class='ocrx_word' id='word_1_14' title='bbox 507 383 638 471; x_wconf 91' lang='lat' dir='ltr'><strong>impetu</strong></span> <span class='ocrx_word' id='word_1_15' title='bbox 666 382 914 483; x_wconf 76' lang='lat' dir='ltr'>insurgebant,</span> <span class='ocrx_word' id='word_1_16' title='bbox 941 383 1050 451; x_wconf 90' lang='lat' dir='ltr'><strong>animi</strong></span> <span class='ocrx_word' id='word_1_17' title='bbox 1103 380 1350 458; x_wconf 87' lang='lat' dir='ltr'><strong>erturbationes,</strong></span> <span class='ocrx_word' id='word_1_18' title='bbox 1372 375 1443 446; x_wconf 89' lang='lat' dir='ltr'><strong>nullo</strong></span> 
     </span>
     <span class='ocr_line' id='line_1_3' title="bbox 218 403 1442 561; baseline -0.007 -21"><span class='ocrx_word' id='word_1_19' title='bbox 218 470 370 540; x_wconf 81' lang='lat' dir='ltr'>tumultu</span> <span class='ocrx_word' id='word_1_20' title='bbox 394 470 667 560; x_wconf 88' lang='lat' dir='ltr'><strong>oppugnandum</strong></span> <span class='ocrx_word' id='word_1_21' title='bbox 690 471 776 540; x_wconf 91' lang='lat' dir='ltr'><strong>milu</strong></span> <span class='ocrx_word' id='word_1_22' title='bbox 792 471 937 561; x_wconf 91' lang='lat' dir='ltr'><strong>largitus</strong></span> <span class='ocrx_word' id='word_1_23' title='bbox 957 403 1164 560; x_wconf 88' lang='lat' dir='ltr'><strong>praesidium</strong></span> <span class='ocrx_word' id='word_1_24' title='bbox 1187 469 1306 538; x_wconf 91' lang='lat' dir='ltr'><strong>interni</strong></span> <span class='ocrx_word' id='word_1_25' title='bbox 1324 465 1442 556; x_wconf 89' lang='lat' dir='ltr'><strong>spiritus,</strong></span> 
     </span>
     <span class='ocr_line' id='line_1_4' title="bbox 218 556 1444 649; baseline -0.007 -20"><span class='ocrx_word' id='word_1_26' title='bbox 218 559 279 648; x_wconf 91' lang='lat' dir='ltr'><strong>qui</strong></span> <span class='ocrx_word' id='word_1_27' title='bbox 304 558 390 628; x_wconf 86' lang='lat' dir='ltr'><strong>mibi</strong></span> <span class='ocrx_word' id='word_1_28' title='bbox 415 559 517 628; x_wconf 90' lang='lat' dir='ltr'><strong>vitam</strong></span> <span class='ocrx_word' id='word_1_29' title='bbox 544 559 630 649; x_wconf 89' lang='lat' dir='ltr'><strong>regit</strong></span> <span class='ocrx_word' id='word_1_30' title='bbox 654 559 688 627; x_wconf 94' lang='lat' dir='ltr'><strong>in</strong></span> <span class='ocrx_word' id='word_1_31' title='bbox 708 559 984 630; x_wconf 88' lang='lat' dir='ltr'><strong>immortalitate:</strong></span> <span class='ocrx_word' id='word_1_32' title='bbox 1011 560 1044 627; x_wconf 93' lang='lat' dir='ltr'><strong>in</strong></span> <span class='ocrx_word' id='word_1_33' title='bbox 1070 580 1138 646; x_wconf 87' lang='lat' dir='ltr'><strong>quo</strong></span> <span class='ocrx_word' id='word_1_34' title='bbox 1162 573 1243 628; x_wconf 90' lang='lat' dir='ltr'><strong>sunt</strong></span> <span class='ocrx_word' id='word_1_35' title='bbox 1261 556 1336 626; x_wconf 89' lang='lat' dir='ltr'><strong>mibi</strong></span> <span class='ocrx_word' id='word_1_36' title='bbox 1357 575 1444 622; x_wconf 91' lang='lat' dir='ltr'><strong>recon-</strong></span> 
     </span>
     <span class='ocr_line' id='line_1_5' title="bbox 221 643 1444 738; baseline -0.007 -22"><span class='ocrx_word' id='word_1_37' title='bbox 221 649 311 717; x_wconf 90' lang='lat' dir='ltr'><strong>ditae</strong></span> <span class='ocrx_word' id='word_1_38' title='bbox 342 647 479 716; x_wconf 85' lang='lat' dir='ltr'><strong>divitiae</strong></span> <span class='ocrx_word' id='word_1_39' title='bbox 503 649 797 738; x_wconf 77' lang='lat' dir='ltr'><strong>incorruptioniS,</strong></span> <span class='ocrx_word' id='word_1_40' title='bbox 824 661 857 717; x_wconf 90' lang='lat' dir='ltr'><strong>et</strong></span> <span class='ocrx_word' id='word_1_41' title='bbox 881 647 1060 718; x_wconf 71' lang='lat' dir='ltr'>ostendisti</span> <span class='ocrx_word' id='word_1_42' title='bbox 1087 649 1176 716; x_wconf 84' lang='lat' dir='ltr'><strong>viam</strong></span> <span class='ocrx_word' id='word_1_43' title='bbox 1208 643 1444 736; x_wconf 87' lang='lat' dir='ltr'><strong>compendiosam</strong></span> 
     </span>
     <span class='ocr_line' id='line_1_6' title="bbox 220 735 1446 828; baseline -0.007 -23"><span class='ocrx_word' id='word_1_44' title='bbox 220 750 253 806; x_wconf 91' lang='lat' dir='ltr'><strong>et</strong></span> <span class='ocrx_word' id='word_1_45' title='bbox 269 737 312 806; x_wconf 87' lang='lat' dir='ltr'><strong>ab</strong></span> <span class='ocrx_word' id='word_1_46' title='bbox 336 737 518 806; x_wconf 85' lang='lat' dir='ltr'><strong>afflictione</strong></span> <span class='ocrx_word' id='word_1_47' title='bbox 536 752 712 819; x_wconf 83' lang='lat' dir='ltr'><strong>remotam,</strong></span> <span class='ocrx_word' id='word_1_48' title='bbox 737 759 923 827; x_wconf 88' lang='lat' dir='ltr'><strong>perquam</strong></span> <span class='ocrx_word' id='word_1_49' title='bbox 950 751 1066 828; x_wconf 89' lang='lat' dir='ltr'><strong>potero</strong></span> <span class='ocrx_word' id='word_1_50' title='bbox 1090 737 1123 804; x_wconf 94' lang='lat' dir='ltr'><strong>in</strong></span> <span class='ocrx_word' id='word_1_51' title='bbox 1151 735 1245 804; x_wconf 81' lang='lat' dir='ltr'><strong>fictili</strong></span> <span class='ocrx_word' id='word_1_52' title='bbox 1267 735 1323 803; x_wconf 90' lang='lat' dir='ltr'><strong>hoc</strong></span> <span class='ocrx_word' id='word_1_53' title='bbox 1337 749 1446 819; x_wconf 88' lang='lat' dir='ltr'><strong>corpore</strong></span> 
     </span>
     <span class='ocr_line' id='line_1_7' title="bbox 219 822 1444 916; baseline -0.011 -22"><span class='ocrx_word' id='word_1_54' title='bbox 219 826 373 915; x_wconf 89' lang='lat' dir='ltr'><strong>degens,</strong></span> <span class='ocrx_word' id='word_1_55' title='bbox 400 826 501 894; x_wconf 90' lang='lat' dir='ltr'><strong>vitam</strong></span> <span class='ocrx_word' id='word_1_56' title='bbox 528 825 687 915; x_wconf 75' lang='lat' dir='ltr'>amplecti</span> <span class='ocrx_word' id='word_1_57' title='bbox 712 825 931 916; x_wconf 89' lang='lat' dir='ltr'><strong>angelicam,</strong></span> <span class='ocrx_word' id='word_1_58' title='bbox 957 840 989 894; x_wconf 92' lang='lat' dir='ltr'><strong>et</strong></span> <span class='ocrx_word' id='word_1_59' title='bbox 1012 825 1147 894; x_wconf 88' lang='lat' dir='ltr'><strong>coelesti</strong></span> <span class='ocrx_word' id='word_1_60' title='bbox 1178 824 1247 894; x_wconf 86' lang='lat' dir='ltr'><strong>lrui</strong></span> <span class='ocrx_word' id='word_1_61' title='bbox 1275 822 1444 892; x_wconf 72' lang='lat' dir='ltr'><strong>aeternitate.</strong></span> 
     </span>
     <span class='ocr_line' id='line_1_8' title="bbox 218 908 1447 1004; baseline -0.009 -22"><span class='ocrx_word' id='word_1_62' title='bbox 218 919 316 982; x_wconf 88' lang='lat' dir='ltr'><strong>Nunc</strong></span> <span class='ocrx_word' id='word_1_63' title='bbox 340 915 411 983; x_wconf 88' lang='lat' dir='ltr'><strong>scio</strong></span> <span class='ocrx_word' id='word_1_64' title='bbox 433 935 485 980; x_wconf 92' lang='lat' dir='ltr'><strong>me</strong></span> <span class='ocrx_word' id='word_1_65' title='bbox 501 936 575 983; x_wconf 89' lang='lat' dir='ltr'><strong>esse</strong></span> <span class='ocrx_word' id='word_1_66' title='bbox 593 913 759 1004; x_wconf 92' lang='lat' dir='ltr'><strong>templum</strong></span> <span class='ocrx_word' id='word_1_67' title='bbox 777 915 844 996; x_wconf 88' lang='lat' dir='ltr'><strong>Dei,</strong></span> <span class='ocrx_word' id='word_1_68' title='bbox 863 926 895 983; x_wconf 93' lang='lat' dir='ltr'><strong>et</strong></span> <span class='ocrx_word' id='word_1_69' title='bbox 915 925 1074 983; x_wconf 88' lang='lat' dir='ltr'><strong>sanctum</strong></span> <span class='ocrx_word' id='word_1_70' title='bbox 1097 915 1172 1002; x_wconf 76' lang='lat' dir='ltr'><strong>eJus</strong></span> <span class='ocrx_word' id='word_1_71' title='bbox 1196 914 1230 981; x_wconf 95' lang='lat' dir='ltr'><strong>in</strong></span> <span class='ocrx_word' id='word_1_72' title='bbox 1257 933 1307 996; x_wconf 92' lang='lat' dir='ltr'><strong>me</strong></span> <span class='ocrx_word' id='word_1_73' title='bbox 1329 908 1447 978; x_wconf 83' lang='lat' dir='ltr'><strong>habitare</strong></span> 
     </span>
     <span class='ocr_line' id='line_1_9' title="bbox 219 995 1446 1093; baseline -0.008 -23"><span class='ocrx_word' id='word_1_74' title='bbox 219 1003 392 1092; x_wconf 92' lang='lat' dir='ltr'><strong>spiritum.</strong></span> <span class='ocrx_word' id='word_1_75' title='bbox 416 1003 550 1071; x_wconf 89' lang='lat' dir='ltr'><strong>Festina</strong></span> <span class='ocrx_word' id='word_1_76' title='bbox 573 1025 653 1093; x_wconf 88' lang='lat' dir='ltr'><strong>ergo</strong></span> <span class='ocrx_word' id='word_1_77' title='bbox 668 1014 700 1072; x_wconf 89' lang='lat' dir='ltr'><strong>et</strong></span> <span class='ocrx_word' id='word_1_78' title='bbox 715 1003 861 1084; x_wconf 86' lang='lat' dir='ltr'><strong>decerta,</strong></span> <span class='ocrx_word' id='word_1_79' title='bbox 890 1002 1046 1071; x_wconf 79' lang='lat' dir='ltr'><strong>minister</strong></span> <span class='ocrx_word' id='word_1_80' title='bbox 1069 1001 1268 1082; x_wconf 87' lang='lat' dir='ltr'><strong>adversarii,</strong></span> <span class='ocrx_word' id='word_1_81' title='bbox 1285 1013 1316 1069; x_wconf 89' lang='lat' dir='ltr'><strong>et</strong></span> <span class='ocrx_word' id='word_1_82' title='bbox 1329 996 1405 1086; x_wconf 91' lang='lat' dir='ltr'><strong>quod</strong></span> <span class='ocrx_word' id='word_1_83' title='bbox 1425 995 1446 1061; x_wconf 92' lang='lat' dir='ltr'><strong>in</strong></span> 
     </span>
     <span class='ocr_line' id='line_1_10' title="bbox 220 1083 1447 1181; baseline -0.011 -21"><span class='ocrx_word' id='word_1_84' title='bbox 220 1103 251 1160; x_wconf 89' lang='lat' dir='ltr'><strong>te</strong></span> <span class='ocrx_word' id='word_1_85' title='bbox 269 1102 330 1170; x_wconf 88' lang='lat' dir='ltr'><strong>est,</strong></span> <span class='ocrx_word' id='word_1_86' title='bbox 350 1089 435 1159; x_wconf 90' lang='lat' dir='ltr'><strong>nihil</strong></span> <span class='ocrx_word' id='word_1_87' title='bbox 454 1091 610 1160; x_wconf 80' lang='lat' dir='ltr'><strong>remitte:</strong></span> <span class='ocrx_word' id='word_1_88' title='bbox 637 1105 669 1160; x_wconf 89' lang='lat' dir='ltr'><strong>et</strong></span> <span class='ocrx_word' id='word_1_89' title='bbox 694 1091 799 1181; x_wconf 88' lang='lat' dir='ltr'><strong>proba</strong></span> <span class='ocrx_word' id='word_1_90' title='bbox 825 1113 878 1159; x_wconf 93' lang='lat' dir='ltr'><strong>me</strong></span> <span class='ocrx_word' id='word_1_91' title='bbox 905 1092 995 1160; x_wconf 91' lang='lat' dir='ltr'><strong>sicut</strong></span> <span class='ocrx_word' id='word_1_92' title='bbox 1013 1112 1137 1161; x_wconf 91' lang='lat' dir='ltr'><strong>aurum</strong></span> <span class='ocrx_word' id='word_1_93' title='bbox 1161 1091 1195 1158; x_wconf 93' lang='lat' dir='ltr'><strong>in</strong></span> <span class='ocrx_word' id='word_1_94' title='bbox 1214 1089 1343 1159; x_wconf 90' lang='lat' dir='ltr'><strong>lornace</strong></span> <span class='ocrx_word' id='word_1_95' title='bbox 1365 1083 1447 1172; x_wconf 86' lang='lat' dir='ltr'><strong>magis</strong></span> 
     </span>
     <span class='ocr_line' id='line_1_11' title="bbox 218 1173 1446 1269; baseline -0.008 -21"><span class='ocrx_word' id='word_1_96' title='bbox 218 1180 420 1268; x_wconf 83' lang='lat' dir='ltr'><strong>magisque:</strong></span> <span class='ocrx_word' id='word_1_97' title='bbox 447 1180 529 1247; x_wconf 89' lang='lat' dir='ltr'><strong>etin</strong></span> <span class='ocrx_word' id='word_1_98' title='bbox 549 1201 686 1249; x_wconf 91' lang='lat' dir='ltr'><strong>menon</strong></span> <span class='ocrx_word' id='word_1_99' title='bbox 705 1180 857 1249; x_wconf 89' lang='lat' dir='ltr'><strong>invenies</strong></span> <span class='ocrx_word' id='word_1_100' title='bbox 874 1179 1021 1259; x_wconf 87' lang='lat' dir='ltr'><strong>sordem,</strong></span> <span class='ocrx_word' id='word_1_101' title='bbox 1048 1201 1136 1269; x_wconf 90' lang='lat' dir='ltr'><strong>quae</strong></span> <span class='ocrx_word' id='word_1_102' title='bbox 1160 1179 1285 1248; x_wconf 89' lang='lat' dir='ltr'><strong>esttibi</strong></span> <span class='ocrx_word' id='word_1_103' title='bbox 1309 1173 1446 1246; x_wconf 85' lang='lat' dir='ltr'><strong>amabilis.</strong></span> 
     </span>
     <span class='ocr_line' id='line_1_12' title="bbox 216 1268 1449 1354; baseline -0.009 -18"><span class='ocrx_word' id='word_1_104' title='bbox 216 1281 248 1338; x_wconf 91' lang='lat' dir='ltr'><strong>et</strong></span> <span class='ocrx_word' id='word_1_105' title='bbox 266 1289 301 1338; x_wconf 88' lang='lat' dir='ltr'><strong>ra</strong></span> <span class='ocrx_word' id='word_1_106' title='bbox 318 1289 394 1336; x_wconf 90' lang='lat' dir='ltr'><strong>vera</strong></span> <span class='ocrx_word' id='word_1_107' title='bbox 414 1268 601 1354; x_wconf 88' lang='lat' dir='ltr'><strong>quaeritur.</strong></span> <span class='ocrx_word' id='word_1_108' title='bbox 621 1269 681 1336; x_wconf 89' lang='lat' dir='ltr'><strong>Tui</strong></span> <span class='ocrx_word' id='word_1_109' title='bbox 699 1271 790 1338; x_wconf 91' lang='lat' dir='ltr'><strong>enim</strong></span> <span class='ocrx_word' id='word_1_110' title='bbox 813 1268 861 1336; x_wconf 94' lang='lat' dir='ltr'><strong>dii</strong></span> <span class='ocrx_word' id='word_1_111' title='bbox 886 1281 967 1338; x_wconf 88' lang='lat' dir='ltr'><strong>sunt</strong></span> <span class='ocrx_word' id='word_1_112' title='bbox 985 1268 1271 1348; x_wconf 87' lang='lat' dir='ltr'><strong>abominationes,</strong></span> <span class='ocrx_word' id='word_1_113' title='bbox 1296 1287 1374 1354; x_wconf 87' lang='lat' dir='ltr'><strong>quae</strong></span> <span class='ocrx_word' id='word_1_114' title='bbox 1395 1275 1449 1330; x_wconf 87' lang='lat' dir='ltr'><strong>tuae</strong></span> 
     </span>
     <span class='ocr_line' id='line_1_13' title="bbox 217 1356 1233 1447; baseline -0.002 -23"><span class='ocrx_word' id='word_1_115' title='bbox 217 1369 249 1426; x_wconf 91' lang='lat' dir='ltr'><strong>et</strong></span> <span class='ocrx_word' id='word_1_116' title='bbox 265 1357 314 1426; x_wconf 90' lang='lat' dir='ltr'><strong>tui</strong></span> <span class='ocrx_word' id='word_1_117' title='bbox 332 1357 551 1446; x_wconf 90' lang='lat' dir='ltr'><strong>Imperatoris</strong></span> <span class='ocrx_word' id='word_1_118' title='bbox 567 1356 792 1427; x_wconf 90' lang='lat' dir='ltr'><strong>dominantur</strong></span> <span class='ocrx_word' id='word_1_119' title='bbox 807 1359 947 1447; x_wconf 81' lang='lat' dir='ltr'><strong>egestati</strong></span> <span class='ocrx_word' id='word_1_120' title='bbox 971 1357 1126 1426; x_wconf 88' lang='lat' dir='ltr'><strong>rationis.</strong></span> <span class='ocrx_word' id='word_1_121' title='bbox 1143 1381 1161 1422; x_wconf 77' lang='lat' dir='ltr'><strong>n</strong></span> <span class='ocrx_word' id='word_1_122' title='bbox 1229 1363 1233 1370; x_wconf 86' lang='lat'>&#39;</span> 
     </span>
    </p>

    <p class='ocr_par' dir='ltr' id='par_1_3' title="bbox 217 1443 1461 3208">
     <span class='ocr_line' id='line_1_14' title="bbox 262 1443 1451 1532; baseline -0.013 -14"><span class='ocrx_word' id='word_1_123' title='bbox 262 1447 280 1532; x_wconf 67' lang='grc' dir='ltr'><strong>ἕ</strong></span> <span class='ocrx_word' id='word_1_124' title='bbox 304 1449 382 1518; x_wconf 81' lang='lat'><strong>1⁰.</strong></span> <span class='ocrx_word' id='word_1_125' title='bbox 411 1449 481 1514; x_wconf 86' lang='lat' dir='ltr'><strong>Dur</strong></span> <span class='ocrx_word' id='word_1_126' title='bbox 498 1443 605 1514; x_wconf 85' lang='lat' dir='ltr'><strong>dixit:</strong></span> <span class='ocrx_word' id='word_1_127' title='bbox 633 1445 790 1514; x_wconf 84' lang='lat' dir='ltr'><strong>«Mentis</strong></span> <span class='ocrx_word' id='word_1_128' title='bbox 809 1445 962 1527; x_wconf 81' lang='lat' dir='ltr'><strong>fortasse,</strong></span> <span class='ocrx_word' id='word_1_129' title='bbox 985 1458 1023 1515; x_wconf 91' lang='lat' dir='ltr'><strong>ut</strong></span> <span class='ocrx_word' id='word_1_130' title='bbox 1048 1445 1193 1524; x_wconf 89' lang='lat' dir='ltr'><strong>videtur,</strong></span> <span class='ocrx_word' id='word_1_131' title='bbox 1220 1443 1340 1513; x_wconf 91' lang='lat' dir='ltr'><strong>emotio</strong></span> <span class='ocrx_word' id='word_1_132' title='bbox 1362 1457 1451 1508; x_wconf 85' lang='lat' dir='ltr'><strong>conse·</strong></span> 
     </span>
     <span class='ocr_line' id='line_1_15' title="bbox 218 1525 1454 1622; baseline -0.01 -20"><span class='ocrx_word' id='word_1_133' title='bbox 218 1545 298 1603; x_wconf 90' lang='lat' dir='ltr'><strong>cuta</strong></span> <span class='ocrx_word' id='word_1_134' title='bbox 321 1545 372 1602; x_wconf 88' lang='lat' dir='ltr'><strong>est</strong></span> <span class='ocrx_word' id='word_1_135' title='bbox 385 1533 539 1622; x_wconf 90' lang='lat' dir='ltr'><strong>corporis</strong></span> <span class='ocrx_word' id='word_1_136' title='bbox 555 1533 845 1603; x_wconf 82' lang='lat' dir='ltr'><strong>imbecillitatem:</strong></span> <span class='ocrx_word' id='word_1_137' title='bbox 871 1555 939 1622; x_wconf 93' lang='lat' dir='ltr'><strong>quo</strong></span> <span class='ocrx_word' id='word_1_138' title='bbox 953 1533 1080 1603; x_wconf 84' lang='lat' dir='ltr'><strong>factum</strong></span> <span class='ocrx_word' id='word_1_139' title='bbox 1100 1547 1161 1614; x_wconf 89' lang='lat' dir='ltr'><strong>est,</strong></span> <span class='ocrx_word' id='word_1_140' title='bbox 1188 1546 1226 1603; x_wconf 91' lang='lat' dir='ltr'><strong>ut</strong></span> <span class='ocrx_word' id='word_1_141' title='bbox 1244 1531 1357 1602; x_wconf 91' lang='lat' dir='ltr'><strong>multis</strong></span> <span class='ocrx_word' id='word_1_142' title='bbox 1371 1525 1454 1595; x_wconf 80' lang='lat' dir='ltr'><strong>verbis</strong></span> 
     </span>
     <span class='ocr_line' id='line_1_16' title="bbox 219 1622 1454 1712; baseline -0.006 -21"><span class='ocrx_word' id='word_1_143' title='bbox 219 1643 305 1692; x_wconf 93' lang='lat' dir='ltr'><strong>usus</strong></span> <span class='ocrx_word' id='word_1_144' title='bbox 331 1623 377 1692; x_wconf 90' lang='lat' dir='ltr'><strong>sis</strong></span> <span class='ocrx_word' id='word_1_145' title='bbox 401 1622 559 1692; x_wconf 72' lang='lat' dir='ltr'><strong>obscuris</strong></span> <span class='ocrx_word' id='word_1_146' title='bbox 582 1635 614 1692; x_wconf 89' lang='lat' dir='ltr'><strong>et</strong></span> <span class='ocrx_word' id='word_1_147' title='bbox 637 1623 911 1712; x_wconf 82' lang='lat' dir='ltr'><strong>supervacaneis.</strong></span> <span class='ocrx_word' id='word_1_148' title='bbox 941 1624 974 1692; x_wconf 88' lang='lat' dir='ltr'><strong>Si</strong></span> <span class='ocrx_word' id='word_1_149' title='bbox 994 1622 1085 1691; x_wconf 90' lang='lat' dir='ltr'><strong>enirn</strong></span> <span class='ocrx_word' id='word_1_150' title='bbox 1114 1633 1226 1710; x_wconf 91' lang='lat' dir='ltr'><strong>posset</strong></span> <span class='ocrx_word' id='word_1_151' title='bbox 1251 1622 1308 1690; x_wconf 90' lang='lat' dir='ltr'><strong>ille</strong></span> <span class='ocrx_word' id='word_1_152' title='bbox 1331 1633 1409 1689; x_wconf 83' lang='lat' dir='ltr'><strong>tuus,</strong></span> <span class='ocrx_word' id='word_1_153' title='bbox 1430 1623 1454 1678; x_wconf 84' lang='lat' dir='ltr'><strong>ut</strong></span> 
     </span>
     <span class='ocr_line' id='line_1_17' title="bbox 221 1705 1453 1800; baseline -0.008 -22"><span class='ocrx_word' id='word_1_154' title='bbox 221 1711 319 1792; x_wconf 90' lang='lat' dir='ltr'><strong>dicis,</strong></span> <span class='ocrx_word' id='word_1_155' title='bbox 339 1714 427 1780; x_wconf 82' lang='lat' dir='ltr'><strong>Deus</strong></span> <span class='ocrx_word' id='word_1_156' title='bbox 441 1723 471 1780; x_wconf 91' lang='lat' dir='ltr'><strong>te</strong></span> <span class='ocrx_word' id='word_1_157' title='bbox 484 1711 684 1800; x_wconf 79' lang='lat' dir='ltr'><strong>participem</strong></span> <span class='ocrx_word' id='word_1_158' title='bbox 702 1711 840 1780; x_wconf 88' lang='lat' dir='ltr'><strong>reddere</strong></span> <span class='ocrx_word' id='word_1_159' title='bbox 855 1709 1132 1790; x_wconf 87' lang='lat' dir='ltr'><strong>immortalitatis,</strong></span> <span class='ocrx_word' id='word_1_160' title='bbox 1153 1733 1170 1778; x_wconf 88' lang='lat' dir='ltr'><strong>a</strong></span> <span class='ocrx_word' id='word_1_161' title='bbox 1188 1708 1352 1800; x_wconf 84' lang='lat' dir='ltr'><strong>praesenti</strong></span> <span class='ocrx_word' id='word_1_162' title='bbox 1366 1705 1453 1790; x_wconf 79' lang='lat' dir='ltr'><strong>unqu</strong></span> 
     </span>
     <span class='ocr_line' id='line_1_18' title="bbox 221 1793 1453 1899; baseline -0.007 -31"><span class='ocrx_word' id='word_1_163' title='bbox 221 1811 252 1868; x_wconf 89' lang='lat' dir='ltr'><strong>te</strong></span> <span class='ocrx_word' id='word_1_164' title='bbox 270 1799 370 1890; x_wconf 87' lang='lat' dir='ltr'><strong>plaga</strong></span> <span class='ocrx_word' id='word_1_165' title='bbox 395 1799 582 1870; x_wconf 89' lang='lat' dir='ltr'><strong>liberasset.</strong></span> <span class='ocrx_word' id='word_1_166' title='bbox 613 1801 747 1870; x_wconf 86' lang='lat' dir='ltr'><strong>Mittens</strong></span> <span class='ocrx_word' id='word_1_167' title='bbox 766 1821 845 1889; x_wconf 90' lang='lat' dir='ltr'><strong>ergo</strong></span> <span class='ocrx_word' id='word_1_168' title='bbox 862 1821 968 1868; x_wconf 87' lang='lat' dir='ltr'><strong>vanae</strong></span> <span class='ocrx_word' id='word_1_169' title='bbox 988 1800 1060 1889; x_wconf 88' lang='lat' dir='ltr'><strong>spei</strong></span> <span class='ocrx_word' id='word_1_170' title='bbox 1078 1793 1200 1899; x_wconf 86' lang='lat' dir='ltr'><strong>agitari</strong></span> <span class='ocrx_word' id='word_1_171' title='bbox 1225 1797 1375 1874; x_wconf 67' lang='lat' dir='ltr'><strong>somniis</strong></span> <span class='ocrx_word' id='word_1_172' title='bbox 1400 1813 1453 1888; x_wconf 81' lang='lat' dir='ltr'><strong>pro-</strong></span> 
     </span>
     <span class='ocr_line' id='line_1_19' title="bbox 220 1883 1452 1978; baseline -0.004 -22"><span class='ocrx_word' id='word_1_173' title='bbox 220 1909 301 1978; x_wconf 88' lang='lat' dir='ltr'><strong>pera</strong></span> <span class='ocrx_word' id='word_1_174' title='bbox 325 1888 368 1957; x_wconf 89' lang='lat' dir='ltr'><strong>ad</strong></span> <span class='ocrx_word' id='word_1_175' title='bbox 394 1887 551 1970; x_wconf 90' lang='lat' dir='ltr'><strong>salutem,</strong></span> <span class='ocrx_word' id='word_1_176' title='bbox 571 1909 692 1975; x_wconf 90' lang='lat' dir='ltr'><strong>quaea</strong></span> <span class='ocrx_word' id='word_1_177' title='bbox 715 1909 767 1956; x_wconf 91' lang='lat' dir='ltr'><strong>me</strong></span> <span class='ocrx_word' id='word_1_178' title='bbox 782 1888 1020 1957; x_wconf 81' lang='lat' dir='ltr'><strong>ostenditur.»</strong></span> <span class='ocrx_word' id='word_1_179' title='bbox 1047 1889 1134 1956; x_wconf 83' lang='lat' dir='ltr'><strong>nint</strong></span> <span class='ocrx_word' id='word_1_180' title='bbox 1158 1888 1365 1957; x_wconf 85' lang='lat' dir='ltr'><strong>Eustratius:</strong></span> <span class='ocrx_word' id='word_1_181' title='bbox 1387 1904 1401 1946; x_wconf 81' lang='lat' dir='ltr'><strong>t</strong></span> <span class='ocrx_word' id='word_1_182' title='bbox 1416 1883 1452 1944; x_wconf 74' lang='lat' dir='ltr'><strong>ns</strong></span> 
     </span>
     <span class='ocr_line' id='line_1_20' title="bbox 221 1963 1454 2066; baseline -0.005 -21"><span class='ocrx_word' id='word_1_183' title='bbox 221 1977 432 2066; x_wconf 87' lang='lat' dir='ltr'><strong>persuaderi,</strong></span> <span class='ocrx_word' id='word_1_184' title='bbox 452 1999 471 2046; x_wconf 94' lang='lat' dir='ltr'><strong>o</strong></span> <span class='ocrx_word' id='word_1_185' title='bbox 489 1990 523 2046; x_wconf 88' lang='lat' dir='ltr'><strong>tu</strong></span> <span class='ocrx_word' id='word_1_186' title='bbox 543 1977 604 2065; x_wconf 91' lang='lat' dir='ltr'><strong>qui</strong></span> <span class='ocrx_word' id='word_1_187' title='bbox 627 1978 784 2065; x_wconf 75' lang='lat' dir='ltr'><strong>esorbus</strong></span> <span class='ocrx_word' id='word_1_188' title='bbox 799 1976 962 2046; x_wconf 88' lang='lat' dir='ltr'><strong>omnibus</strong></span> <span class='ocrx_word' id='word_1_189' title='bbox 986 1977 1168 2058; x_wconf 76' lang='lat' dir='ltr'><strong>sensibuS,</strong></span> <span class='ocrx_word' id='word_1_190' title='bbox 1189 1976 1277 2044; x_wconf 87' lang='lat' dir='ltr'><strong>nihil</strong></span> <span class='ocrx_word' id='word_1_191' title='bbox 1302 1996 1371 2046; x_wconf 87' lang='lat' dir='ltr'><strong>esse</strong></span> <span class='ocrx_word' id='word_1_192' title='bbox 1391 1963 1454 2056; x_wconf 85' lang='lat' dir='ltr'><strong>quod</strong></span> 
     </span>
     <span class='ocr_line' id='line_1_21' title="bbox 220 2062 1454 2155; baseline -0.009 -21"><span class='ocrx_word' id='word_1_193' title='bbox 220 2087 318 2136; x_wconf 91' lang='lat' dir='ltr'><strong>meus</strong></span> <span class='ocrx_word' id='word_1_194' title='bbox 346 2087 412 2135; x_wconf 93' lang='lat' dir='ltr'><strong>non</strong></span> <span class='ocrx_word' id='word_1_195' title='bbox 440 2066 547 2155; x_wconf 85' lang='lat' dir='ltr'><strong>possit</strong></span> <span class='ocrx_word' id='word_1_196' title='bbox 570 2069 682 2150; x_wconf 78' lang='lat' dir='ltr'><strong>Deus?</strong></span> <span class='ocrx_word' id='word_1_197' title='bbox 705 2066 856 2146; x_wconf 81' lang='lat' dir='ltr'><strong>Attende,</strong></span> <span class='ocrx_word' id='word_1_198' title='bbox 884 2079 915 2134; x_wconf 90' lang='lat' dir='ltr'><strong>et</strong></span> <span class='ocrx_word' id='word_1_199' title='bbox 943 2087 995 2134; x_wconf 92' lang='lat' dir='ltr'><strong>me</strong></span> <span class='ocrx_word' id='word_1_200' title='bbox 1020 2067 1177 2145; x_wconf 89' lang='lat' dir='ltr'><strong>intuere,</strong></span> <span class='ocrx_word' id='word_1_201' title='bbox 1203 2087 1308 2153; x_wconf 93' lang='lat' dir='ltr'><strong>quem</strong></span> <span class='ocrx_word' id='word_1_202' title='bbox 1330 2062 1389 2131; x_wconf 86' lang='lat' dir='ltr'><strong>tuis</strong></span> <span class='ocrx_word' id='word_1_203' title='bbox 1410 2071 1454 2124; x_wconf 88' lang='lat' dir='ltr'><strong>tor·</strong></span> 
     </span>
     <span class='ocr_line' id='line_1_22' title="bbox 220 2151 1455 2241; baseline -0.007 -19"><span class='ocrx_word' id='word_1_204' title='bbox 220 2155 344 2224; x_wconf 90' lang='lat' dir='ltr'><strong>mentis</strong></span> <span class='ocrx_word' id='word_1_205' title='bbox 361 2151 533 2222; x_wconf 81' lang='lat' dir='ltr'><strong>existimas</strong></span> <span class='ocrx_word' id='word_1_206' title='bbox 552 2168 659 2223; x_wconf 89' lang='lat' dir='ltr'><strong>morte</strong></span> <span class='ocrx_word' id='word_1_207' title='bbox 677 2175 751 2223; x_wconf 88' lang='lat' dir='ltr'><strong>esse</strong></span> <span class='ocrx_word' id='word_1_208' title='bbox 776 2154 991 2223; x_wconf 88' lang='lat' dir='ltr'><strong>mulctatum.</strong></span> <span class='ocrx_word' id='word_1_209' title='bbox 1009 2177 1026 2219; x_wconf 84' lang='lat'>»</span> <span class='ocrx_word' id='word_1_210' title='bbox 1052 2158 1206 2241; x_wconf 88' lang='lat' dir='ltr'><strong>Cumque</strong></span> <span class='ocrx_word' id='word_1_211' title='bbox 1222 2175 1342 2223; x_wconf 90' lang='lat' dir='ltr'><strong>ornnes</strong></span> <span class='ocrx_word' id='word_1_212' title='bbox 1357 2151 1386 2218; x_wconf 92' lang='lat' dir='ltr'><strong>in</strong></span> <span class='ocrx_word' id='word_1_213' title='bbox 1402 2163 1455 2214; x_wconf 89' lang='lat' dir='ltr'><strong>eun</strong></span> 
     </span>
     <span class='ocr_line' id='line_1_23' title="bbox 220 2241 1455 2341; baseline -0.008 -31"><span class='ocrx_word' id='word_1_214' title='bbox 220 2241 417 2341; x_wconf 76' lang='lat' dir='ltr'><strong>delirissent</strong></span> <span class='ocrx_word' id='word_1_215' title='bbox 433 2241 562 2322; x_wconf 92' lang='lat' dir='ltr'><strong>oculos,</strong></span> <span class='ocrx_word' id='word_1_216' title='bbox 589 2255 727 2333; x_wconf 89' lang='lat' dir='ltr'><strong>repente</strong></span> <span class='ocrx_word' id='word_1_217' title='bbox 743 2241 846 2312; x_wconf 88' lang='lat' dir='ltr'><strong>veluti</strong></span> <span class='ocrx_word' id='word_1_218' title='bbox 865 2241 1032 2329; x_wconf 86' lang='lat' dir='ltr'><strong>quaedam</strong></span> <span class='ocrx_word' id='word_1_219' title='bbox 1052 2263 1255 2329; x_wconf 90' lang='lat' dir='ltr'><strong>squammae</strong></span> <span class='ocrx_word' id='word_1_220' title='bbox 1271 2241 1389 2326; x_wconf 80' lang='lat' dir='ltr'><strong>eiectae</strong></span> <span class='ocrx_word' id='word_1_221' title='bbox 1402 2241 1455 2302; x_wconf 87' lang='lat' dir='ltr'><strong>sunt</strong></span> 
     </span>
     <span class='ocr_line' id='line_1_24' title="bbox 217 2325 1456 2420; baseline -0.011 -22"><span class='ocrx_word' id='word_1_222' title='bbox 217 2353 259 2400; x_wconf 82' lang='lat' dir='ltr'><strong>er</strong></span> <span class='ocrx_word' id='word_1_223' title='bbox 275 2353 348 2416; x_wconf 66' lang='lat' dir='ltr'><strong>equs</strong></span> <span class='ocrx_word' id='word_1_224' title='bbox 363 2351 527 2420; x_wconf 89' lang='lat' dir='ltr'><strong>corpore;</strong></span> <span class='ocrx_word' id='word_1_225' title='bbox 547 2342 579 2400; x_wconf 91' lang='lat' dir='ltr'><strong>et</strong></span> <span class='ocrx_word' id='word_1_226' title='bbox 596 2333 686 2401; x_wconf 88' lang='lat' dir='ltr'><strong>stetit</strong></span> <span class='ocrx_word' id='word_1_227' title='bbox 706 2335 850 2401; x_wconf 88' lang='lat' dir='ltr'><strong>Sanctus</strong></span> <span class='ocrx_word' id='word_1_228' title='bbox 866 2343 956 2400; x_wconf 91' lang='lat' dir='ltr'><strong>totus</strong></span> <span class='ocrx_word' id='word_1_229' title='bbox 974 2353 1092 2411; x_wconf 90' lang='lat' dir='ltr'><strong>sanus,</strong></span> <span class='ocrx_word' id='word_1_230' title='bbox 1112 2352 1238 2419; x_wconf 87' lang='lat' dir='ltr'><strong>corpus</strong></span> <span class='ocrx_word' id='word_1_231' title='bbox 1257 2329 1341 2400; x_wconf 89' lang='lat' dir='ltr'><strong>nihil</strong></span> <span class='ocrx_word' id='word_1_232' title='bbox 1359 2325 1456 2396; x_wconf 82' lang='lat' dir='ltr'><strong>habens</strong></span> 
     </span>
     <span class='ocr_line' id='line_1_25' title="bbox 218 2415 1454 2508; baseline -0.011 -20"><span class='ocrx_word' id='word_1_233' title='bbox 218 2419 360 2488; x_wconf 93' lang='lat' dir='ltr'><strong>omnino</strong></span> <span class='ocrx_word' id='word_1_234' title='bbox 385 2419 584 2488; x_wconf 88' lang='lat' dir='ltr'><strong>laceratum.</strong></span> <span class='ocrx_word' id='word_1_235' title='bbox 604 2424 686 2489; x_wconf 93' lang='lat' dir='ltr'><strong>Cum</strong></span> <span class='ocrx_word' id='word_1_236' title='bbox 715 2431 852 2508; x_wconf 90' lang='lat' dir='ltr'><strong>propter</strong></span> <span class='ocrx_word' id='word_1_237' title='bbox 867 2419 1074 2488; x_wconf 85' lang='lat' dir='ltr'><strong>miraculum</strong></span> <span class='ocrx_word' id='word_1_238' title='bbox 1094 2432 1220 2498; x_wconf 87' lang='lat' dir='ltr'><strong>autern,</strong></span> <span class='ocrx_word' id='word_1_239' title='bbox 1245 2418 1335 2507; x_wconf 95' lang='lat' dir='ltr'><strong>quod</strong></span> <span class='ocrx_word' id='word_1_240' title='bbox 1360 2415 1454 2484; x_wconf 81' lang='lat' dir='ltr'><strong>lactan</strong></span> 
     </span>
     <span class='ocr_line' id='line_1_26' title="bbox 218 2507 1456 2598; baseline -0.005 -22"><span class='ocrx_word' id='word_1_241' title='bbox 218 2507 339 2588; x_wconf 88' lang='lat' dir='ltr'><strong>luerat,</strong></span> <span class='ocrx_word' id='word_1_242' title='bbox 360 2528 478 2576; x_wconf 89' lang='lat' dir='ltr'><strong>omnes</strong></span> <span class='ocrx_word' id='word_1_243' title='bbox 499 2511 604 2576; x_wconf 83' lang='lat' dir='ltr'><strong>Deum</strong></span> <span class='ocrx_word' id='word_1_244' title='bbox 626 2508 888 2598; x_wconf 84' lang='lat' dir='ltr'><strong>glorificassent.</strong></span> <span class='ocrx_word' id='word_1_245' title='bbox 911 2508 1051 2594; x_wconf 93' lang='lat' dir='ltr'><strong>quidam</strong></span> <span class='ocrx_word' id='word_1_246' title='bbox 1074 2508 1250 2598; x_wconf 85' lang='lat' dir='ltr'><strong>Eugenius</strong></span> <span class='ocrx_word' id='word_1_247' title='bbox 1271 2509 1322 2577; x_wconf 89' lang='lat' dir='ltr'><strong>vir</strong></span> <span class='ocrx_word' id='word_1_248' title='bbox 1345 2511 1456 2596; x_wconf 77' lang='lat' dir='ltr'><strong>Araura·</strong></span> 
     </span>
     <span class='ocr_line' id='line_1_27' title="bbox 219 2595 1453 2686; baseline -0.005 -22"><span class='ocrx_word' id='word_1_249' title='bbox 219 2617 336 2676; x_wconf 87' lang='lat' dir='ltr'><strong>conus,</strong></span> <span class='ocrx_word' id='word_1_250' title='bbox 356 2596 503 2682; x_wconf 86' lang='lat' dir='ltr'><strong>quierat</strong></span> <span class='ocrx_word' id='word_1_251' title='bbox 528 2596 601 2685; x_wconf 89' lang='lat' dir='ltr'><strong>ipse</strong></span> <span class='ocrx_word' id='word_1_252' title='bbox 620 2618 756 2683; x_wconf 91' lang='lat' dir='ltr'><strong>quoque</strong></span> <span class='ocrx_word' id='word_1_253' title='bbox 779 2595 936 2685; x_wconf 89' lang='lat' dir='ltr'><strong>oppiduli</strong></span> <span class='ocrx_word' id='word_1_254' title='bbox 962 2595 1120 2666; x_wconf 85' lang='lat' dir='ltr'><strong>officialis</strong></span> <span class='ocrx_word' id='word_1_255' title='bbox 1143 2596 1299 2686; x_wconf 88' lang='lat' dir='ltr'><strong>ejusdem</strong></span> <span class='ocrx_word' id='word_1_256' title='bbox 1325 2595 1453 2683; x_wconf 69' lang='lat' dir='ltr'><strong>cohortis.</strong></span> 
     </span>
     <span class='ocr_line' id='line_1_28' title="bbox 219 2684 1456 2784; baseline -0.004 -33"><span class='ocrx_word' id='word_1_257' title='bbox 219 2697 252 2784; x_wconf 75' lang='lat' dir='ltr'><strong>et</strong></span> <span class='ocrx_word' id='word_1_258' title='bbox 268 2685 490 2773; x_wconf 91' lang='lat' dir='ltr'><strong>permanebat</strong></span> <span class='ocrx_word' id='word_1_259' title='bbox 504 2684 596 2774; x_wconf 91' lang='lat' dir='ltr'><strong>apud</strong></span> <span class='ocrx_word' id='word_1_260' title='bbox 614 2699 770 2755; x_wconf 89' lang='lat' dir='ltr'><strong>sanctum</strong></span> <span class='ocrx_word' id='word_1_261' title='bbox 793 2687 1015 2766; x_wconf 87' lang='lat' dir='ltr'><strong>Eustratium‚</strong></span> <span class='ocrx_word' id='word_1_262' title='bbox 1034 2706 1158 2774; x_wconf 87' lang='lat' dir='ltr'><strong>magna</strong></span> <span class='ocrx_word' id='word_1_263' title='bbox 1178 2707 1260 2754; x_wconf 86' lang='lat' dir='ltr'><strong>voce</strong></span> <span class='ocrx_word' id='word_1_264' title='bbox 1273 2684 1456 2754; x_wconf 78' lang='lat' dir='ltr'><strong>exclamavit.</strong></span> 
     </span>
     <span class='ocr_line' id='line_1_29' title="bbox 218 2766 1459 2863; baseline -0.006 -23"><span class='ocrx_word' id='word_1_265' title='bbox 218 2773 362 2840; x_wconf 78' lang='lat' dir='ltr'><strong>dicens:</strong></span> <span class='ocrx_word' id='word_1_266' title='bbox 390 2773 540 2862; x_wconf 84' lang='lat' dir='ltr'><strong>«Lysia,</strong></span> <span class='ocrx_word' id='word_1_267' title='bbox 568 2795 629 2863; x_wconf 86' lang='lat' dir='ltr'><strong>ego</strong></span> <span class='ocrx_word' id='word_1_268' title='bbox 657 2795 793 2861; x_wconf 91' lang='lat' dir='ltr'><strong>quoque</strong></span> <span class='ocrx_word' id='word_1_269' title='bbox 818 2796 893 2843; x_wconf 91' lang='lat' dir='ltr'><strong>sum</strong></span> <span class='ocrx_word' id='word_1_270' title='bbox 923 2773 1148 2854; x_wconf 86' lang='lat' dir='ltr'><strong>Christianus,</strong></span> <span class='ocrx_word' id='word_1_271' title='bbox 1175 2785 1207 2842; x_wconf 89' lang='lat' dir='ltr'><strong>et</strong></span> <span class='ocrx_word' id='word_1_272' title='bbox 1227 2784 1323 2842; x_wconf 86' lang='lat' dir='ltr'><strong>tuam</strong></span> <span class='ocrx_word' id='word_1_273' title='bbox 1350 2766 1459 2858; x_wconf 71' lang='lat' dir='ltr'><strong>anathe-</strong></span> 
     </span>
     <span class='ocr_line' id='line_1_30' title="bbox 220 2859 1457 2952; baseline -0.006 -25"><span class='ocrx_word' id='word_1_274' title='bbox 220 2861 342 2930; x_wconf 90' lang='lat' dir='ltr'><strong>matizo</strong></span> <span class='ocrx_word' id='word_1_275' title='bbox 359 2860 571 2950; x_wconf 86' lang='lat' dir='ltr'><strong>religionem,</strong></span> <span class='ocrx_word' id='word_1_276' title='bbox 589 2875 621 2932; x_wconf 88' lang='lat' dir='ltr'><strong>et</strong></span> <span class='ocrx_word' id='word_1_277' title='bbox 628 2863 744 2952; x_wconf 89' lang='lat' dir='ltr'><strong>jussui</strong></span> <span class='ocrx_word' id='word_1_278' title='bbox 762 2867 1012 2951; x_wconf 88' lang='lat' dir='ltr'><strong>Imperatorum</strong></span> <span class='ocrx_word' id='word_1_279' title='bbox 1026 2874 1059 2930; x_wconf 90' lang='lat' dir='ltr'><strong>et</strong></span> <span class='ocrx_word' id='word_1_280' title='bbox 1076 2875 1154 2931; x_wconf 87' lang='lat' dir='ltr'><strong>tuae</strong></span> <span class='ocrx_word' id='word_1_281' title='bbox 1170 2863 1292 2932; x_wconf 86' lang='lat' dir='ltr'><strong>resisto</strong></span> <span class='ocrx_word' id='word_1_282' title='bbox 1309 2859 1457 2930; x_wconf 83' lang='lat' dir='ltr'><strong>voluntati.</strong></span> 
     </span>
     <span class='ocr_line' id='line_1_31' title="bbox 220 2945 1460 3049; baseline -0.007 -32"><span class='ocrx_word' id='word_1_283' title='bbox 220 2949 310 3049; x_wconf 86' lang='lat' dir='ltr'><strong>sicut</strong></span> <span class='ocrx_word' id='word_1_284' title='bbox 325 2950 426 3018; x_wconf 90' lang='lat' dir='ltr'><strong>etiam</strong></span> <span class='ocrx_word' id='word_1_285' title='bbox 442 2950 605 3020; x_wconf 91' lang='lat' dir='ltr'><strong>dominus</strong></span> <span class='ocrx_word' id='word_1_286' title='bbox 624 2971 720 3030; x_wconf 90' lang='lat' dir='ltr'><strong>meus</strong></span> <span class='ocrx_word' id='word_1_287' title='bbox 736 2951 941 3024; x_wconf 86' lang='lat' dir='ltr'><strong>Eustratius.</strong></span> <span class='ocrx_word' id='word_1_288' title='bbox 964 2977 975 3012; x_wconf 70' lang='lat' dir='ltr'><strong>s</strong></span> <span class='ocrx_word' id='word_1_289' title='bbox 996 2954 1069 3020; x_wconf 87' lang='lat' dir='ltr'><strong>Dux</strong></span> <span class='ocrx_word' id='word_1_290' title='bbox 1086 2971 1166 3040; x_wconf 91' lang='lat' dir='ltr'><strong>ergo</strong></span> <span class='ocrx_word' id='word_1_291' title='bbox 1180 2964 1321 3040; x_wconf 89' lang='lat' dir='ltr'><strong>propter</strong></span> <span class='ocrx_word' id='word_1_292' title='bbox 1338 2949 1411 3018; x_wconf 87' lang='lat' dir='ltr'><strong>haec</strong></span> <span class='ocrx_word' id='word_1_293' title='bbox 1425 2945 1460 3035; x_wconf 89' lang='lat' dir='ltr'><strong>in·</strong></span> 
     </span>
     <span class='ocr_line' id='line_1_32' title="bbox 218 3035 1461 3130; baseline -0.005 -25"><span class='ocrx_word' id='word_1_294' title='bbox 218 3037 393 3126; x_wconf 81' lang='lat' dir='ltr'><strong>dignatus,</strong></span> <span class='ocrx_word' id='word_1_295' title='bbox 420 3053 451 3108; x_wconf 91' lang='lat' dir='ltr'><strong>et</strong></span> <span class='ocrx_word' id='word_1_296' title='bbox 467 3059 546 3130; x_wconf 88' lang='lat' dir='ltr'><strong>eum</strong></span> <span class='ocrx_word' id='word_1_297' title='bbox 576 3052 763 3120; x_wconf 85' lang='lat' dir='ltr'><strong>execratus,</strong></span> <span class='ocrx_word' id='word_1_298' title='bbox 784 3040 897 3126; x_wconf 91' lang='lat' dir='ltr'><strong>ipsum</strong></span> <span class='ocrx_word' id='word_1_299' title='bbox 918 3061 1054 3126; x_wconf 90' lang='lat' dir='ltr'><strong>quoque</strong></span> <span class='ocrx_word' id='word_1_300' title='bbox 1074 3039 1363 3129; x_wconf 87' lang='lat' dir='ltr'><strong>comprehensum</strong></span> <span class='ocrx_word' id='word_1_301' title='bbox 1383 3035 1461 3125; x_wconf 77' lang='lat' dir='ltr'><strong>jussit</strong></span> 
     </span>
     <span class='ocr_line' id='line_1_33' title="bbox 219 3126 889 3208; baseline 0 -14"><span class='ocrx_word' id='word_1_302' title='bbox 219 3126 298 3196; x_wconf 92' lang='lat' dir='ltr'><strong>duci</strong></span> <span class='ocrx_word' id='word_1_303' title='bbox 317 3127 350 3194; x_wconf 94' lang='lat' dir='ltr'><strong>in</strong></span> <span class='ocrx_word' id='word_1_304' title='bbox 375 3127 538 3208; x_wconf 91' lang='lat' dir='ltr'><strong>medium,</strong></span> <span class='ocrx_word' id='word_1_305' title='bbox 560 3139 593 3196; x_wconf 88' lang='lat' dir='ltr'><strong>et</strong></span> <span class='ocrx_word' id='word_1_306' title='bbox 608 3128 656 3198; x_wconf 94' lang='lat' dir='ltr'><strong>sic</strong></span> <span class='ocrx_word' id='word_1_307' title='bbox 673 3140 724 3197; x_wconf 88' lang='lat' dir='ltr'><strong>est</strong></span> <span class='ocrx_word' id='word_1_308' title='bbox 747 3127 889 3197; x_wconf 85' lang='lat' dir='ltr'><strong>allatus:</strong></span> 
     </span>
    </p>

    <p class='ocr_par' dir='ltr' id='par_1_4' title="bbox 198 3214 1461 4370">
     <span class='ocr_line' id='line_1_34' title="bbox 198 3214 1461 3306; baseline -0.011 -17"><span class='ocrx_word' id='word_1_309' title='bbox 198 3241 202 3262; x_wconf 81' lang='lat'><strong><em>¹</em></strong></span> <span class='ocrx_word' id='word_1_310' title='bbox 262 3217 280 3302; x_wconf 65' lang='grc'><strong>9</strong></span> <span class='ocrx_word' id='word_1_311' title='bbox 304 3221 369 3289; x_wconf 80' lang='grc' dir='ltr'><strong>ΙΙ.</strong></span> <span class='ocrx_word' id='word_1_312' title='bbox 398 3220 513 3285; x_wconf 85' lang='lat' dir='ltr'><strong>«Cum</strong></span> <span class='ocrx_word' id='word_1_313' title='bbox 532 3217 667 3296; x_wconf 89' lang='lat' dir='ltr'><strong>borum,</strong></span> <span class='ocrx_word' id='word_1_314' title='bbox 690 3237 777 3304; x_wconf 89' lang='lat' dir='ltr'><strong>quos</strong></span> <span class='ocrx_word' id='word_1_315' title='bbox 793 3215 917 3306; x_wconf 90' lang='lat' dir='ltr'><strong>punire</strong></span> <span class='ocrx_word' id='word_1_316' title='bbox 932 3229 983 3286; x_wconf 91' lang='lat' dir='ltr'><strong>est</strong></span> <span class='ocrx_word' id='word_1_317' title='bbox 999 3214 1150 3296; x_wconf 85' lang='lat' dir='ltr'><strong>difficile,</strong></span> <span class='ocrx_word' id='word_1_318' title='bbox 1170 3214 1388 3305; x_wconf 88' lang='lat' dir='ltr'><strong>interrogatio</strong></span> <span class='ocrx_word' id='word_1_319' title='bbox 1402 3221 1461 3275; x_wconf 81' lang='lat' dir='ltr'><strong>tent·</strong></span> 
     </span>
     <span class='ocr_line' id='line_1_35' title="bbox 219 3298 1453 3394; baseline -0.005 -21"><span class='ocrx_word' id='word_1_320' title='bbox 219 3324 300 3394; x_wconf 92' lang='lat' dir='ltr'><strong>pore</strong></span> <span class='ocrx_word' id='word_1_321' title='bbox 324 3317 355 3372; x_wconf 92' lang='lat' dir='ltr'><strong>et</strong></span> <span class='ocrx_word' id='word_1_322' title='bbox 376 3307 443 3374; x_wconf 94' lang='lat' dir='ltr'><strong>otio</strong></span> <span class='ocrx_word' id='word_1_323' title='bbox 469 3325 557 3393; x_wconf 91' lang='lat' dir='ltr'><strong>opus</strong></span> <span class='ocrx_word' id='word_1_324' title='bbox 582 3304 705 3374; x_wconf 89' lang='lat' dir='ltr'><strong>habeat</strong></span> <span class='ocrx_word' id='word_1_325' title='bbox 728 3317 934 3394; x_wconf 89' lang='lat' dir='ltr'><strong>opportuno,</strong></span> <span class='ocrx_word' id='word_1_326' title='bbox 958 3325 1051 3374; x_wconf 90' lang='lat' dir='ltr'><strong>nunc</strong></span> <span class='ocrx_word' id='word_1_327' title='bbox 1075 3317 1190 3374; x_wconf 92' lang='lat' dir='ltr'><strong>autem</strong></span> <span class='ocrx_word' id='word_1_328' title='bbox 1216 3325 1343 3394; x_wconf 84' lang='lat' dir='ltr'><strong>urgear</strong></span> <span class='ocrx_word' id='word_1_329' title='bbox 1364 3298 1401 3370; x_wconf 90' lang='lat' dir='ltr'><strong>ad</strong></span> <span class='ocrx_word' id='word_1_330' title='bbox 1423 3314 1453 3362; x_wconf 83' lang='lat' dir='ltr'><strong>stt</strong></span> 
     </span>
     <span class='ocr_line' id='line_1_36' title="bbox 218 3391 1452 3485; baseline -0.003 -23"><span class='ocrx_word' id='word_1_331' title='bbox 218 3393 432 3483; x_wconf 90' lang='lat' dir='ltr'><strong>soipiendam</strong></span> <span class='ocrx_word' id='word_1_332' title='bbox 450 3405 647 3462; x_wconf 89' lang='lat' dir='ltr'><strong>consuetam</strong></span> <span class='ocrx_word' id='word_1_333' title='bbox 668 3393 1005 3482; x_wconf 81' lang='lat' dir='ltr'><strong>rerumpublicarum</strong></span> <span class='ocrx_word' id='word_1_334' title='bbox 1022 3391 1271 3475; x_wconf 84' lang='lat' dir='ltr'><strong>defensionem,</strong></span> <span class='ocrx_word' id='word_1_335' title='bbox 1289 3393 1378 3460; x_wconf 89' lang='lat' dir='ltr'><strong>hunc</strong></span> <span class='ocrx_word' id='word_1_336' title='bbox 1391 3399 1452 3485; x_wconf 69' lang='lat' dir='ltr'><strong>prot</strong></span> 
     </span>
     <span class='ocr_line' id='line_1_37' title="bbox 218 3481 1437 3569; baseline -0.008 -20"><span class='ocrx_word' id='word_1_337' title='bbox 218 3481 427 3569; x_wconf 85' lang='lat' dir='ltr'><strong>stigiatorem</strong></span> <span class='ocrx_word' id='word_1_338' title='bbox 445 3493 477 3550; x_wconf 89' lang='lat' dir='ltr'><strong>et</strong></span> <span class='ocrx_word' id='word_1_339' title='bbox 493 3481 786 3551; x_wconf 86' lang='lat' dir='ltr'><strong>incantationibus</strong></span> <span class='ocrx_word' id='word_1_340' title='bbox 805 3481 1050 3551; x_wconf 88' lang='lat' dir='ltr'><strong>miraculorum</strong></span> <span class='ocrx_word' id='word_1_341' title='bbox 1067 3481 1260 3551; x_wconf 80' lang='lat' dir='ltr'><strong>effectorem</strong></span> <span class='ocrx_word' id='word_1_342' title='bbox 1278 3485 1437 3550; x_wconf 83' lang='lat' dir='ltr'><strong>Custranu</strong></span> 
     </span>
     <span class='ocr_line' id='line_1_38' title="bbox 218 3569 1449 3661; baseline -0.003 -23"><span class='ocrx_word' id='word_1_343' title='bbox 218 3583 250 3639; x_wconf 88' lang='lat' dir='ltr'><strong>et</strong></span> <span class='ocrx_word' id='word_1_344' title='bbox 267 3571 470 3661; x_wconf 85' lang='lat' dir='ltr'><strong>Eugenium,</strong></span> <span class='ocrx_word' id='word_1_345' title='bbox 489 3591 590 3656; x_wconf 91' lang='lat' dir='ltr'><strong>quern</strong></span> <span class='ocrx_word' id='word_1_346' title='bbox 616 3591 726 3660; x_wconf 90' lang='lat' dir='ltr'><strong>nuper</strong></span> <span class='ocrx_word' id='word_1_347' title='bbox 745 3572 907 3660; x_wconf 90' lang='lat' dir='ltr'><strong>apparuit</strong></span> <span class='ocrx_word' id='word_1_348' title='bbox 925 3570 1014 3638; x_wconf 89' lang='lat' dir='ltr'><strong>idem</strong></span> <span class='ocrx_word' id='word_1_349' title='bbox 1041 3571 1132 3656; x_wconf 93' lang='lat' dir='ltr'><strong>quod</strong></span> <span class='ocrx_word' id='word_1_350' title='bbox 1162 3570 1235 3658; x_wconf 89' lang='lat' dir='ltr'><strong>ipse</strong></span> <span class='ocrx_word' id='word_1_351' title='bbox 1259 3569 1391 3646; x_wconf 90' lang='lat' dir='ltr'><strong>sentire,</strong></span> <span class='ocrx_word' id='word_1_352' title='bbox 1415 3571 1449 3628; x_wconf 92' lang='lat' dir='ltr'><strong>tot</strong></span> 
     </span>
     <span class='ocr_line' id='line_1_39' title="bbox 220 3655 1456 3748; baseline -0.004 -22"><span class='ocrx_word' id='word_1_353' title='bbox 220 3680 362 3748; x_wconf 84' lang='lat' dir='ltr'><strong>corpore</strong></span> <span class='ocrx_word' id='word_1_354' title='bbox 385 3658 474 3728; x_wconf 80' lang='lat' dir='ltr'><strong>ferro</strong></span> <span class='ocrx_word' id='word_1_355' title='bbox 490 3658 621 3727; x_wconf 90' lang='lat' dir='ltr'><strong>vinctos</strong></span> <span class='ocrx_word' id='word_1_356' title='bbox 642 3659 748 3744; x_wconf 87' lang='lat' dir='ltr'><strong>jubeo</strong></span> <span class='ocrx_word' id='word_1_357' title='bbox 764 3659 888 3746; x_wconf 90' lang='lat' dir='ltr'><strong>conjici</strong></span> <span class='ocrx_word' id='word_1_358' title='bbox 914 3658 948 3726; x_wconf 91' lang='lat' dir='ltr'><strong>in</strong></span> <span class='ocrx_word' id='word_1_359' title='bbox 965 3679 1135 3728; x_wconf 89' lang='lat' dir='ltr'><strong>carcerem</strong></span> <span class='ocrx_word' id='word_1_360' title='bbox 1154 3679 1232 3728; x_wconf 90' lang='lat' dir='ltr'><strong>cum</strong></span> <span class='ocrx_word' id='word_1_361' title='bbox 1251 3655 1398 3744; x_wconf 87' lang='lat' dir='ltr'><strong>reliquis,</strong></span> <span class='ocrx_word' id='word_1_362' title='bbox 1421 3665 1456 3732; x_wconf 78' lang='lat' dir='ltr'><strong>qt</strong></span> 
     </span>
     <span class='ocr_line' id='line_1_40' title="bbox 218 3746 1452 3827; baseline -0.003 -13"><span class='ocrx_word' id='word_1_363' title='bbox 218 3761 300 3817; x_wconf 87' lang='lat' dir='ltr'><strong>sunt</strong></span> <span class='ocrx_word' id='word_1_364' title='bbox 325 3747 409 3816; x_wconf 86' lang='lat' dir='ltr'><strong>milri</strong></span> <span class='ocrx_word' id='word_1_365' title='bbox 434 3746 592 3816; x_wconf 87' lang='lat' dir='ltr'><strong>servandi</strong></span> <span class='ocrx_word' id='word_1_366' title='bbox 616 3748 658 3816; x_wconf 93' lang='lat' dir='ltr'><strong>ad</strong></span> <span class='ocrx_word' id='word_1_367' title='bbox 690 3747 792 3816; x_wconf 90' lang='lat' dir='ltr'><strong>aliam</strong></span> <span class='ocrx_word' id='word_1_368' title='bbox 819 3747 1157 3816; x_wconf 84' lang='lat' dir='ltr'><strong>examinationem.»</strong></span> <span class='ocrx_word' id='word_1_369' title='bbox 1186 3751 1275 3816; x_wconf 87' lang='lat' dir='ltr'><strong>llaec</strong></span> <span class='ocrx_word' id='word_1_370' title='bbox 1304 3765 1379 3814; x_wconf 91' lang='lat' dir='ltr'><strong>cum</strong></span> <span class='ocrx_word' id='word_1_371' title='bbox 1404 3755 1452 3827; x_wconf 78' lang='lat' dir='ltr'><strong>ptt</strong></span> 
     </span>
     <span class='ocr_line' id='line_1_41' title="bbox 218 3835 1451 3922; baseline -0.008 -20"><span class='ocrx_word' id='word_1_372' title='bbox 218 3836 427 3916; x_wconf 90' lang='lat' dir='ltr'><strong>nunciasset,</strong></span> <span class='ocrx_word' id='word_1_373' title='bbox 446 3835 623 3906; x_wconf 88' lang='lat' dir='ltr'><strong>descendit</strong></span> <span class='ocrx_word' id='word_1_374' title='bbox 646 3835 864 3918; x_wconf 84' lang='lat' dir='ltr'><strong>etribunali.</strong></span> <span class='ocrx_word' id='word_1_375' title='bbox 893 3836 1007 3906; x_wconf 88' lang='lat' dir='ltr'><strong>Sancti</strong></span> <span class='ocrx_word' id='word_1_376' title='bbox 1032 3857 1110 3904; x_wconf 89' lang='lat' dir='ltr'><strong>vero</strong></span> <span class='ocrx_word' id='word_1_377' title='bbox 1135 3837 1350 3905; x_wconf 90' lang='lat' dir='ltr'><strong>ducebantur</strong></span> <span class='ocrx_word' id='word_1_378' title='bbox 1368 3841 1451 3922; x_wconf 71' lang='lat' dir='ltr'><strong>omne</strong></span> 
     </span>
     <span class='ocr_line' id='line_1_42' title="bbox 220 3923 1445 4015; baseline -0.011 -24"><span class='ocrx_word' id='word_1_379' title='bbox 220 3924 296 3994; x_wconf 92' lang='lat' dir='ltr'><strong>laeti</strong></span> <span class='ocrx_word' id='word_1_380' title='bbox 322 3937 354 3993; x_wconf 92' lang='lat' dir='ltr'><strong>et</strong></span> <span class='ocrx_word' id='word_1_381' title='bbox 376 3924 566 3994; x_wconf 87' lang='lat' dir='ltr'><strong>exultantes</strong></span> <span class='ocrx_word' id='word_1_382' title='bbox 597 3937 735 4015; x_wconf 88' lang='lat' dir='ltr'><strong>propter</strong></span> <span class='ocrx_word' id='word_1_383' title='bbox 765 3937 892 3994; x_wconf 90' lang='lat' dir='ltr'><strong>tantam</strong></span> <span class='ocrx_word' id='word_1_384' title='bbox 920 3923 1133 4002; x_wconf 69' lang='lat' dir='ltr'><strong>tolerantiam</strong></span> <span class='ocrx_word' id='word_1_385' title='bbox 1163 3924 1272 3993; x_wconf 90' lang='lat' dir='ltr'><strong>sancti</strong></span> <span class='ocrx_word' id='word_1_386' title='bbox 1302 3927 1445 3990; x_wconf 84' lang='lat' dir='ltr'><strong>Eustratn</strong></span> 
     </span>
     <span class='ocr_line' id='line_1_43' title="bbox 218 4006 1438 4102; baseline -0.01 -20"><span class='ocrx_word' id='word_1_387' title='bbox 218 4026 448 4099; x_wconf 87' lang='lat' dir='ltr'><strong>constansque</strong></span> <span class='ocrx_word' id='word_1_388' title='bbox 465 4013 711 4094; x_wconf 89' lang='lat' dir='ltr'><strong>testimonium,</strong></span> <span class='ocrx_word' id='word_1_389' title='bbox 728 4025 762 4082; x_wconf 90' lang='lat' dir='ltr'><strong>et</strong></span> <span class='ocrx_word' id='word_1_390' title='bbox 777 4026 915 4102; x_wconf 89' lang='lat' dir='ltr'><strong>propter</strong></span> <span class='ocrx_word' id='word_1_391' title='bbox 927 4012 1088 4092; x_wconf 90' lang='lat' dir='ltr'><strong>salutare,</strong></span> <span class='ocrx_word' id='word_1_392' title='bbox 1108 4011 1198 4099; x_wconf 93' lang='lat' dir='ltr'><strong>quod</strong></span> <span class='ocrx_word' id='word_1_393' title='bbox 1217 4013 1251 4080; x_wconf 95' lang='lat' dir='ltr'><strong>in</strong></span> <span class='ocrx_word' id='word_1_394' title='bbox 1269 4011 1343 4101; x_wconf 90' lang='lat' dir='ltr'><strong>ipso</strong></span> <span class='ocrx_word' id='word_1_395' title='bbox 1360 4006 1438 4100; x_wconf 84' lang='lat' dir='ltr'><strong>lactu</strong></span> 
     </span>
     <span class='ocr_line' id='line_1_44' title="bbox 217 4101 1452 4188; baseline -0.004 -20"><span class='ocrx_word' id='word_1_396' title='bbox 217 4113 279 4180; x_wconf 89' lang='lat' dir='ltr'><strong>est,</strong></span> <span class='ocrx_word' id='word_1_397' title='bbox 300 4101 506 4170; x_wconf 90' lang='lat' dir='ltr'><strong>miraculum</strong></span> <span class='ocrx_word' id='word_1_398' title='bbox 534 4102 669 4171; x_wconf 83' lang='lat' dir='ltr'><strong>Domini</strong></span> <span class='ocrx_word' id='word_1_399' title='bbox 697 4102 805 4172; x_wconf 91' lang='lat' dir='ltr'><strong>nostri</strong></span> <span class='ocrx_word' id='word_1_400' title='bbox 829 4101 909 4171; x_wconf 86' lang='lat' dir='ltr'><strong>lesu</strong></span> <span class='ocrx_word' id='word_1_401' title='bbox 934 4102 1069 4172; x_wconf 83' lang='lat' dir='ltr'><strong>Christi.</strong></span> <span class='ocrx_word' id='word_1_402' title='bbox 1097 4106 1277 4188; x_wconf 89' lang='lat' dir='ltr'><strong>Postquam</strong></span> <span class='ocrx_word' id='word_1_403' title='bbox 1296 4109 1404 4168; x_wconf 86' lang='lat' dir='ltr'><strong>autem</strong></span> <span class='ocrx_word' id='word_1_404' title='bbox 1427 4108 1452 4184; x_wconf 61' lang='lat' dir='ltr'><strong>tt}</strong></span> 
     </span>
     <span class='ocr_line' id='line_1_45' title="bbox 217 4189 1448 4280; baseline -0.006 -22"><span class='ocrx_word' id='word_1_405' title='bbox 217 4191 326 4278; x_wconf 88' lang='lat' dir='ltr'><strong>gressi</strong></span> <span class='ocrx_word' id='word_1_406' title='bbox 357 4202 439 4258; x_wconf 91' lang='lat' dir='ltr'><strong>sunt</strong></span> <span class='ocrx_word' id='word_1_407' title='bbox 465 4189 679 4272; x_wconf 89' lang='lat' dir='ltr'><strong>custodiam,</strong></span> <span class='ocrx_word' id='word_1_408' title='bbox 714 4189 908 4280; x_wconf 91' lang='lat' dir='ltr'><strong>psallebant</strong></span> <span class='ocrx_word' id='word_1_409' title='bbox 931 4211 1052 4260; x_wconf 89' lang='lat' dir='ltr'><strong>omnes</strong></span> <span class='ocrx_word' id='word_1_410' title='bbox 1077 4211 1148 4258; x_wconf 91' lang='lat' dir='ltr'><strong>una</strong></span> <span class='ocrx_word' id='word_1_411' title='bbox 1176 4211 1276 4258; x_wconf 83' lang='lat' dir='ltr'><strong>voce:</strong></span> <span class='ocrx_word' id='word_1_412' title='bbox 1302 4193 1381 4256; x_wconf 81' lang='lat' dir='ltr'><strong>Ecce</strong></span> <span class='ocrx_word' id='word_1_413' title='bbox 1401 4197 1448 4269; x_wconf 77' lang='lat' dir='ltr'><strong>qut</strong></span> 
     </span>
     <span class='ocr_line' id='line_1_46' title="bbox 218 4261 1457 4370; baseline -0.01 -26"><span class='ocrx_word' id='word_1_414' title='bbox 218 4299 323 4367; x_wconf 85' lang='lat' dir='ltr'><strong>aeque</strong></span> <span class='ocrx_word' id='word_1_415' title='bbox 331 4279 450 4346; x_wconf 84' lang='lat' dir='ltr'><strong>bonum</strong></span> <span class='ocrx_word' id='word_1_416' title='bbox 461 4287 492 4346; x_wconf 85' lang='lat' dir='ltr'><strong>et</strong></span> <span class='ocrx_word' id='word_1_417' title='bbox 498 4279 700 4368; x_wconf 83' lang='lat' dir='ltr'><strong>jucundum,</strong></span> <span class='ocrx_word' id='word_1_418' title='bbox 718 4289 819 4370; x_wconf 82' lang='lat' dir='ltr'><strong>atquc</strong></span> <span class='ocrx_word' id='word_1_419' title='bbox 836 4279 989 4348; x_wconf 82' lang='lat' dir='ltr'><strong>babitare</strong></span> <span class='ocrx_word' id='word_1_420' title='bbox 998 4281 1122 4368; x_wconf 74' lang='lat' dir='ltr'><strong>fratres</strong></span> <span class='ocrx_word' id='word_1_421' title='bbox 1134 4277 1299 4347; x_wconf 79' lang='lat' dir='ltr'><strong>inunum?</strong></span> <span class='ocrx_word' id='word_1_422' title='bbox 1309 4276 1375 4364; x_wconf 81' lang='lat' dir='ltr'><strong>(Pa.</strong></span> <span class='ocrx_word' id='word_1_423' title='bbox 1392 4261 1457 4348; x_wconf 72' lang='lat' dir='ltr'><strong>tut)</strong></span> 
     </span>
    </p>
   </div>
   <div class='ocr_carea' id='block_1_3' title="bbox 215 4359 1451 4458">
    <p class='ocr_par' dir='ltr' id='par_1_5' title="bbox 215 4359 1463 4462">
     <span class='ocr_line' id='line_1_47' title="bbox 215 4359 1451 4458; baseline -0.013 -26"><span class='ocrx_word' id='word_1_424' title='bbox 215 4377 250 4433; x_wconf 90' lang='lat' dir='ltr'><strong>et</strong></span> <span class='ocrx_word' id='word_1_425' title='bbox 280 4386 368 4452; x_wconf 91' lang='lat' dir='ltr'><strong>quae</strong></span> <span class='ocrx_word' id='word_1_426' title='bbox 400 4379 616 4452; x_wconf 75' lang='lat' dir='ltr'><strong>sequuntur,</strong></span> <span class='ocrx_word' id='word_1_427' title='bbox 649 4381 681 4437; x_wconf 93' lang='lat' dir='ltr'><strong>et</strong></span> <span class='ocrx_word' id='word_1_428' title='bbox 711 4380 892 4458; x_wconf 89' lang='lat' dir='ltr'><strong>postquam</strong></span> <span class='ocrx_word' id='word_1_429' title='bbox 927 4387 1044 4456; x_wconf 88' lang='lat' dir='ltr'><strong>preces</strong></span> <span class='ocrx_word' id='word_1_430' title='bbox 1077 4365 1300 4456; x_wconf 84' lang='lat' dir='ltr'><strong>implessent,</strong></span> <span class='ocrx_word' id='word_1_431' title='bbox 1328 4359 1451 4433; x_wconf 84' lang='lat' dir='ltr'><strong>sedente</strong></span> 
     </span>
    </p>
   </div>
   <div class='ocr_carea' id='block_1_4' title="bbox 0 0 1484 4824">
    <p class='ocr_par' dir='ltr' id='par_1_6' title="bbox 0 0 1484 4824">
     <span class='ocr_line' id='line_1_48' title="bbox 0 0 1484 4824; baseline 0 0"><span class='ocrx_word' id='word_1_432' title='bbox 0 0 1484 4824; x_wconf 95' lang='lat' dir='ltr'><strong> </strong></span> 
     </span>
    </p>
   </div>
  </div>
 </body>
</html>
