3046 4838
230 267 252 331 6
594 287 634 334 nc
657 287 685 336 s.
708 287 812 336 ammo
835 289 885 336 ar.
911 287 1041 338 novica.
1320 269 1407 337 DEC.
1436 272 1449 334 l

185 370 309 440 etenim
336 369 387 441 vir
405 381 556 454 sanctus,
575 393 615 441 ac
635 371 792 464 degente
812 397 874 445 sua
888 372 1027 458 electus,
1047 372 1290 462 vocabiturque
1305 395 1455 466 magnus

185 459 220 528 in
240 459 390 531 Ecclesia
407 460 531 530 Christi
548 462 750 533 sacerdos.»

228 551 247 636 ἓ
270 553 316 622 8.
343 550 453 640 Igitur
475 549 606 641 Eligius
630 551 780 623 nutritus
803 553 904 622 estin
930 551 998 622 lide
1021 566 1123 632 recta,
1142 565 1244 641 atque
1260 553 1456 623 imbutusa

184 640 384 729 parentibus
405 639 606 711 Christianis
627 641 790 732 religione
813 642 992 712 catholica.
1013 642 1140 712 Exinde
1160 643 1267 744 igitur
1286 643 1456 733 pueritiae

183 748 293 798 annos
316 729 498 811 excedens,
527 751 647 800 aevum
669 731 917 802 adolescentiae
942 753 1021 801 curn
1042 731 1212 803 industria
1236 734 1400 822 gerebat,
1425 743 1456 800 et

183 817 347 906 quicquid
373 820 486 910 operis
510 820 609 890 aetati
627 843 709 890 suae
728 843 918 913 congruum
945 821 1163 911 arripuisset,
1194 822 1280 893 mira
1303 821 1457 912 agilitate

183 907 393 996 perliciehat.
420 913 503 978 Cum
520 930 601 1000 ergo
618 910 745 981 videret
762 925 855 1001 pater
869 911 942 998 ejus
961 923 1091 980 tantum
1114 910 1373 1002 dliiingenium
1392 923 1457 980 tra-

184 995 272 1066 didit
294 1018 373 1068 cum
392 997 432 1066 ad
451 997 679 1069 imbuendum
698 1000 888 1070 honorabili
912 1001 993 1082 viro,
1012 1000 1143 1070 hbboni
1164 1000 1341 1080 vocabulo,
1361 999 1456 1069 labro

183 1087 318 1156 aurifici
334 1087 587 1177 probatissimo:
605 1089 664 1176 qui
681 1110 720 1159 eo
734 1102 885 1180 tempore
900 1089 933 1158 in
950 1089 1035 1159 urbe
1052 1089 1265 1159 Lemovicina
1277 1089 1455 1178 publicam

183 1174 312 1247 fiscalis
328 1190 480 1247 monetae
496 1176 667 1246 cilicinam
686 1179 836 1269 gerebat.
858 1185 882 1250 h
898 1201 966 1266 quo
982 1179 1017 1248 in
1036 1178 1126 1248 brevi
1146 1179 1250 1268 hujus
1266 1177 1374 1248 cilicii
1390 1199 1458 1248 usu

183 1264 384 1423 plenissime
400 1266 533 1348 doctus,
557 1268 667 1356 coepit
692 1271 779 1338 inter
803 1269 932 1339 vicinos
952 1280 984 1338 et
1008 1268 1219 1370 propinquos
1248 1267 1282 1337 in
1310 1267 1456 1338 Domino

196 1353 403 1426 audabilitcr
426 1356 599 1426 honorari.
623 1359 765 1429 Gerebat
783 1359 874 1426 enirn
901 1356 1155 1448 simplicitatem
1180 1357 1388 1439 columbae,
1415 1377 1457 1424 ne

182 1445 344 1531 cuiquam
367 1444 621 1516 machineretur
644 1446 751 1516 dolos.
780 1447 933 1516 Habebat
955 1460 987 1516 et
1011 1447 1178 1538 serpentis
1198 1447 1387 1528 astutiam,
1415 1465 1457 1514 ne

181 1532 327 1604 aliorum
347 1534 628 1625 supplantaretur
644 1535 792 1606 insidiis.
813 1537 1030 1628 ltignumque
1047 1535 1081 1605 in
1098 1536 1231 1605 cunctis
1252 1535 1386 1606 habens
1403 1535 1457 1602 iu·
1507 1567 1510 1575 ·

180 1623 334 1712 genium,
351 1635 384 1693 et
400 1623 498 1695 facile
514 1623 729 1711 loquebatur,
755 1638 788 1695 et
813 1647 908 1716 pure.
931 1625 1158 1696 Ecclesiarum
1180 1625 1282 1694 etiam
1307 1645 1456 1694 conven-

180 1711 295 1782 ticulis
312 1711 506 1800 frequenter
520 1714 692 1796 intererat,
710 1727 742 1785 et
757 1735 996 1802 quaecumque
1009 1715 1056 1785 ibi
1072 1737 1111 1784 ex
1124 1714 1250 1786 divinis
1267 1714 1456 1804 Scripturis

179 1801 422 1887 recitabantur,
442 1825 560 1872 aurem
579 1802 724 1874 libenter
747 1803 1024 1886 accommodans
1044 1803 1242 1874 avidissime
1257 1803 1452 1882 hauriebat,

178 1903 281 1978 atque
304 1893 351 1962 ita
371 1893 406 1962 in
421 1892 524 1962 corde
541 1915 603 1962 suo
621 1894 785 1964 memoria
812 1892 1026 1974 recondebat,
1045 1905 1083 1963 ut
1101 1894 1203 1962 etiarn
1227 1915 1305 1963 cum
1328 1893 1456 1962 absens

179 1993 279 2064 esset,
301 2003 340 2052 ea
360 2003 448 2069 quae
462 1981 641 2063 didicerat,
665 1983 885 2054 meditatione
902 1983 1130 2052 intentissima
1147 1982 1348 2052 ruminaret.

223 2071 242 2158 ξ
266 2075 308 2144 4.
335 2075 468 2142 Interea
485 2084 561 2161 post
576 2071 707 2159 aliquot
731 2094 840 2143 annos
864 2073 972 2142 extitit
994 2071 1163 2159 quaedam
1180 2092 1307 2152 causa,
1337 2070 1455 2140 divina

181 2159 313 2250 (credo)
336 2162 550 2250 gubernante
574 2161 798 2250 providentia,
824 2173 874 2243 ut,
898 2161 1014 2232 relicta
1039 2162 1148 2251 patria
1170 2173 1203 2231 et
1227 2160 1451 2251 parentibus,

61 2241 73 2266 '
181 2253 389 2320 Francorum
420 2250 529 2320 adiret
548 2249 685 2332 solum;
712 2252 772 2322 ubi
799 2251 917 2341 paucis
941 2250 1069 2342 degens
1096 2250 1243 2332 diebus,
1269 2249 1383 2320 factus
1405 2261 1455 2318 est

182 2351 283 2410 notus
300 2338 437 2408 cuidam
466 2339 568 2430 Regis
593 2340 816 2422 thesaurario,
841 2339 991 2410 Bobboni
1012 2339 1198 2420 vocabulo,
1219 2339 1290 2408 viro
1310 2339 1454 2410 honesto

179 2441 212 2498 et
230 2441 419 2498 mansueto.
439 2430 543 2518 Cujus
560 2451 595 2498 se
612 2430 801 2520 patrocinio
817 2429 1046 2511 committens,
1065 2431 1130 2500 sub
1149 2428 1226 2516 ejus
1241 2428 1373 2499 ditione
1397 2427 1454 2496 de-

180 2517 292 2608 gebat.
304 2523 445 2588 Strenue
457 2518 550 2586 enim
565 2518 607 2588 ad
619 2541 720 2588 omne
732 2541 820 2609 opus
832 2541 868 2588 se
878 2519 1027 2610 aptabat,
1040 2533 1072 2589 et
1084 2539 1214 2600 omnes,
1227 2539 1307 2590 cum
1321 2517 1453 2606 quibus

179 2606 328 2693 colloqui
346 2607 522 2695 potuisset,
541 2628 604 2678 suo
618 2629 734 2678 amore
749 2608 961 2678 annectebat.

222 2698 307 2784 §lh
335 2699 411 2766 Post
442 2695 581 2783 aliquod
614 2709 727 2766 eutem
760 2697 923 2788 temporis
948 2695 1189 2778 intervallum,
1223 2697 1378 2787 pervenit
1406 2692 1449 2764 ad

179 2785 334 2854 notitiam
360 2785 495 2855 Clotarii
513 2785 531 2820 ⁴*
547 2790 755 2856 Francorum
771 2789 884 2877 Regis,
906 2786 1105 2876 hujusmodi
1121 2807 1292 2856 excausa.
1311 2785 1453 2856 Volebat

177 2875 268 2944 enirn
288 2873 377 2944 idem
392 2879 461 2944 ilex
480 2873 598 2945 sellam
617 2874 749 2944 urbane
768 2897 852 2946 auro
869 2877 1084 2966 gemmisque
1098 2875 1284 2947 fabricare:
1303 2876 1361 2945 sed
1383 2895 1449 2943 non

178 2965 416 3034 inveniebatur
439 2964 473 3032 in
499 2964 575 3052 ejus
601 2964 746 3054 palatio,
777 2965 837 3053 qui
866 2964 1067 3056 hujusmodi
1091 2987 1196 3055 opus,
1224 2967 1312 3036 sicut
1337 2975 1451 3034 mente

176 3065 390 3143 conceperat,
407 3066 519 3144 posset
530 3075 632 3154 opere
650 3053 822 3144 perficere.
842 3059 923 3124 Cum
941 3055 1042 3126 sciret
1057 3077 1138 3146 ergo
1159 3054 1331 3145 praelatus
1347 3052 1450 3142 Regis

177 3143 412 3213 thesaurarius
430 3141 528 3234 Eligii
549 3141 769 3226 industriam,
785 3145 896 3234 coepit
909 3143 1085 3234 explorare
1097 3167 1189 3225 eum,
1206 3143 1233 3215 si
1249 3165 1317 3230 quo
1331 3143 1449 3240 minus

175 3254 263 3324 opus
286 3243 440 3322 optatum
468 3245 580 3322 posset
605 3232 779 3323 perficere.
807 3239 946 3304 Etcum
969 3233 1068 3304 facile
1092 3233 1125 3303 id
1151 3231 1240 3322 apud
1268 3255 1346 3302 eum
1373 3231 1448 3301 liert

175 3321 407 3402 intellexisset,
429 3321 607 3412 ingressus
621 3321 662 3391 ad
681 3322 886 3424 principem,
915 3321 1078 3392 indicavit
1101 3323 1131 3392 ei
1149 3323 1320 3392 invenisse
1340 3343 1377 3390 se
1392 3341 1448 3388 ar-

175 3411 300 3482 tificem
326 3411 551 3494 industrium,
575 3412 635 3499 qui
655 3411 860 3502 dispositum
880 3413 954 3480 sinc
969 3412 1188 3482 cunctamine
1205 3410 1447 3502 aggrederetur

173 3504 248 3589 ejus
270 3523 371 3590 opus.
398 3506 492 3570 Tunc
510 3505 579 3572 Rex
604 3514 716 3570 mente
732 3501 928 3591 gratissima
951 3500 1091 3570 tradidit
1114 3501 1145 3570 ei
1161 3502 1345 3592 copiosam
1370 3497 1445 3569 auri

173 3590 365 3680 impensam
383 3613 390 3658 :
407 3589 463 3660 sed
479 3602 511 3660 et
528 3593 601 3680 ipse
615 3589 844 3662 nihilominus
858 3590 998 3660 tradidit
1011 3590 1131 3680 Eligio.
1147 3591 1185 3660 ht
1198 3589 1255 3659 ille
1267 3603 1443 3680 acceptum

171 3701 259 3770 opus
279 3685 370 3749 cum'
386 3679 556 3750 celeritate
576 3680 761 3763 inchoavit,
788 3693 889 3767 atque
906 3701 986 3748 curn
1003 3679 1182 3769 diligentia
1198 3679 1351 3750 celeriter
1367 3697 1446 3749 con-

90 3853 94 3862 ,
146 3770 369 3838 ·summavit.
398 3769 549 3856 benique
565 3770 655 3855 quod
675 3769 718 3838 ad
734 3769 841 3840 unius
854 3769 983 3858 opilicii
1008 3781 1183 3859 acceperat
1198 3791 1315 3849 usum,
1344 3769 1389 3838 ita
1406 3786 1445 3834 ex

170 3878 210 3927 eo
229 3857 299 3926 duo
322 3859 527 3948 composuit,
556 3871 593 3927 ut
612 3858 815 3930 incredibile
837 3857 934 3938 soret,
960 3859 1075 3928 omnia
1095 3881 1133 3929 er
1151 3859 1269 3928 eodem
1296 3856 1445 3949 pondere

169 3946 245 4016 lieri
260 3949 424 4048 potuisse.
452 3953 535 4018 llam
560 3948 691 4036 absque
716 3948 789 4018 ulla
812 3947 944 4028 fraude,
973 3947 1021 4017 vel
1046 3947 1153 4020 unius
1177 3950 1277 4018 etiarn
1299 3947 1443 4034 siliquae

169 4037 424 4120 imminutione,
439 4037 663 4107 commissum
681 4037 747 4107 sihi
765 4037 896 4128 paravit
909 4058 1019 4127 opus:
1042 4059 1109 4107 non
1126 4050 1338 4108 caeterorum
1352 4036 1442 4105 irau-

168 4125 358 4196 dulentiam
382 4139 527 4208 sectans,
558 4148 626 4197 non
656 4125 827 4198 mordacis
852 4125 954 4196 limae
983 4126 1033 4196 fra
1061 4127 1154 4197 mina
1176 4126 1347 4217 culpans,
1374 4143 1440 4194 non

168 4213 233 4285 soci
258 4216 396 4286 edacem
411 4215 588 4286 llarnmam
606 4217 784 4287 incusans:
803 4216 861 4286 sed
878 4216 993 4287 omnia
1011 4151 1157 4286 fideliter
1177 4215 1367 4306 complens,
1380 4233 1441 4372 ge-

169 4306 299 4376 minam
319 4305 445 4376 meruit
469 4304 549 4375 felix
573 4306 897 4376 remunerationem.
917 4309 1011 4396 Opus
1030 4327 1111 4397 ergo
1129 4305 1316 4397 perlectum
1335 4305 1378 4374 de
1392 4310 1440 4370 ert

195 4434 207 4460 ¹
221 4433 298 4484 Halae
308 4433 410 4475 conluta
419 4433 449 4482 11,
458 4429 501 4484 qui
510 4433 539 4476 ab
549 4442 610 4476 anno
619 4435 658 4476 tot
667 4441 743 4484 usqua
752 4433 784 4476 ad
793 4443 881 4476 annum
891 4435 931 4475 ute
939 4443 1040 4485 regnam
1051 4430 1135 4476 tenuit.
