2994 4832
210 251 251 310 88
517 265 556 310 un
581 261 608 310 s.
635 263 761 311 annona
784 261 930 310 anonim.
956 261 1068 310 cotan.
1295 243 1384 306 DEc'.
1411 244 1429 307 l

165 351 369 438 temperare?
386 349 536 436 Denique
553 349 596 418 ab
610 348 733 418 exteris
745 349 847 418 etiam
863 359 896 417 et
915 346 1156 418 remotioribus
1173 342 1373 436 provinciis,
1389 347 1432 416 ob
1494 381 1495 384 ¹

165 437 272 508 solam
288 437 387 508 indul
414 439 525 506 entiae
539 450 572 506 et
587 437 764 508 doctrinae
775 437 850 527 ejus
863 436 1003 517 lamam,
1020 435 1164 538 plurimi
1176 435 1431 516 confluxerunt,

164 527 327 598 omnibus
350 459 484 598 deliciis
502 525 728 616 praeferentes
745 530 921 596 Annonem
944 525 1079 606 audire,
1100 524 1238 594 divitias
1253 524 1435 613 incompa-
1494 543 1495 548 ’

167 613 291 684 rabiles
315 617 546 696 aestimantes,
565 615 641 704 ejus
668 614 883 706 indulgentia
908 613 1064 696 relaxari,
1091 615 1165 704 ejus
1195 611 1435 683 benedictione

165 703 390 804 praemuniri.
408 709 582 773 Praeterea
598 704 734 794 pietatis
747 717 780 773 et
796 702 1052 775 misericordiae
1070 702 1234 794 operibus
1250 701 1349 772 nullo
1363 713 1436 770 erat

165 792 316 861 inferior.
343 797 425 861 Nam
452 792 621 882 agricolas
653 806 686 862 et
715 793 886 862 debitores
919 792 1141 873 reddituum,
1175 801 1435 861 antecessorum

165 902 307 950 suorum
334 881 508 951 nimietate
543 881 592 950 vel
630 882 867 970 superfluitate
897 893 1055 971 gravatos
1084 893 1118 950 et
1153 901 1260 968 prope
1286 879 1437 949 nudatos

165 968 373 1060 intelligens,
400 969 614 1040 exactoribus
646 985 685 1039 ut
709 981 887 1060 parcerent
904 969 1030 1058 jussit,
1057 968 1206 1058 singulis
1229 966 1282 1036 vel
1312 981 1436 1046 totum,

165 1058 215 1128 vel
230 1081 270 1130 ex
291 1069 396 1148 parte,
414 1071 516 1148 prout
535 1080 622 1149 opus
637 1070 720 1141 erat,
742 1060 928 1129 remittens.
946 1064 1152 1159 Pauperum,
1172 1057 1438 1158 peregrinorum

166 1161 198 1218 ct
214 1147 432 1216 infirmorum
458 1149 571 1237 prima
595 1146 655 1216 illa
677 1160 709 1217 et
725 1169 846 1238 perpes
858 1160 931 1218 erat
947 1145 1154 1226 sollicitudo,
1170 1146 1323 1215 imitanti
1340 1167 1436 1226 eum,

165 1238 226 1324 qui
250 1235 353 1305 dixit:
379 1241 487 1314 Estote
502 1237 741 1317 mesericordes,
761 1239 848 1306 sicut
863 1247 895 1306 et
919 1241 1018 1305 Pater
1035 1246 1143 1306 vester
1165 1236 1316 1304 coelestis
1339 1237 1440 1304 mr'sc·

165 1329 269 1394 rt'cors
284 1335 332 1394 est
347 1323 439 1414 (Luc.
457 1325 514 1414 u).
533 1325 757 1396 Illucescente
780 1326 871 1394 enim
895 1326 1006 1414 primo
1030 1323 1202 1414 surgentis
1226 1323 1295 1392 diei
1313 1343 1441 1411 crepu-

165 1414 283 1494 sculo,
313 1434 390 1483 ecce
414 1413 506 1484 velut
527 1435 669 1484 examen
694 1437 821 1504 apum,
849 1415 993 1484 turbae
1037 1433 1161 1483 uorum
1186 1412 1441 1498 undecumque

88 1503 91 1508 ’
166 1501 363 1584 convolans,
382 1501 457 1591 ejus
480 1503 633 1590 quotidie
658 1502 747 1572 fores
767 1503 912 1584 obsedit,
935 1525 974 1572 su
1015 1502 1139 1572 cientia
1162 1499 1328 1570 alimenta
1354 1499 1442 1570 hora
1495 1495 1496 1566 l

166 1603 292 1662 statuta
321 1590 449 1681 singuli
476 1592 681 1681 percepturi.
708 1597 800 1660 Inter
822 1613 910 1680 quos
939 1613 1058 1661 omnes
1090 1589 1275 1658 miserrimi
1304 1590 1442 1676 quique

167 1700 312 1750 numero
345 1680 466 1770 viginti
496 1693 645 1767 quatuor
680 1681 897 1769 perscrutati,
929 1701 1083 1751 seorsum
1119 1677 1438 1769 congregabantur.

166 1773 248 1838 Ante
262 1790 409 1856 quorum
429 1766 532 1857 pedes
547 1767 742 1839 humillime
755 1769 984 1858 procumbens
996 1767 1145 1858 pontifex
1156 1789 1331 1848 summus,
1346 1781 1442 1856 post·

166 1877 269 1944 quam
299 1857 380 1926 lavit
402 1879 442 1926 ac
466 1857 578 1938 tersit,
611 1857 769 1928 osculum
794 1879 931 1946 quoque
958 1856 1072 1926 cordis
1095 1869 1128 1926 et
1151 1857 1220 1926 oris
1243 1855 1440 1945 impressit,

166 1967 316 2016 necnon
343 1945 503 2016 manibus
527 1968 652 2032 aquam
678 1945 816 2016 infudit.
839 1950 1083 2016 consummato
1107 1944 1296 2014 ministerio
1319 1945 1444 2014 bumi-

168 2034 283 2114 litatis,
303 2055 420 2104 versus
436 2034 545 2104 estad
563 2055 650 2122 opus
669 2035 859 2115 charitatis,
877 2055 956 2104 cum
981 2035 1058 2105 cibo
1081 2047 1114 2104 et
1138 2046 1221 2123 potu
1244 2033 1444 2120 unicuique

168 2145 351 2192 nummum
375 2126 565 2214 porrigens.
583 2129 659 2192 lam
678 2145 757 2193 varo
780 2125 982 2192 imminente
997 2123 1081 2193 hora
1097 2133 1130 2192 et
1146 2121 1362 2202 necessitate,
1381 2124 1444 2192 ubi

166 2226 198 2282 et
223 2213 295 2302 ipse
319 2212 473 2282 consedit
496 2211 539 2280 ad
562 2233 739 2293 mensam,
768 2233 860 2281 inore
889 2210 1009 2292 solito,
1036 2222 1203 2298 quotquot
1226 2231 1444 2311 supervene-

168 2313 254 2380 rant,
274 2301 581 2370 introducebantur
604 2315 682 2370 ante
698 2321 777 2371 eum
794 2299 834 2369 ad
853 2300 1126 2370 convescendum
1146 2299 1330 2390 peregrini.
1349 2305 1443 2370 Tum

167 2411 206 2458 ax
227 2389 386 2480 singulis,
405 2411 493 2476 quae
510 2411 647 2460 mensae
670 2401 768 2459 erant
793 2389 965 2478 imposita,
985 2401 1115 2479 partem
1138 2410 1243 2478 prope
1262 2387 1445 2458 decimam

166 2477 344 2566 colligam,
364 2499 423 2565 pro
444 2477 638 2547 reficiendis
655 2477 719 2548 hac
736 2489 768 2546 et
784 2477 862 2547 illac
888 2499 948 2636 Ean
962 2478 1082 2547 urbem
1101 2477 1248 2568 aegrotis
1265 2477 1300 2544 in
1319 2475 1444 2547 locum

166 2588 275 2635 unum
301 2566 482 2654 separavit.
504 2571 676 2638 Postremo
702 2589 821 2636 mensa
844 2589 885 2637 su
913 2579 1025 2646 mota,
1055 2567 1201 2636 surrexit
1227 2585 1304 2634 vere
1341 2581 1446 2652 pater

166 2655 415 2744 orphanorum,
435 2675 511 2724 vere
530 2655 636 2743 judex
663 2656 868 2736 viduarum,
894 2667 926 2724 et
950 2669 1125 2742 tamquam
1157 2654 1305 2724 diceret:
1327 2657 1446 2725 Sinite

164 2747 325 2833 parvulos
338 2746 450 2812 oent'rc
459 2745 504 2812 od
513 2766 579 2812 ane:
594 2746 716 2812 lolium
727 2756 774 2813 cst
785 2747 872 2814 attint
881 2767 1024 2834 reptatam
1035 2743 1342 2833 coelorum(.lfottb.
1352 2747 1443 2832 xus),

104 2866 109 2878 ·
166 2831 343 2900 acclinans
367 2854 425 2908 se,
454 2853 560 2922 manu
585 2833 723 2988 propria
747 2833 874 2902 cibavit
901 2832 1073 2933 pupillos,
1105 2832 1219 2902 refecit
1245 2831 1444 2920 orphanos

166 2920 252 2988 aluit
276 2918 365 2989 filios
391 2942 595 3011 pauperum,
610 2919 652 2990 de
670 2921 869 2991 icatioribus
891 2943 980 2991 escis
1003 2943 1043 3014 ex
1064 2943 1183 2990 mensa
1200 2942 1259 3010 per
1279 2922 1446 3010 seipsum

167 3010 201 3076 in
227 3009 291 3077 hoc
317 3009 513 3078 reservatis:
536 3024 708 3099 praeterea
727 3010 896 3080 matribus
911 3031 1044 3091 eorum,
1060 3009 1266 3079 familiarius
1282 3031 1369 3080 suas
1390 3011 1446 3080 illi

167 3097 324 3168 miserias
346 3099 658 3185 conquerentibus,
686 3100 878 3168 necessaria
913 3098 1179 3169 misericorditer
1212 3097 1444 3187 impendens

165 3189 247 3256 Cum
272 3186 364 3254 enirn
389 3201 477 3258 esset
507 3209 589 3276 erga
612 3201 755 3258 cunctos
779 3189 899 3276 inopes
931 3187 1126 3258 misericors
1149 3198 1181 3256 et
1204 3186 1445 3277 compatiens,

164 3297 246 3365 erga
277 3275 506 3365 pauperculas
532 3289 643 3346 tamen
675 3289 850 3346 eteorum
881 3275 1070 3348 infantulos
1107 3275 1248 3366 speciali
1283 3276 1448 3362 quadarn

165 3365 383 3434 miseratione
416 3365 619 3436 ducebatur.
647 3365 744 3448 Quod
780 3365 981 3453 hujusmodi
1011 3365 1178 3434 foeminae
1201 3364 1449 3454 experimento

162 3467 417 3544 cognoscentes,
435 3453 609 3544 explorato
625 3475 874 3541 nonnunquam
892 3467 1056 3544 tempore,
1073 3453 1108 3522 in
1125 3452 1246 3544 plateis
1270 3475 1346 3522 sese
1361 3475 1451 3544 gre-

160 3543 266 3632 gatim
291 3542 502 3624 obtulerunt,
531 3542 691 3632 parvulos
708 3543 739 3612 ei
764 3565 846 3614 suos
870 3563 949 3612 cum
970 3543 1122 3612 elamore
1144 3542 1322 3642 supplices
1349 3545 1450 3634 obji-

160 3631 300 3701 cientes.
327 3631 505 3702 Interdum
530 3631 713 3712 transiens,
740 3644 771 3700 et
797 3653 877 3722 prae
906 3631 1110 3702 lassitudine
1135 3630 1291 3700 diutinae
1313 3651 1450 3722 exspe-

160 3721 319 3790 ctationis
335 3721 370 3788 in
387 3741 545 3810 soporem
567 3741 682 3790 versos
697 3720 916 3810 conspiciens
939 3719 1111 3808 ejusmodi
1137 3719 1300 3810 puerulos
1315 3741 1450 3791 exesos

161 3819 192 3875 et
223 3808 444 3891 seminudos,
472 3809 622 3897 aliquem
648 3831 780 3890 eorum,
807 3831 910 3896 quem
940 3829 1003 3878 nec
1034 3808 1181 3900 dignum
1210 3807 1322 3878 oculis
1356 3813 1450 3896 quis

161 3895 397 3978 arbitraretur,
431 3897 486 3987 pie
515 3919 551 3968 se
583 3896 764 3979 adhibens,
799 3909 955 3967 materna
979 3897 1052 3966 vice
1082 3897 1274 3968 exosculari
1308 3900 1445 3986 coepit.

162 3984 336 4064 Quaedam
355 3986 458 4055 etiam
485 4007 546 4076 pro
575 3987 644 4056 rios
669 4009 736 4056 non
767 3986 943 4067 habentes,
963 3986 1095 4056 alienos
1118 3985 1308 4057 infantulos
1331 4007 1448 4075 expe-

163 4073 300 4154 tierunt,
320 4073 517 4173 ,indubium
550 4007 727 4156 babentes,
755 4079 930 4145 Annonem
963 4097 1045 4164 erga
1077 4075 1171 4165 ipsas
1196 4075 1449 4148 misericordia

163 4172 293 4230 motum
317 4162 372 4242 iri,
395 4163 425 4232 si
454 4163 581 4234 talibus
608 4177 752 4234 onustae
775 4163 973 4246 sarcinulis,
999 4163 1076 4250 ejus
1106 4164 1307 4254 conspectui
1329 4185 1448 4253 prae-

162 4261 390 4318 sentarentur.
420 4255 514 4320 Inter
547 4252 630 4320 haec
658 4251 811 4322 solennis
834 4253 866 4320 ei
891 4273 966 4322 mos
990 4265 1087 4332 erat,
1120 4265 1270 4322 vertente
1297 4273 1449 4352 semper

162 4357 264 4416 anno,
291 4358 309 4404 a
331 4337 447 4426 vigilia
466 4339 589 4408 natalis
616 4340 886 4427 Doiniuiusque
909 4340 951 4410 ad
985 4341 1133 4412 intactae
1156 4341 1338 4411 Genitricis
1358 4362 1448 4429 ejus
