2954 4816
253 301 318 367 tot
546 319 585 364 ur
607 317 793 366 aarrvrrnrs
817 317 1012 366 sauraroars
1035 318 1147 366 aosrar
1323 301 1398 366 ont.
1418 303 1450 365 ll

208 415 241 476 et
261 405 393 485 vinum,
409 403 451 472 ad
479 401 698 493 purgandum
716 414 749 473 et
766 402 996 494 mitigandum
1014 401 1166 474 vulneris
1185 403 1451 495 magnitudinem?

211 493 274 565 Sed
304 492 452 562 multum
477 490 556 572 olei,
584 513 705 580 parum
737 491 828 561 viui:
857 491 1004 562 multum
1034 493 1303 574 misericordiae,
1325 493 1451 582 justitiae

210 604 347 674 parum.
377 579 434 650 Sic
459 581 520 666 qui
549 601 590 669 pe
617 579 759 650 decebat
783 581 1020 664 miserantem,
1047 581 1098 651 sic
1122 582 1249 652 misero
1267 581 1449 673 expediebat.

205 677 278 742 Non
294 673 396 740 intres
412 671 447 738 r'n
463 671 508 759 jn
541 671 637 738 'cinna
651 691 727 738 cnm
738 691 833 740 seruo
848 679 916 751 lno,
930 672 1068 740 Domine
1085 669 1149 759 (ait
1160 671 1305 761 justus),
1320 673 1450 763 gelanor

201 759 446 853 justificabitur
469 760 505 826 in
520 768 694 850 conspectu
710 769 766 830 tno
782 760 889 828 omnis
903 759 1036 828 cicens:
1053 760 1113 829 sed
1127 783 1249 830 corone
1263 783 1316 830 nte
1332 761 1364 829 t‘n
1378 760 1450 828 nne·

208 848 356 920 ricorde'n
381 856 412 916 et
435 847 717 916 miserationibus.
750 848 894 916 Veniens
917 849 1046 939 quippe
1070 847 1196 930 hodie,
1223 849 1373 937 quinque
1393 869 1450 914 rasa

208 937 323 1008 attulit
340 935 418 1016 olei,
442 935 598 1006 nonnisi
621 933 691 1005 duo
715 935 798 1004 riui.
824 937 973 1026 Spiritus
996 937 1088 1006 euim
1113 957 1151 1006 sa
1180 938 1306 1007 ieutiae
1329 950 1360 1007 et
1375 933 1449 1004 iutel-

209 1026 330 1106 leotus,
363 1024 511 1104 consilii,
541 1023 705 1094 scientiae
731 1037 764 1094 et
789 1024 936 1115 pietatis,
964 1045 1078 1094 nonne
1107 961 1330 1096 duicedinenr
1354 1039 1448 1097 sonat.

211 1113 481 1184 misericordiam
498 1111 638 1202 fragrat,
661 1125 793 1183 eructat
807 1113 1056 1184 abundantiam
1078 1115 1287 1186 suavitatis?
1306 1112 1450 1185 Fortitudo

210 1217 243 1274 et
259 1205 361 1272 timor
375 1203 493 1272 vinum
518 1213 611 1271 sunt.
645 1201 709 1272 Sed
738 1201 802 1271 hoc
822 1204 900 1272 vino
918 1215 1054 1292 potatus
1077 1215 1128 1273 est
1158 1216 1280 1294 potens
1305 1204 1371 1284 ille,
1393 1223 1450 1270 cun

211 1292 365 1363 Christus
388 1291 423 1363 iu
444 1292 567 1382 spiritu
592 1289 804 1361 fortitudinis
818 1290 994 1362 descendit
1013 1291 1056 1361 ad
1073 1291 1214 1375 interos,
1234 1315 1303 1364 non
1325 1291 1449 1361 timidus.

210 1382 270 1452 sed
297 1378 482 1450 timendus.

257 1472 336 1558 §⁷-
364 1469 548 1539 Videamus
571 1488 687 1549 nunc,
713 1489 820 1555 quare
844 1469 917 1538 oleo
940 1481 1160 1559 comparetur
1192 1469 1323 1540 oleum.
1355 1471 1386 1538 si
1414 1487 1451 1534 ns

210 1559 334 1630 melius
358 1579 425 1627 non
450 1555 594 1637 habetis
622 1555 723 1639 lucet,
744 1558 852 1646 pascit
871 1569 903 1626 et
926 1558 1036 1647 ungit.
1056 1558 1149 1628 Idem
1174 1557 1259 1628 lacit
1279 1559 1397 1629 Christi
1414 1577 1452 1624 ao

210 1667 300 1728 men,
326 1658 359 1716 et
383 1667 444 1736 per
466 1645 583 1715 omnia
607 1656 772 1716 consonat
795 1648 1054 1748 comparationi.
1090 1651 1193 1717 Lucet
1221 1649 1451 1738 praedicaturo.

209 1737 320 1826 pascit
336 1735 572 1824 recogitatum,
600 1733 793 1804 invocatum
820 1735 903 1804 lenrt
925 1747 959 1804 et
984 1736 1095 1827 ungit.
1122 1735 1204 1806 Vide
1227 1736 1369 1824 quaudo
1385 1753 1451 1824 prae·

209 1823 302 1896 clara
320 1824 507 1894 luminaria
525 1823 642 1892 lumen
661 1823 811 1892 nominis
835 1822 942 1912 huJus
962 1845 1066 1915 super
1089 1823 1309 1912 eloquentiae
1324 1822 1451 1896 caudela-

210 1917 311 1985 brum
334 1924 565 2004 portaverunt,
581 1910 610 1981 si
627 1932 694 1982 non
714 1911 896 1982 eluxerunt
911 1914 1166 1984 coruscationes
1182 1915 1244 1983 Dei
1264 1914 1340 1985 orbi
1361 1929 1449 1984 terrae.

210 2004 239 2076 si
264 2024 332 2072 non
357 2003 392 2071 in
418 2024 434 2071 s
461 2000 600 2070 leudore
627 1998 776 2090 fulguris
806 2012 976 2071 commota
1004 2015 1054 2072 est
1080 2017 1113 2072 ει
1138 2005 1351 2074 contremuit
1377 2016 1449 2072 terra.

208 2093 403 2163 innomine
429 2023 510 2160 icen
540 2089 674 2170 Christi,
697 2111 798 2180 surge
827 2101 858 2159 ct
882 2091 1020 2160 amenta
1042 2092 1128 2181 (Act.
1156 2090 1220 2180 111),
1249 2092 1336 2163 dicit
1358 2088 1450 2186 clauda

209 2181 370 2272 princeps
387 2177 637 2268 Apostolorum.
664 2182 781 2248 Nonne
806 2179 905 2266 quasi
936 2178 1051 2270 fulgor
1073 2179 1202 2249 exilivit
1227 2183 1273 2251 ab
1298 2203 1355 2252 ore
1378 2185 1449 2252 Petro

209 2291 288 2340 cum
307 2268 522 2338 nominatum
539 2278 591 2336 est
603 2287 741 2348 nomen,
760 2266 850 2355 quod
865 2288 903 2339 os
916 2269 1052 2338 Domini
1068 2269 1446 2342 nominavitlEtstolin

208 2359 332 2445 iuquit,
352 2356 577 2426 consolidatae
599 2365 677 2424 snat
695 2356 789 2426 boses
812 2357 884 2446 ejas
910 2367 942 2425 et
996 2361 1121 2427 lentae.
1153 2357 1368 2430 Vocabulum
1392 2363 1449 2448 lesu

207 2447 311 2538 (sicut
327 2445 483 2534 Origenis
508 2445 627 2534 lingua
644 2443 792 2513 nobilior
807 2379 1099 2536 diffinivitidulce
1113 2457 1145 2516 et
1160 2445 1366 2536 gloriosum,
1383 2463 1450 2514 onan

207 2535 363 2614 adoratu,
393 2532 557 2624 cultuque
583 2532 616 2602 di
645 2533 842 2614 pissimum,
872 2533 964 2620 quod
998 2555 1065 2603 non
1116 2535 1188 2605 rius
1213 2537 1259 2606 ab
1282 2535 1451 2607 hominibus

207 2625 323 2695 decuit
338 2621 450 2693 efferri
471 2622 504 2690 in
524 2555 708 2722 muntium,
729 2622 786 2692 sed
808 2643 827 2692 a
850 2621 1001 2710 quadam
1026 2557 1235 2706 subiimiori,
1264 2621 1450 2696 excellentie·

208 2715 306 2800 rique
320 2725 453 2782 natura.
469 2714 595 2780 Omnes
606 2732 736 2801 quippe
749 2709 935 2800 Prophetae
946 2733 1070 2782 nornen
1083 2711 1174 2783 istud
1190 2726 1253 2783 aut
1268 2715 1448 2784 nescierunt.

206 2815 266 2873 aut
290 2802 427 2892 penitus
451 2812 641 2880 tacuerunt,
663 2812 696 2870 ct
715 2813 883 2870 reservata
900 2811 950 2870 est
974 2801 1228 2891 praerogativae
1252 2804 1400 2904 dignitas
1413 2805 1451 2866 lr-

206 2889 373 2980 changeio
397 2888 558 2970 Gabrieli,
584 2889 643 2976 qui
669 2902 787 2959 sancto
810 2909 868 2958 ore
891 2889 1130 2960 sanctissimae
1149 2889 1284 2980 Virgini
1304 2890 1384 2960 rllud
1401 2885 1450 2984 pri·

208 3001 303 3048 mum
329 2978 462 3048 evolvit.
487 2981 604 3048 Nonne
633 2977 740 3047 isaias
764 2979 982 3048 inexcessus
1009 2978 1134 3049 mentis
1157 2991 1334 3069 raptatus,
1363 2976 1449 3069 verbu

206 3066 483 3158 archangelicis,
508 3065 638 3138 eisdem
670 3087 756 3156 pene
784 3065 927 3156 syllabis
951 3066 1120 3139 consentit
1150 3089 1262 3155 usque
1294 3069 1338 3138 ad
1365 3075 1449 3137 sanct

205 3155 357 3227 nominis
376 3155 587 3226 novitatem?

249 3247 267 3335 ἕ
290 3248 330 3317 8.
357 3245 468 3314 Pascit
488 3265 615 3325 revera,
639 3263 701 3313 nec
720 3257 771 3314 est
794 3242 924 3315 lelioior
941 3243 1051 3334 pastio
1067 3244 1100 3314 iu
1127 3244 1200 3314 loco
1226 3267 1385 3336 pascuae,
1408 3237 1450 3310 uhi

205 3355 268 3403 nos
283 3335 448 3404 Dominus
460 3331 649 3402 collocavit.
668 3332 756 3415 Quid
773 3355 880 3423 aeque
894 3346 1040 3404 mentem
1056 3333 1239 3424 cogitantis
1258 3329 1450 3425 impinguat?

204 3428 332 3494 Nomen
348 3429 432 3494 lesu
457 3421 522 3491 mel
548 3422 582 3490 in
607 3443 676 3502 ore,
700 3423 835 3492 inaure
855 3422 973 3504 melon,
1000 3421 1034 3490 in
1060 3422 1162 3492 corde
1176 3423 1327 3512 jubilus.
1355 3425 1449 3492 durus

203 3513 303 3584 cibus
316 3513 378 3600 qui
395 3529 461 3580 nou
474 3510 635 3580 conditur
647 3510 711 3580 hoc
727 3511 797 3580 sale
814 3511 1002 3582 infatuatus
1017 3521 1079 3582 est.
1098 3511 1288 3603 Scriptura,
1304 3533 1387 3601 quae
1400 3525 1448 3576 noo

204 3599 307 3672 luerit
325 3601 476 3672 interlita
491 3599 565 3668 oleo
582 3611 694 3670 tautae
709 3599 910 3681 devotionis,
925 3611 985 3670 aut
1004 3599 1155 3691 insipida
1177 3613 1240 3683 est,
1258 3615 1319 3672 aut
1341 3615 1448 3670 arnan.

203 3690 290 3768 Dlim
311 3692 397 3761 mihi
414 3688 547 3760 Tullius
571 3687 801 3771 dulcescebat,
821 3688 1088 3760 blandiebantur
1103 3689 1259 3760 carmina
1279 3694 1445 3781 poetarum.

204 3778 401 3870 philosophi
416 3779 529 3849 verbis
545 3779 659 3848 aureis
675 3777 952 3869 insplendebant,
965 3791 997 3848 et
1009 3779 1140 3849 sirenes
1155 3781 1314 3866 usquein
1328 3775 1446 3848 exitium

203 3868 334 3950 dulces,
363 3889 476 3938 meum
504 3869 760 3938 incantaverant
783 3867 1007 3938 intellectum.
1033 3872 1108 3948 Lex,
1134 3868 1333 3958 Prophetae,
1361 3869 1448 3934 Evau-

201 3957 345 4050 gelium,
370 3957 549 4048 Epistolae‚
573 3970 605 4028 ct
632 3958 746 4026 omnis
798 3957 882 4026 loria
906 3957 1153 4027 sententiarum
1177 3956 1313 4027 Domini
1333 3953 1403 4029 mei,
1423 3957 1447 4045 ιι

202 4069 377 4118 servorum
396 4045 483 4134 ejus,
498 4060 558 4116 aut
574 4067 679 4137 parva
699 3979 913 4127 videbantur,
932 4063 991 4119 aut
1005 4045 1239 4116 nulladescio
1257 4044 1365 4124 modo,
1379 4032 1444 4126 quid

202 4136 341 4206 dulcius
365 4137 611 4206 immurmurat
634 4134 728 4205 filius
752 4141 883 4216 Jessae,
910 4135 970 4222 qui
994 4135 1087 4204 vario
1111 4155 1308 4205 sermonum
1332 4143 1362 4200 et
1382 4145 1445 4228 scn-

203 4227 387 4294 tertiarum
406 4237 574 4294 concentu
593 4245 713 4294 omnes
730 4224 818 4304 illos,
840 4245 926 4312 quos
950 4223 1093 4316 diligere
1116 4242 1365 4300 consueveram,
1386 4232 1444 4284 roe-

202 4309 379 4398 loquentes
404 4313 515 4383 reddit
538 4326 570 4383 et
594 4325 720 4384 mutos.

182 4461 185 4468 a
246 4403 335 4486 ξι).
362 4404 457 4472 Lenit
486 4415 518 4472 et
548 4404 670 4492 ungit,
704 4405 787 4490 quia
821 4401 908 4472 nihil
933 4403 982 4474 sic
1007 4415 1136 4472 recreat
1167 4403 1202 4471 in
1234 4395 1439 4472 tribulatione.
