2932 4812
244 311 308 376 572
518 328 557 374 iiii
581 328 609 374 s.
635 327 742 374 innui
766 325 912 374 iacuiir.
938 325 1150 373 ciuruiiiiiiii.
1312 304 1386 369 biit.
1407 303 1436 366 ii

199 413 364 491 admissa,
381 433 461 482 cuin
478 423 567 482 esset
582 409 737 512 lingliam
757 411 993 511 ingressurus,
1009 432 1029 479 a
1044 407 1254 498 quibusdam
1271 407 1434 498 Episcopis:

198 516 231 572 et
255 503 323 572 nisi
347 502 500 572 decanus
520 499 777 570 Sarisbiriensis
801 497 1047 590 impedivisset,
1067 497 1236 586 quosdam
1263 497 1330 565 irini
1352 495 1403 584 ipsi
1412 505 1437 562 et

200 591 303 662 sociis
326 590 460 660 adferre
483 589 644 660 voluisse.
671 586 841 678 Populum
867 601 981 658 autem
1016 587 1099 658 dicit
1131 587 1242 677 ipsius
1266 585 1372 655 reditu
1388 585 1438 652 lae

199 693 307 750 tatum
330 678 449 759 luisse,
476 699 581 768 seque
604 678 639 747 in
666 699 729 748 sua
752 677 902 747 Ecclesia
927 698 946 746 a
970 676 1061 747 clero
1085 689 1117 746 et
1143 675 1272 767 populo
1296 695 1368 743 cuin
1389 694 1438 738 ini-

199 791 268 858 gna
291 767 469 838 devotione
493 779 687 857 exceptum.

244 861 262 944 ξ
286 861 358 928 Μ.
386 861 424 926 Et
448 856 531 926 haec
554 855 695 942 quidem
727 855 904 942 multaque
927 855 996 924 alia
1020 854 1063 923 iis
1088 853 1210 924 litteris
1236 853 1437 923 continentur.

199 946 368 1034 equibus
392 947 476 1016 satis
499 956 655 1025 constat,
684 964 750 1012 non
776 943 851 1014 siric
875 942 1028 1034 periculo
1052 963 1131 1012 eum
1157 943 1192 1012 in
1218 939 1340 1032 anglia
1361 960 1438 1009 resai-

200 1037 281 1104 tisse
305 1035 451 1124 septimo
474 1055 566 1102 anno
589 1032 700 1103 exsilii
720 1032 775 1101 sui
793 1032 823 1100 *.
850 1037 888 1102 lit
913 1031 970 1102 ille
989 1053 1072 1102 sane
1096 1044 1191 1101 tanto
1214 1029 1394 1100 ferventius
1409 1025 1436 1092 id

199 1123 350 1194 suturam
376 1122 581 1214 properabat
605 1121 721 1202 vitain,
747 1133 877 1208 quanto
891 1121 1019 1192 certius
1042 1119 1213 1210 cognorit,
1237 1119 1327 1188 nibil
1347 1120 1378 1188 in
1397 1115 1438 1182 lar

200 1212 371 1303 praesenti
406 1225 538 1301 praeter
572 1211 774 1281 tentationes
802 1222 834 1279 et
910 1209 1018 1280 ricula
1051 1209 1117 1280 sibi
1142 1229 1337 1298 superesse.
1366 1213 1440 1288 ltqii

199 1301 334 1370 etiamsi
359 1299 513 1372 fortassis
538 1321 601 1391 pax
626 1299 809 1380 arrisisset,
829 1319 848 1368 a
874 1319 913 1369 eo
930 1311 1042 1369 tamen
1064 1319 1167 1399 grave
1176 1297 1383 1388 jampridem
1397 1291 1439 1360 sili

200 1391 267 1480 ipsi
288 1389 419 1459 belluni
444 1389 624 1469 indixerat,
651 1401 690 1458 ut
717 1389 806 1456 inter
822 1387 945 1456 mundi
973 1386 1115 1458 delicias
1137 1388 1262 1476 posito,
1291 1382 1441 1476 asperioris

200 1478 307 1548 eremi
333 1478 500 1560 molestia,
528 1477 577 1546 vel
601 1478 714 1566 potius
739 1475 942 1566 martyrium
970 1498 1036 1545 non
1059 1476 1203 1546 deesset.
1231 1475 1338 1545 Valde
1359 1486 1463 1542 anicii¹

199 1569 230 1637 ei
251 1568 285 1637 iii
313 1567 465 1654 quadam
493 1567 536 1636 ad
563 1565 666 1656 Regis
693 1563 804 1634 silium
838 1577 997 1653 suscepta
1022 1564 1191 1656 legatione
1215 1565 1379 1635 molestus
1400 1558 1463 1626 liiii

200 1677 285 1726 suus
312 1655 594 1734 archidiaconus,
620 1653 678 1723 oui
704 1674 788 1810 prae
818 1653 960 1723 caeteris
984 1653 1090 1724 fidere
1113 1652 1304 1724 debuisset.
1330 1648 1463 1735 Quidaut

199 1746 301 1814 etiam
331 1745 465 1814 inimici
485 1744 639 1834 justitiae
662 1763 701 1812 oa
717 1741 967 1812 umniabantur
993 1763 1072 1812 euin
1099 1741 1237 1812 leonina
1266 1741 1389 1811 scritate
1408 1755 1438 1801 ia

200 1855 336 1905 versum
362 1834 397 1903 iii
423 1853 581 1923 regnum,
604 1843 642 1901 ut
665 1830 767 1921 Regis
793 1831 1006 1920 propositum
1031 1844 1064 1901 et
1083 1831 1241 1901 instituta
1261 1829 1434 1901 dissolierii.

199 1945 279 1994 oum
301 1943 340 1992 aii
365 1923 435 1992 fine
454 1923 537 1994 satis
562 1920 722 2022 patuerit,
752 1919 880 2009 agnina
908 1919 1046 1990 lenitate
1070 1919 1283 2009 praeditum,
1309 1919 1436 1990 cerviam

199 2013 364 2102 objecisse
381 2031 587 2102 percussori.
609 2013 648 2079 ii
671 2009 722 2077 vir
747 2009 992 2099 magnanimus
1009 2007 1052 2078 ad
1069 2007 1227 2079 futurum
1245 2022 1405 2079 certarnen

199 2121 432 2259 praeparans,
459 2100 609 2170 instabat
629 2096 799 2178 orationi,
826 2118 943 2168 sacrae
974 2096 1111 2168 lectioni
1140 2111 1173 2168 at
1202 2095 1435 2188 praedicationi.

213 2189 475 2280 argissimisque
506 2185 723 2278 praestandis
749 2184 988 2275 eleemosynis.
1024 2190 1128 2256 Porro
1150 2187 1195 2256 ob
1219 2185 1384 2274 quaedam
1403 2183 1438 2246 lt·

199 2278 323 2348 clasiae
335 2277 470 2369 negotia
481 2277 583 2367 Regis
598 2275 708 2344 silium
725 2273 829 2364 paulo
842 2287 920 2344 ante
935 2273 1059 2344 Christi
1073 2275 1222 2346 natalem
1234 2276 1332 2346 adire
1344 2270 1437 2341 rolris

199 2365 589 2466 Londinumhprolectus
613 2377 673 2434 est.
696 2361 845 2433 Necdum
871 2375 985 2433 autem
1010 2365 1132 2434 urbem
1158 2363 1319 2453 ingresso
1340 2361 1439 2430 denui-

199 2457 303 2526 tiatur
323 2460 425 2544 Regis
446 2455 597 2533 nomine,
617 2473 661 2522 ne
684 2455 774 2522 ultra
798 2451 972 2541 procedat,
993 2473 1055 2522 nec
1074 2451 1164 2522 ullas
1182 2455 1288 2610 Regis
1307 2451 1353 2522 rel
1368 2445 1439 2516 urbes

199 2544 249 2614 vel
274 2544 374 2613 villas
397 2543 531 2635 ingredi
557 2563 664 2612 ausus
683 2541 738 2610 sit.
761 2541 1023 2631 obstupescenti
1041 2540 1113 2614 viro
1130 2541 1225 2611 lleia
1269 2555 1337 2612 tani
1358 2540 1438 2620 insp-

199 2646 310 2703 ratum
333 2633 435 2723 Regis
460 2630 675 2710 mandatum,
701 2628 913 2711 dictumest,
933 2629 1034 2700 illum
1059 2631 1196 2720 rupisse
1213 2631 1313 2721 pacis
1327 2624 1438 2698 inediti·

198 2744 287 2812 quae
320 2743 400 2792 cum
428 2725 517 2810 Rege
542 2718 750 2875 pepffiigissoi:
772 2717 896 2818 jubere
925 2722 1072 2808 Regem,
1100 2733 1139 2789 ut
1169 2718 1211 2788 ad
1237 2720 1352 2788 sedem
1370 2730 1438 2804 suain

199 2811 326 2890 redeat,
345 2823 378 2880 ct
402 2808 602 2898 injunctoo
641 2807 694 2876 cio
718 2805 902 2896 diligenter
930 2807 1122 2878 incumbat.
1153 2805 1390 2878 Animadvertit
1407 2815 1440 2862 itt

199 2910 350 2980 sanctus,
369 2919 536 2986 quorsum
562 2896 875 2985 haec·spectarent,
896 2907 1058 2984 tantoque
1086 2896 1129 2966 ad
1152 2917 1293 2966 omnem
1317 2895 1368 2966 tici
1389 2907 1462 2958 eia-i

198 2986 370 3074 quendam
388 2985 596 3056 voluntalem
621 2983 733 3055 factus
751 2996 802 3053 est
819 2982 976 3066 alacrior,
997 2999 1125 3072 quanto
1150 3006 1186 3056 se
1207 2987 1316 3056 sensit
1332 2977 1440 3075 propitii

198 3075 241 3145 ad
268 3073 418 3165 palmam
436 3075 609 3145 accedere.
628 3079 761 3156 Quanto
781 3085 897 3144 autem
916 3085 988 3144 tuni
1007 3073 1088 3143 fidei
1112 3074 1255 3156 lerrore,
1277 3087 1347 3145 turn
1360 3063 1439 3139 roelr

199 3165 303 3234 stium
324 3185 440 3233 amore
458 3165 694 3234 inflammatus
719 3159 869 3243 redierit,
890 3173 1008 3234 testem
1023 3173 1179 3232 tenemus
1203 3163 1349 3253 gratiam
1369 3172 1439 3227 cura·

199 3254 346 3333 tionum,
366 3273 455 3340 quae
470 3275 531 3340 per
546 3250 634 3322 illud
655 3251 718 3320 iter
732 3249 877 3321 coelitus
893 3250 1064 3322 exhibitae
1080 3264 1174 3334 sunt,
1190 3263 1366 3343 postquam
1381 3249 1439 3314 ilar·

199 3355 253 3432 tyr
270 3341 312 3412 ad
333 3361 477 3431 superos
498 3339 659 3432 migravit
673 3339 719 3408 **.

243 3433 360 3519 §w
384 3435 553 3501 Reversus
573 3429 729 3509 domum,
755 3447 834 3498 cum
861 3448 998 3498 sumina
1023 3429 1132 3498 animi
1153 3427 1335 3499 devotione
1348 3447 1380 3496 ac
1397 3437 1440 3508 pi·

200 3521 298 3589 ritate
313 3519 496 3589 celebravit
520 3518 644 3588 Christi
658 3516 818 3596 natalem,
839 3528 941 3603 atque
957 3538 997 3587 eo
1015 3517 1090 3608 ipso
1105 3517 1161 3586 die
1177 3531 1256 3618 post
1271 3515 1437 3601 concionem

199 3608 343 3678 terribili
364 3607 531 3679 sententia
545 3605 692 3696 perculit
714 3624 825 3675 unum
850 3625 890 3674 ei
915 3605 1019 3694 regiis
1037 3607 1206 3676 ministris
1227 3619 1360 3698 pmpter
1380 3599 1438 3666 lari·

199 3719 266 3767 nus
289 3696 489 3784 quoddam,
519 3710 551 3766 et
578 3715 695 3765 caesos
720 3691 897 3764 ministros
922 3715 1022 3774 suos;
1049 3695 1199 3782 itemque
1223 3689 1436 3782 Randulpbuii

128 3858 136 3874 ,
200 3786 373 3857 bominem
393 3785 587 3862 scelestum,
611 3783 714 3854 totius
732 3781 883 3851 malitiae
903 3781 1127 3853 incentorem.
1146 3782 1298 3854 Tandem
1323 3781 1435 3869 sapei:

199 3900 217 3944 a
234 3882 258 3945 il
273 3875 354 3946 lesu
373 3875 505 3944 Christo
521 3873 695 3943 maledicti
712 3871 793 3951 siiit,
811 3883 844 3940 et
866 3891 887 3939 a
911 3881 1011 3942 coetu
1026 3885 1225 3944 sanctorum
1246 3871 1388 3943 deleatur
1399 3879 1436 3928 aa

199 3988 276 4035 rum
303 3963 480 4044 memoria,
528 3963 716 4048 uisumque
736 3960 824 4029 inter
849 3980 904 4028 me
930 3971 962 4028 et
981 3959 1163 4030 dominum
1190 3983 1307 4032 meum
1332 3964 1435 4046 aegeo

198 4055 317 4123 odium
333 4065 366 4123 et
382 3985 590 4124 discordiam
613 4048 847 4120 seminabunt.
868 4069 888 4114 ii
910 4047 1074 4120 Abierant
1098 4061 1172 4120 tum
1196 4049 1335 4137 quidem
1352 4053 1434 4127 magit
1460 4123 1461 4128 η

225 4233 236 4254 “
254 4234 275 4272 s.
290 4235 391 4276 Thous
403 4231 426 4272 in
436 4228 541 4282 angliam
552 4232 589 4271 ast
598 4239 711 4272 reversus
720 4231 764 4270 lion
774 4227 825 4280 ipso
836 4236 897 4268 anno
908 4227 967 4273 uto,
978 4231 1002 4268 et
1013 4229 1089 4270 omnis
1099 4230 1228 4280 angiorum
1244 4229 1364 4272 maianus
1377 4224 1435 4263 laam*

198 4283 234 4324 lar
248 4287 269 4324 ei
284 4289 399 4328 occurrit:
415 4285 456 4327 sed
471 4285 482 4306 “
496 4293 565 4325 rarus
579 4285 608 4325 de
622 4291 721 4325 numero
732 4281 833 4324 divitius
843 4285 867 4322 ct
877 4281 1046 4324 bonni-storum
1055 4281 1165 4325 visitator
1175 4285 1265 4325 accedit
1276 4313 1286 4332 ,
1296 4283 1365 4332 (ocri.
1373 4269 1435 4317 Duil·

199 4345 251 4414 μὲ
265 4337 335 4429 ddsds
348 4389 418 4440 Ragls
432 4391 562 4436 decretum,
575 4391 586 4412 “
601 4389 710 4439 quisquis
720 4387 741 4430 ei
756 4385 876 4437 (vldalicet
892 4387 912 4428 8.
922 4387 1023 4438 Romul
1033 4390 1072 4431 val
1087 4387 1160 4432 alicui
1170 4399 1267 4432 fluorum
1277 4387 1352 4431 nalem
1364 4383 1433 4424 hiliis:¹

196 4441 371 4488 praetendebas.
381 4443 491 4492 publicus
499 4443 577 4485 hostii
587 4443 727 4484 censebatur
738 4471 748 4492 ,
759 4443 820 4493 tRop.
832 4443 857 4486 di
868 4441 953 4487 Horret..
962 4450 1015 4492 pag.
1026 4443 1086 4494 ⁵21).
