2960 4824
236 255 308 318 '3⁴8
495 271 532 316 ox
557 269 601 316 ss.
630 271 814 328 eusrnxrro,
842 271 999 316 luxunrxo
1023 270 1088 317 xxc.
1116 271 1172 316 uxr.
1304 251 1373 314 llEl'.
1398 249 1425 312 13

199 356 393 424 consistunt
411 375 453 422 ne
477 353 566 422 intra
586 353 669 422 baec
688 354 886 424 intemerata
905 355 992 423 bona
1016 367 1049 422 et
1066 353 1276 432 immortalia,
1300 365 1329 420 et
1350 373 1425 440 pares

199 445 286 513 inter
310 465 346 513 se
371 444 458 511 vires
483 442 632 532 babent?
649 444 714 525 Qui
735 456 815 512 sunt
834 442 869 510 in
886 465 955 513 una
971 443 1124 512 distincti
1143 444 1295 520 essentia,
1314 454 1341 508 et
1358 453 1424 507 tam-

196 553 300 621 quam
326 533 360 600 in
380 553 489 602 unum
516 531 687 612 verticem,
715 532 923 600 conveniunt
947 532 980 599 in
1003 533 1159 601 virtutem
1185 529 1366 608 divinitatis,
1387 526 1425 594 di-

196 633 319 690 nantur
344 642 410 688 nnn
428 619 477 688 dii
499 621 646 708 majores
662 633 694 688 et
716 620 876 700 minores,
899 620 957 688 sed
975 625 1060 690 Deus
1074 641 1185 690 unus:
1203 620 1261 707 qui
1284 619 1314 686 in
1331 617 1427 684 virtute

200 708 461 798 incomparabili
480 719 530 776 est
547 709 684 790 unicus
700 720 732 776 et
747 729 868 777 nomen
888 709 989 779 babet
1001 708 1208 778 divinitatis:
1226 721 1257 776 et
1273 729 1310 775 ne
1324 728 1341 774 a
1355 705 1428 772 robis

200 798 413 868 existimetur
432 795 521 866 alius
544 795 684 883 quidem
706 796 837 892 coelum
858 797 1022 877 babitare,
1045 796 1136 869 alius
1154 819 1229 866 vero
1251 817 1344 876 mare,
1360 794 1428 862 alius

199 897 313 956 autem
340 898 476 954 terram.
499 891 545 952 tn
563 908 629 954 non
651 884 710 954 tibi
728 885 777 954 sic
795 885 981 954 videturl»

242 977 260 1062 ᾗ
285 978 360 1046 Μ.
389 977 470 1042 Cum
489 975 556 1042 noir
584 986 696 1062 posset
714 987 827 1042 autem
846 979 984 1044 Praeses
1000 973 1042 1042 ad
1065 975 1147 1043 baec
1165 973 1368 1064 respondere,
1384 969 1429 1036 diu

199 1061 305 1132 siluit.
330 1063 389 1130 llix
408 1061 546 1130 tandem
574 1084 650 1132 vero
676 1061 870 1152 respondit,
897 1061 1035 1132 dioens:
1063 1085 1081 1130 <r
1100 1063 1234 1133 Mittens
1264 1062 1320 1131 bos
1349 1058 1429 1150 syllo-

197 1152 338 1240 gismos,
368 1163 401 1220 et
425 1148 573 1219 multum
601 1149 710 1220 valere
730 1151 859 1238 jubens
885 1153 1054 1221 rationum
1081 1163 1216 1220 tuarum
1248 1147 1431 1239 probabilita-

197 1252 277 1319 tem,
306 1239 369 1307 hoo
388 1238 483 1318 doce,
504 1238 546 1308 de
569 1260 637 1326 quo
662 1237 775 1308 fueras
802 1240 1051 1330 interrogatus:
1078 1238 1254 1322 Quomodo
1279 1261 1332 1308 ros
1352 1242 1430 1306 beun

197 1326 308 1396 colitis
335 1326 606 1410 Crucifixuml»
632 1331 776 1398 Sanetus
800 1327 904 1397 dixit:
936 1329 1155 1418 «lucipiam,
1182 1327 1345 1414 quomodo
1374 1337 1433 1393 tuus

198 1419 296 1572 poeta
320 1415 509 1486 Hesiodus:
536 1420 573 1485 ln
594 1416 763 1505 principio
787 1429 858 1486 erat
873 1417 1003 1486 llrebus
1024 1431 1057 1486 et
1081 1416 1201 1498 Chaos,
1230 1417 1291 1486 boo
1312 1427 1366 1493 est,
1393 1433 1431 1480 ca*

212 1505 266 1594 igo
290 1517 322 1573 et
355 1503 570 1594 profunditas
593 1525 774 1590 aquarum.
805 1510 891 1576 lleus
914 1526 995 1596 ergo
1022 1527 1099 1574 cum
1128 1517 1208 1575 tunc
1236 1503 1389 1574 mundum
1410 1500 1432 1566 in

198 1593 290 1661 launo
310 1605 468 1662 ornatum
495 1592 717 1673 distinxisset,
747 1605 780 1662 et
807 1615 872 1662 non
908 1616 947 1664 ex
976 1595 1140 1684 subjecta,
1171 1605 1231 1663 aut
1255 1613 1338 1680 quae
1361 1589 1432 1679 prius

195 1681 370 1763 existebat,
394 1683 547 1761 materia,
574 1680 632 1750 sed
648 1682 765 1750 omnia
781 1703 819 1751 ex
835 1703 885 1762 oo,
912 1682 1003 1769 quod
1024 1704 1088 1751 nou
1110 1694 1193 1763 erat,
1222 1682 1263 1751 ad
1280 1679 1432 1750 essentiam

196 1769 421 1857 produxisset,
440 1768 518 1839 lecit
543 1771 717 1839 bominem
738 1770 779 1839 ad
806 1771 991 1861 imaginem
1012 1783 1044 1840 et
1061 1770 1322 1840 similitudinem
1346 1787 1432 1837 suan.

197 1857 306 1927 llalus
329 1880 410 1948 ergo
434 1858 599 1948 angelus,
626 1860 686 1944 qui
712 1858 784 1948 ipse
807 1880 944 1950 quoque
968 1858 1143 1930 obtinebat
1169 1860 1389 1949 principatum
1409 1854 1431 1950 itt

198 1947 317 2016 ordine
334 1945 552 2036 Angelorum,
579 1968 658 2016 oum
684 1969 746 2016 sua
761 1959 882 2037 sponte
906 1947 1103 2018 rebellasset
1117 1948 1283 2019 adversus
1305 1968 1375 2018 eum
1390 1963 1433 2029 qut

197 2035 311 2124 ipsum
330 2034 465 2116 lecerat,
484 2048 516 2104 et
531 2035 642 2104 elatus
661 2034 780 2105 luisset
801 2037 975 2126 superbia,
995 2059 1013 2105 a
1038 2059 1101 2107 suo
1119 2037 1240 2105 ordine
1266 2036 1328 2106 luit
1345 2029 1435 2122 expul-

195 2145 267 2203 sus,
289 2137 356 2193 eta
382 2128 447 2193 oeo
471 2123 646 2193 assidendi
672 2136 854 2213 potestate:
881 2137 913 2194 et
942 2126 1062 2195 merito
1086 2148 1105 2194 a
1134 2129 1199 2194 Deo
1226 2124 1355 2215 accepit
1380 2141 1435 2191 sen-

196 2214 350 2293 tentiam,
376 2233 464 2298 quae
487 2213 561 2302 ejus
587 2213 724 2302 puniret
748 2213 950 2282 audaciam:
976 2227 1008 2282 et
1033 2227 1112 2282 tuno
1139 2227 1278 2303 propter
1300 2210 1436 2297 eamejus

197 2300 476 2401 ipobedientiam,
500 2301 639 2390 projecit
663 2323 742 2370 eum
768 2306 856 2371 Deus
883 2325 901 2370 a
930 2325 1079 2391 superna
1106 2315 1281 2391 potestate,
1307 2315 1338 2372 et
1355 2305 1436 2385 lnge·

197 2388 261 2458 lxoa
294 2411 372 2458 eum
399 2389 543 2478 privavit
566 2389 695 2479 gloria:
722 2390 897 2460 bominem
927 2404 1040 2460 autem
1077 2392 1189 2480 posuit
1219 2392 1254 2459 in
1286 2388 1433 2481 paradiso.

195 2477 282 2547 dans
305 2476 336 2546 ei
355 2477 555 2546 mandatum
572 2477 663 2564 quod
683 2480 860 2549 exercebat
879 2477 920 2548 ad
946 2479 1189 2560 obedientiam;
1213 2493 1251 2549 ut
1274 2487 1437 2552 vesceretur

192 2567 331 2652 quidem
352 2567 515 2637 omnibus
539 2567 650 2646 bonis,
677 2586 766 2656 quae
788 2579 885 2636 erant
909 2567 941 2636 in
971 2568 1148 2656 paradiso:
1176 2590 1282 2638 unam
1302 2587 1373 2636 vero
1387 2581 1435 2630 non

192 2665 345 2811 tangeret
368 2655 548 2724 arborem:
568 2654 631 2724 boe
656 2656 686 2722 ei
711 2656 866 2726 instituto
890 2657 1087 2736 certamine,
1115 2669 1151 2724 ut
1176 2657 1203 2727 si
1220 2657 1253 2725 ei
1280 2655 1438 2726 insidiante

194 2764 247 2811 ma
265 2766 296 2823 o,
318 2763 383 2812 non
402 2742 554 2832 amplius
568 2743 706 2834 angelo,
729 2745 787 2812 sed
813 2745 990 2824 daemone,
1005 2745 1064 2832 qui
1085 2743 1267 2827 deiecerat,
1294 2758 1326 2814 et
1343 2739 1438 2834 omnia

192 2847 311 2901 eontra
335 2853 414 2900 eum
441 2832 680 2913 machinante,
709 2844 822 2922 posset
850 2835 983 2923 primus
1016 2833 1117 2903 bomo
1142 2855 1208 2903 non
1235 2832 1399 2903 transilire
1417 2847 1439 2892 et

191 2917 308 2988 datum
334 2942 353 2988 a
378 2924 443 2988 Deo
469 2933 701 3010 praeceptum,
720 2933 752 2989 et
776 2920 940 2991 dedecore
964 2921 1099 2991 allicere
1126 2922 1372 3002 adversarium,
1395 2914 1439 3002 qui

191 3007 221 3092 ei
246 3006 420 3078 invidebat
446 3023 583 3097 propter
607 3009 777 3097 insignem
796 3011 979 3079 honorem:
999 3010 1027 3079 si
1049 3011 1124 3092 boo,
1151 3011 1308 3098 inquam,
1334 3007 1440 3077 lactum

192 3109 290 3179 esset,
320 3096 421 3167 bomo
444 3111 533 3166 esset
559 3097 775 3178 immortalis,
801 3098 930 3190 degens
958 3099 1223 3190 incorruptione.
1245 3100 1306 3169 Sin
1334 3097 1441 3165 miuus.

191 3207 258 3255 non
277 3185 446 3256 sineretur
465 3184 616 3275 amplius
640 3207 715 3255 esse
739 3186 772 3254 in
797 3187 976 3276 paradiso:
996 3201 1053 3258 seu
1074 3210 1114 3257 ex
1137 3209 1176 3257 eo
1200 3186 1440 3257 exterminatus.

192 3275 315 3374 riveret
331 3287 363 3344 et
389 3287 588 3345 moreretur.
615 3273 724 3345 llalus
751 3297 832 3365 ergo
856 3276 1015 3358 daemon,
1046 3279 1107 3366 qui
1131 3276 1260 3346 invidia
1277 3275 1469 3360 ‘serebatnrp

189 3363 432 3444 inhominem,
453 3364 487 3432 in
508 3385 586 3433 eum
609 3363 712 3432 variis
735 3386 822 3434 usus
837 3377 888 3434 est
914 3365 1118 3454 praestigiis,
1145 3377 1177 3435 et
1196 3387 1278 3435 cum
1305 3384 1366 3453 ope
1389 3379 1443 3428 ser·

192 3451 302 3538 pentis
326 3451 515 3540 decepisset
542 3473 682 3522 uxorem
699 3453 800 3541 primi
826 3453 996 3535 bominis,
1020 3475 1169 3544 peream
1186 3454 1301 3544 ipsum
1327 3465 1446 3539 quoque

190 3539 337 3642 induxit,
364 3552 402 3610 ut
423 3553 641 3642 praeceptum
662 3540 866 3611 transiliret:
894 3553 931 3611 ut
947 3543 1020 3631 ipse
1046 3542 1121 3612 ideo
1150 3541 1316 3632 expulsus
1339 3561 1376 3608 cx
1399 3556 1444 3624 pe·

189 3629 304 3699 radrso
328 3652 348 3698 a
373 3633 439 3698 Deo
463 3640 707 3718 omnipotente,
740 3629 968 3701 deduceretur
997 3630 1038 3700 ad
1064 3629 1198 3701 labores
1229 3629 1392 3700 sudorum
1418 3636 1444 3689 et

188 3717 378 3788 interitum.
405 3717 561 3787 Obtinuit
587 3719 700 3806 itaque
733 3717 908 3808 malignus
934 3719 1120 3802 victoriam,
1147 3720 1206 3806 qui
1231 3716 1439 3808 gloriabatur.

187 3805 278 3892 quod
306 3821 443 3898 propter
469 3829 545 3876 eam
575 3807 778 3877 sententiam
806 3808 978 3878 bominem
1010 3810 1197 3897 accepisset
1221 3807 1393 3877 redactum
1416 3800 1441 3866 ln

187 3915 299 3964 suam·
315 3905 533 3985 potestatem:
560 3907 592 3964 et
620 3917 698 3966 cum
724 3895 900 3967 decaetero
939 3889 1204 3986 multiplicatum
1234 3908 1324 3966 esset
1347 3909 1442 3982 genus

188 3983 383 4086 bominum,
411 3984 440 4052 is
457 3998 631 4072 tamquam
658 3996 826 4074 tyrannus
842 4006 980 4056 omnem
1002 3986 1152 4056 animam
1181 3984 1311 4075 redegit
1335 3981 1366 4050 in
1383 3997 1441 4046 sor-

190 4086 343 4140 vitutem.

232 4163 250 4247 §
276 4166 352 4232 25.
372 4165 487 4230 «Cum
507 4161 620 4248 itaque
634 4161 655 4230 ii
674 4163 707 4230 in
726 4162 869 4231 multam
889 4163 976 4252 lapsi
993 4177 1106 4233 essent
1120 4163 1338 4252 impietatem,
1355 4158 1441 4225 inam-

189 4247 327 4317 datione
346 4254 433 4319 Deus
451 4250 619 4318 mundum
647 4249 806 4351 perdidit.
834 4253 1050 4321 Conservavit
1076 4265 1187 4322 autem
1214 4254 1296 4330 ttae,
1337 4263 1440 4334 quem·

189 4337 268 4405 dam
296 4339 404 4407 virum
426 4339 573 4428 justum,
601 4361 659 4424 qux
687 4338 859 4430 praeclare
883 4340 1067 4411 decertavit
1082 4341 1245 4412 adversus
1265 4337 1438 4424 malignum
