3046 4838
255 296 295 360 3t
620 313 658 356 oa
683 314 709 356 s.
735 313 836 357 euroin
861 313 910 358 ua.
937 311 1068 356 norton.
1347 292 1423 356 ltEC
1448 293 1457 354 l

211 393 434 480 inquisitione
446 412 507 482 per
523 391 684 460 basilicae
698 392 931 481 pavimentum
955 391 1023 458 huc
1036 390 1188 477 illucque
1208 403 1346 466 tentare.
1365 389 1463 458 sicubi

211 494 382 553 sacratum
421 479 594 550 tumulum
625 493 738 568 posset
766 477 1032 568 deprehendere.
1061 477 1125 548 Sed
1166 501 1245 548 enm
1285 476 1464 548 nullatenus

210 569 377 640 indicium
401 568 526 638 tumuli
543 569 716 658 reperiret,
739 569 851 657 coepit
873 590 893 636 a
913 567 1076 637 fratribus
1093 567 1246 644 destitui.
1272 589 1464 657 prosequen-
1504 595 1505 618 1

211 660 302 731 tibus
318 679 398 727 cum
417 659 538 727 timore
557 657 733 727 interitum
756 657 862 738 illius,
881 656 942 743 qui
961 656 1095 726 dudum
1119 655 1322 746 hujusmodi
1342 656 1465 724 investi-

210 748 382 838 gationem
404 746 553 835 superba
570 761 681 815 mente
694 744 905 836 concipiens,
927 745 1065 835 lugubri
1083 758 1190 814 morte
1209 745 1310 815 vitam
1336 744 1464 813 finisset.

209 843 345 909 Necnon
371 849 403 904 et
422 834 659 921 antiquitatem
675 836 840 934 corporis,
860 833 1109 924 longinquitate
1123 834 1195 924 jam
1224 835 1383 924 temporis
1398 855 1467 902 con·

210 925 355 1015 sumpti,
382 938 483 1010 atque
506 922 548 992 ad
569 922 716 992 nihilum
737 945 772 992 m
795 923 968 1013 pulverem
995 921 1122 994 redacti
1139 922 1353 1008 objicientes,
1377 943 1467 992 cona-

211 1016 339 1085 bantur
354 1035 432 1082 eum
458 1033 477 1080 a
500 1026 620 1102 coepto
645 1013 769 1081 mentis
787 1013 960 1101 proposito
980 1033 1145 1082 revocare.
1166 1015 1321 1099 Cumque
1337 1010 1367 1082 ei
1387 1010 1467 1098 ejus·

212 1103 307 1173 modi
326 1101 569 1190 impedimenta
584 1099 779 1171 afratribus
791 1101 1034 1188 objicerentur,
1051 1099 1155 1170 altius
1171 1099 1227 1170 ille
1238 1099 1466 1192 ingemiscens.

212 1193 341 1280 ajebat:
358 1189 505 1270 «Nolite,
520 1189 652 1268 fratres,
665 1211 804 1277 quaeso,
827 1189 931 1260 nolite
946 1189 1112 1279 impedire
1125 1187 1338 1260 devotionem
1358 1209 1467 1256 meam.
1505 1213 1506 1272 t

211 1287 294 1352 Nam
318 1301 382 1370 ego
402 1278 503 1348 credo
528 1279 560 1346 in
589 1283 778 1347 Creatorem
812 1301 940 1356 meum,
967 1278 1059 1365 qnod
1081 1290 1173 1348 tanto
1202 1277 1374 1359 thesauro,
1405 1291 1468 1345 tan·
1505 1297 1506 1338 3

212 1383 354 1456 tumque
368 1367 453 1436 mihi
476 1365 677 1443 desiderato.
696 1367 964 1454 haudquaquam
979 1389 1033 1435 me
1048 1365 1234 1436 fraudabit.
1252 1389 1269 1432 »
1295 1372 1388 1436 Tunc
1400 1385 1469 1454 ergo

212 1457 374 1529 attentius
400 1457 596 1545 persistens,
623 1457 774 1546 suscepit
793 1456 991 1525 triduanum
1011 1455 1201 1546 jeJ‘unium,
1223 1471 1325 1542 atque
1349 1454 1470 1524 enixius

213 1546 336 1618 Christi
362 1545 495 1614 Domini
515 1544 727 1614 divinitatem
756 1568 835 1615 cum
862 1544 1024 1634 lacrymis
1048 1566 1204 1624 exorans,
1231 1545 1320 1613 vovit
1352 1566 1417 1614 non
1442 1563 1470 1610 se

211 1637 310 1726 prius
329 1634 514 1722 quicquam
533 1632 716 1702 alimoniae
736 1647 972 1724 sumpturum,
989 1655 1094 1720 quam
1121 1648 1307 1703 mereretur
1331 1647 1406 1703 voto
1423 1653 1469 1721 pc·

214 1725 270 1794 tiri
290 1745 364 1793 suo.
395 1728 500 1791 Tanta
525 1743 674 1808 namque
697 1735 769 1792 erat
797 1725 826 1792 ei
860 1723 971 1802 fides,
1007 1735 1168 1809 tantaque
1198 1724 1412 1801 constantia,
1441 1733 1471 1788 nt

213 1813 418 1905 plerumque
441 1812 490 1882 sic
515 1810 669 1880 facienda
685 1811 907 1900 praeveniret,
929 1823 1102 1897 tamquam
1120 1812 1193 1900 jam
1211 1811 1297 1880 lacta
1318 1811 1470 1880 crederet.
1506 1875 1507 1892 ,

213 1915 245 1973 et
274 1921 522 1987 nonnunquam
549 1900 594 1968 ita
620 1921 700 1969 cum
730 1905 807 1980 Deo,
834 1899 1126 1986 quemadmodum
1154 1921 1235 1968 cnm
1262 1913 1394 1970 terreno
1417 1919 1471 1966 sun
1506 1907 1507 1928 i

213 1991 409 2078 loqueretur
422 1989 575 2072 domino;
593 1988 755 2075 quodque
779 1990 853 2078 ipse
872 1989 1115 2078 proposuisset,
1146 1987 1178 2056 id
1205 2011 1223 2057 a
1247 1992 1311 2058 [leo
1336 1986 1473 2076 comple-

213 2093 286 2150 tum
312 2080 354 2148 iri
374 2079 525 2147 crederet
549 2077 795 2146 indubitanter.
818 2077 1027 2147 Uudeetiam
1054 2076 1173 2146 multis
1193 2099 1273 2146 eum
1298 2077 1472 2147 dehortan-

214 2170 318 2249 tibus,
344 2166 495 2236 dicebat:
522 2171 619 2245 «Tu,
644 2167 894 2246 bominelesu,
920 2167 980 2252 qui
1001 2167 1118 2235 omnia
1144 2165 1244 2244 nosti,
1278 2167 1470 2254 prinsquam
1506 2197 1507 2212 ,

213 2257 310 2337 fiant,
330 2269 367 2326 tu
391 2255 470 2336 scis,
488 2255 581 2341 quod
599 2255 666 2323 nisi
681 2253 900 2324 manifestum
920 2254 1005 2324 mihi
1021 2253 1212 2326 ostenderis
1235 2275 1363 2344 corpus
1378 2255 1472 2342 hujus

213 2347 307 2417 testis
333 2345 394 2424 tui,
420 2343 480 2431 qui
497 2356 634 2434 propter
659 2365 782 2414 nomen
807 2355 963 2413 sanctum
992 2355 1089 2412 tuum
1125 2365 1248 2432 passus
1272 2356 1335 2423 est,
1362 2365 1474 2431 quam-

212 2457 316 2522 qnarn
342 2455 420 2502 sum
437 2431 614 2522 indignus,
637 2454 813 2519 nunquam
834 2445 947 2502 tamen
965 2431 1127 2521 deinceps
1154 2432 1262 2519 plebis
1277 2432 1389 2520 hujus
1404 2429 1473 2520 Epi·

213 2537 389 2612 scopatum
416 2542 552 2610 geram:
579 2520 636 2592 sed
662 2523 756 2590 exsul
784 2521 897 2610 potins
913 2521 955 2590 ab
975 2521 1039 2590 hac
1057 2521 1232 2610 provincia
1251 2521 1371 2609 procul
1393 2540 1475 2590 seca·
1507 2533 1508 2590 ξ

213 2613 306 2692 dam,
333 2609 417 2690 ubi,
444 2621 481 2677 ut
504 2609 649 2697 dignum
677 2621 739 2690 est,
767 2610 855 2679 inter
878 2609 1005 2680 bestias
1034 2611 1210 2680 moriar.»
1234 2609 1323 2691 ouid
1351 2609 1475 2678 multa?

212 2705 250 2770 ln
276 2711 395 2788 coepto
419 2718 521 2787 opere
546 2697 742 2786 persistens,
762 2720 841 2766 cum
862 2699 1036 2786 adJutores
1049 2699 1124 2789 ejus
1147 2720 1206 2788 per
1221 2697 1358 2769 diversa
1376 2699 1474 2768 eccle·

213 2789 283 2858 siae
304 2788 378 2859 loca
398 2785 558 2856 tentando
589 2785 832 2866 discurrerent,
860 2787 1061 2875 nolamque
1085 2787 1281 2857 inveniendi
1306 2809 1403 2876 spem
1429 2809 1477 2856 ca·

213 2888 343 2966 perent‚
371 2873 492 2944 l'eniter
508 2874 565 2943 ille
582 2896 702 2944 omnes
727 2896 960 2965 compescens,
985 2899 1094 2947 unum
1122 2875 1172 2947 eis
1202 2877 1328 2956 locum,
1355 2876 1476 2962 dequo

211 2965 308 3035 nulla
328 2985 402 3035 esse
426 2963 577 3053 suspicio
603 2975 743 3052 poterat,
771 2964 804 3032 in
827 2965 1006 3054 posteriori
1030 2964 1194 3035 ecclesiae
1210 2977 1306 3122 parte
1321 2965 1477 3034 effodien-

213 3053 295 3124 dum
318 3053 486 3143 designat,
508 3057 602 3121 Tunc
626 3051 781 3122 omnium
810 3052 925 3124 labore
948 3075 987 3124 eo
1007 3076 1182 3136 converso,
1224 3053 1356 3123 ibenter
1375 3053 1478 3142 jussis

211 3142 328 3212 cuncti
344 3141 592 3230 obtemperant.
613 3140 902 3243 Defossequejam
923 3141 1083 3212 inultum
1105 3143 1148 3212 ad
1170 3143 1273 3244 pedes
1297 3142 1415 3212 decem
1433 3141 1474 3208 val

211 3253 252 3301 eo
279 3231 431 3321 amplius
459 3244 560 3312 terra,
585 3230 706 3300 iterum
741 3251 802 3319 spe
825 3231 1022 3302 inveniendi
1046 3253 1200 3321 corporis
1231 3233 1473 3302 destituuntur.

211 3325 346 3392 Etcum
364 3319 461 3390 tertia
480 3318 554 3408 jam
585 3341 649 3388 nox
677 3317 789 3388 media
817 3319 1145 3411 fluxissetsarrepto
1176 3319 1308 3410 Eligius
1333 3318 1475 3394 sarculo,

211 3411 402 3501 rejectoque
423 3407 633 3498 amphibalo,
660 3409 771 3497 coepit
788 3409 865 3478 totis
890 3409 1021 3479 viribus
1035 3431 1114 3479 eum
1141 3410 1247 3478 cereis
1263 3421 1296 3478 et
1313 3408 1477 3498 lampadi-

210 3498 276 3570 bus
301 3512 422 3570 terram
440 3497 568 3568 sanctis
585 3496 698 3566 fodere
719 3497 890 3568 manibus.
910 3503 1063 3586 Cumque
1081 3497 1263 3587 paululum
1281 3498 1351 3566 ima
1371 3497 1477 3566 fossa

210 3587 400 3664 declinans,
428 3586 462 3655 in
480 3585 570 3657 latus
585 3607 748 3656 cavernae
766 3586 909 3654 humum
924 3585 1039 3656 fodere
1057 3587 1236 3676 coepisset,
1258 3608 1336 3655 mox
1357 3585 1477 3675 reperit

211 3676 364 3745 tumbam
386 3697 468 3746 sane
486 3675 713 3754 veterrimam,
742 3687 908 3764 tegentem
930 3697 1059 3766 corpus
1084 3689 1270 3746 sacratum.
1297 3680 1381 3743 Tum
1405 3696 1477 3742 rent

209 3765 337 3921 gaudio
358 3787 483 3854 magno
502 3763 662 3864 repletus,
689 3785 769 3832 cnm
796 3763 942 3844 sarculo,
968 3765 1061 3851 quod
1088 3787 1195 3834 manu
1242 3763 1384 3844 estabat,
1411 3763 1477 3832 aab

236 3851 353 3922 issime
378 3851 466 3922 latus
490 3851 622 3923 ferisset
636 3851 798 3941 sepulcri,
820 3852 999 3924 confestim
1016 3853 1123 3922 forata
1141 3787 1272 3934 tumda,
1297 3849 1479 3922 tantaodo·

208 3941 258 4010 ris
281 3940 467 4030 fragrantia
491 3964 572 4011 cum
589 3941 758 4010 immenso
783 3940 964 4011 lumineex
981 3963 1020 4011 eo
1037 3943 1197 4021 manavit,
1221 3954 1260 4012 ut
1282 3942 1383 4010 etiam
1409 3941 1478 4028 ipse

210 4042 350 4100 sanctus
374 4028 505 4120 Eligius
519 4029 652 4118 fulgore
673 4028 827 4110 luminis,
854 4031 1027 4117 odoreque
1044 4031 1268 4101 inenarrabili
1288 4027 1476 4120 perculsus.

207 4119 264 4188 vir
288 4118 474 4189 subsistere
499 4131 623 4208 posset.
653 4123 735 4187 Nam
768 4130 800 4188 et
820 4119 944 4208 globus
970 4120 1176 4209 splendoris
1198 4120 1258 4206 qui
1282 4141 1322 4188 ex
1346 4115 1478 4188 tumnln

209 4207 251 4275 ad
272 4207 378 4276 ictum
406 4206 558 4278 ferientis
584 4207 758 4295 processit,
787 4221 914 4276 tantam
943 4207 1010 4277 vim
1030 4209 1155 4297 sparsit
1178 4208 1343 4278 claritatis
1370 4225 1475 4276 suae.

209 4307 247 4364 ut
271 4308 473 4366 cunctorum
511 4295 720 4364 adstantium
757 4295 934 4364 obtutibus
961 4297 1140 4366 oculorum
1176 4297 1321 4379 retusiS,
1349 4307 1475 4386 partem

210 4384 395 4454 maximam
422 4384 572 4474 regionis
589 4383 683 4452 illius
699 4383 733 4452 io
759 4383 826 4454 diei
851 4383 1038 4454 claritatem
1060 4399 1218 4456 mutaret.
1237 4386 1329 4456 Unde
1345 4403 1473 4459 omnes,
