2960 4824
272 260 336 322 ,tau
521 277 560 322 us
584 275 629 322 ss.
658 275 843 335 nusrasrro,
871 275 1028 322 auxentio
1053 274 1122 322 aru.
1148 277 1204 322 ιιι.
1329 253 1400 318 titt..
1422 254 1451 314 ll

229 359 348 430 larrruli
366 360 519 447 quidem,
539 359 598 446 qui
615 359 680 429 luit
696 371 938 449 consumptus,
960 357 1143 428 damnabis
1159 355 1400 428 imbecillitatem
1412 376 1453 424 co-

229 471 301 518 ram
320 448 502 518 omnibus:
528 447 666 518 docebis
684 469 761 518 vero
786 461 947 528 caeteros,
975 460 1012 517 ut
1028 447 1134 518 simili
1149 447 1262 517 animo
1280 443 1418 516 accedant
1430 454 1454 510 et

229 537 451 628 experientia,
477 537 619 624 quoties
641 535 706 606 tale
729 535 811 625 quid
837 537 1040 607 occurrerit:
1072 547 1104 606 et
1127 550 1208 606 tunc
1237 532 1414 612 minaberis,
1433 530 1454 598 si

230 649 296 698 non
319 625 478 696 similiter
501 625 550 694 eis
574 638 708 695 ostensa
726 624 865 696 assidue
890 625 941 696 usi
960 624 1249 704 luerintvictoria,
1274 636 1305 692 et
1325 644 1355 690 se
1375 633 1454 690 etsue

230 714 465 786 custodierint.
486 713 542 783 Sin
570 715 699 794 minus,
724 735 783 784 eos
799 712 933 784 futuros
950 713 1212 795 inexcusabiles,
1233 725 1265 782 et
1279 732 1345 782 esse
1358 709 1392 778 ad
1405 729 1454 774 ma-

230 826 338 894 gnum
355 801 531 873 ducendos
552 802 783 892 supplicium:
810 824 868 872 eos
892 815 1018 884 autem,
1040 804 1100 889 qui
1121 801 1295 872 selortitcr
1314 797 1454 890 gesserint.

229 907 261 961 et
279 892 400 961 imitati
424 891 552 960 luerint
567 891 724 960 virtutem
743 891 793 960 eis
817 914 836 960 a
856 890 997 961 domino
1013 903 1198 970 ostensam,
1225 903 1257 960 et
1280 889 1418 959 bonorem
1435 897 1455 950 et

232 981 420 1050 libertatem
443 1001 517 1052 esse
541 992 799 1062 consecuturos
818 994 857 1050 ut
879 980 1048 1050 bonorum
1067 979 1238 1060 custodes,
1257 991 1288 1048 et
1307 974 1457 1066 praeclaros

232 1075 470 1160 Imperatores,

274 1161 292 1246 ξ
317 1161 389 1228 22.
405 1181 423 1223 ι
439 1157 584 1247 sicergo
596 1157 761 1226 Dominus
777 1177 914 1244 quoque
935 1169 1047 1228 noster
1058 1160 1158 1236 Deus,
1173 1150 1457 1246 servatoromniun,

233 1269 311 1316 cum
341 1247 396 1316 sui
421 1245 509 1315 servi
534 1245 566 1313 in
592 1249 778 1314 certamine
811 1259 968 1334 suscepto
998 1244 1164 1316 adversus
1191 1245 1400 1320 daernonem,
1419 1258 1459 1322 qu

233 1357 364 1406 nunca
389 1335 483 1404 vobis
506 1334 641 1412 colitur,
668 1333 712 1404 ab
736 1333 811 1424 ipso
837 1333 914 1402 victi
937 1347 1051 1403 essent
1073 1346 1105 1403 et
1137 1333 1295 1414 contriti,
1320 1332 1384 1421 ipse
1404 1322 1460 1396 incl·

233 1422 326 1494 labili
351 1423 499 1511 quodam
526 1422 671 1494 consilio
696 1423 848 1511 seipsum
882 1422 1089 1502 exinanivit,
1115 1422 1326 1494 descendens
1347 1417 1382 1488 ad
1407 1437 1460 1510 san-

233 1525 322 1582 ctam
347 1525 380 1582 et
403 1512 631 1582 venerandam
658 1513 844 1601 Virginem,
871 1522 903 1580 et
926 1510 1012 1581 servi
1037 1509 1181 1580 sormam
1201 1509 1377 1598 accipiens,
1399 1519 1423 1572 et
1439 1521 1459 1568 n

232 1601 395 1672 omnibus
411 1601 550 1670 ellectus
574 1600 709 1682 iisdem,
727 1601 855 1686 quibus
868 1621 930 1669 nos
946 1600 1097 1681 obnoxii,
1114 1599 1349 1670 allectionibus
1366 1603 1460 1686 praeter

276 1703 422 1769 ecatum,
444 1703 477 1759 et
498 1711 698 1779 progressus
723 1689 757 1757 in
779 1688 842 1757 boc
864 1688 948 1758 vitae
973 1689 1156 1770 theatrum,
1176 1687 1365 1759 voluntaria
1384 1685 1462 1751 suaet

245 1800 333 1869 onge
346 1779 599 1867 sapientissima
616 1792 647 1846 et
667 1777 808 1846 salutari
827 1777 1019 1846 bumilitate
1042 1777 1141 1846 latuit
1160 1777 1359 1847 sceleratum
1382 1773 1464 1860 ipsunt

234 1867 448 1947 daemonem,
475 1867 571 1953 quia
595 1866 701 1946 vobis,
729 1881 768 1935 ut
787 1865 916 1934 dictum
941 1878 1003 1946 est,
1030 1864 1173 1936 colitur:
1199 1879 1339 1943 etcum,
1364 1875 1395 1931 ut
1412 1876 1463 1957 cort·

235 1969 402 2036 sueverat,
430 1969 604 2042 tamquam
622 1954 753 2026 nudum
772 1975 811 2022 ac
836 1952 946 2023 solum
964 1954 1138 2024 bominem
1165 1955 1385 2030 invadentem,
1402 1956 1463 2042 vicit.

233 2056 266 2114 et
290 2045 365 2134 ejus
389 2058 492 2114 totam
517 2043 710 2133 profligavit
735 2043 919 2131 potentiam
946 2065 1006 2132 per
1030 2065 1128 2112 suam
1156 2044 1338 2132 pretiosam
1353 2053 1381 2108 et
1398 2035 1465 2129 nobis

234 2131 417 2203 salutarem
446 2133 652 2222 passionem,
670 2153 774 2218 quam
797 2132 830 2200 in
854 2135 958 2201 Gruce
974 2131 1094 2214 subiit,
1109 2131 1235 2202 docens
1262 2153 1335 2212 nos,
1352 2127 1406 2216 qui
1423 2121 1466 2192 lur-

238 2244 316 2294 mus
339 2222 414 2312 ejus
439 2221 599 2292 victoriae
626 2231 850 2310 spectatores,
872 2218 991 2290 eodem
1019 2219 1175 2311 exemplo
1198 2235 1319 2290 contra
1341 2238 1409 2288 eum
1428 2230 1467 2299 pu·

235 2331 354 2400 gnare,
381 2323 413 2378 ct
436 2311 511 2409 ejus
536 2309 722 2398 potentiam
749 2307 895 2399 dejicere
918 2330 958 2378 ac
1012 2323 1213 2380 rosternere.
1239 2314 1319 2399 Ipse
1341 2325 1412 2395 ergo
1430 2319 1468 2368 ur

236 2411 324 2469 stras
347 2411 479 2498 accepit
517 2399 731 2479 affectiones,
757 2411 789 2466 et
812 2419 911 2468 suum
949 2331 1048 2468 neiis
1071 2397 1165 2468 dedit
1191 2395 1467 2488 impatibilitatem,

235 2509 315 2556 cum
333 2499 401 2556 tam
427 2486 480 2566 ris,
498 2487 558 2574 qui
576 2507 681 2577 prope
704 2498 812 2568 erant,
838 2507 942 2573 quam
962 2487 1016 2566 iis,
1035 2487 1102 2573 uui
1126 2498 1223 2556 erant
1249 2484 1344 2574 apud
1367 2479 1468 2552 inferus.

236 2575 381 2666 largitus
404 2586 492 2646 esset
512 2574 819 2645 resurrectionem:
845 2587 876 2644 et
904 2572 1077 2646 docuisset
1106 2597 1169 2646 nos
1192 2575 1227 2644 in
1255 2575 1399 2646 liliorum
1416 2565 1469 2667 adr

237 2665 387 2754 ptionem
416 2663 552 2746 ascitos,
579 2663 613 2732 in
642 2686 682 2734 eo
706 2685 848 2734 manum
874 2662 1000 2734 babere
1023 2663 1198 2744 invictam,
1224 2672 1463 2737 etcoronar1,s

235 2753 535 2822 decertaverimus.
559 2757 704 2842 Corpore
728 2773 808 2842 ergo
833 2751 1016 2837 vincimur,
1033 2765 1066 2822 et
1085 2753 1258 2824 vincimus
1283 2751 1411 2841 spiritu.
1435 2747 1463 2836 ’ἐξ

237 2841 353 2911 dimus
380 2841 412 2909 in
432 2841 607 2910 interitum
625 2863 632 2906 ι
650 2853 683 2910 et
699 2841 728 2910 is
752 2861 865 2922 casus,
884 2862 1007 2931 nempe
1024 2841 1154 2922 mortis,
1180 2862 1219 2910 eo
1243 2841 1344 2911 nobis
1366 2833 1463 2906 deduc

238 2943 305 3008 tur,
329 2942 367 3000 ut
382 2927 574 2999 elliciamur
598 2929 800 3019 incorrupti,
819 2943 851 2998 et
874 2930 918 3000 ab
935 2929 1076 3002 interitu
1095 2930 1211 3000 alieni.
1237 2933 1466 3000 Aversamurvt

238 3033 343 3086 stram
369 3018 579 3100 ebrietatem,
600 3018 660 3106 qui
690 3018 758 3087 ritu
781 3017 961 3090 brutorum
989 3020 1090 3088 vitam
1115 3018 1228 3110 agitis,
1261 3031 1295 3088 et
1318 3013 1450 3104 angelice

236 3106 436 3193 quaerimus
456 3107 702 3176 aeternitatem.
729 3111 799 3177 Non
827 3119 950 3176 terram
1001 3107 1076 3178 roni
1103 3119 1314 3196 spectamus,
1341 3104 1421 3175 sicut

237 3216 338 3265 cora:
374 3216 434 3264 nec
461 3217 540 3265 cum
566 3196 678 3266 simus
701 3193 865 3266 belluinis
890 3130 1056 3279 mortius,
1083 3196 1308 3267 nominamur
1331 3191 1463 3263 homines

239 3283 295 3354 sed
321 3285 424 3354 erecti
448 3284 581 3354 coelum
614 3285 811 3355 intuemur:
846 3296 981 3354 etcum
1009 3285 1119 3355 simus
1146 3284 1181 3352 in
1207 3305 1361 3372 corpore,
1389 3278 1468 3374 vitatu

235 3393 325 3460 quae
350 3371 419 3444 illic
441 3386 504 3454 est,
532 3371 722 3463 angelicam
749 3371 1003 3462 amplectimur.
1038 3373 1173 3442 Scimus
1205 3373 1315 3443 animi
1348 3380 1441 3440 nostri

238 3463 392 3550 corporis
419 3483 494 3531 csse
519 3474 722 3552 perpetuum
749 3473 781 3531 et
804 3459 1024 3551 implacabile
1048 3461 1203 3543 bellum,
1228 3458 1434 3552 sapientique
1456 3467 1468 3516 t

240 3550 413 3620 moderata
435 3561 571 3620 utentes
604 3550 874 3630 ratiocinatione,
904 3571 1103 3622 aversamur
1130 3551 1404 3641 conjunctionem
1421 3561 1454 3612 011

239 3640 302 3708 boc
327 3637 462 3709 mortali
482 3659 635 3729 corpore,
658 3639 802 3729 ejusque
826 3637 1037 3710 titillationes
1061 3651 1094 3709 et
1113 3661 1236 3710 suaves
1252 3636 1404 3709 libidinis
1428 3650 1452 3698 m

223 3815 226 3822 y
242 3729 351 3798 tiones
367 3727 497 3798 lortitcr
521 3749 741 3798 recusamus:
758 3727 963 3817 cogitatione
980 3727 1015 3797 in
1032 3728 1139 3800 altum
1156 3727 1287 3810 exilire,
1304 3739 1337 3796 et
1356 3717 1467 3794 membr

240 3815 457 3898 mortificare,
485 3837 620 3907 semper
638 3836 838 3886 exercemur
861 3837 921 3906 per
944 3816 1173 3898 tolerantiam,
1199 3828 1231 3888 et
1258 3838 1278 3886 a
1303 3813 1402 3884 rebus
1424 3829 1440 3897 p

242 3905 327 3993 priis
350 3905 604 3992 abstinentiam.
633 3906 769 3988 Utimur
787 3926 866 3974 vero
891 3927 978 3994 pura
993 3918 1026 3976 et
1046 3905 1228 3996 perspicua
1246 3902 1380 3976 Domini
1399 3905 1459 3965 nost

240 3995 426 4073 memoria,
457 4006 489 4063 et
513 3995 655 4064 scaturit
685 3993 784 4064 nobis
815 4015 927 4064 sermo
953 3995 1096 4064 minime
1125 3994 1355 4084 perturbatus.
1380 3993 1452 4056 lnu

239 4083 322 4151 citra
341 4082 451 4152 ullum
470 4083 756 4170 impedimentum
781 4082 965 4152 rationales
980 4095 1168 4173 operantur
1192 4085 1344 4153 virtutes.
1371 4081 1452 4170 llaec.

240 4169 295 4240 his
316 4171 417 4258 plura
443 4169 541 4240 nobis
561 4171 705 4330 largitus
733 4183 783 4240 est
799 4173 899 4253 Deus,
926 4193 1005 4243 oum
1035 4172 1210 4244 bominem
1238 4169 1409 4240 induisset.
1435 4165 1469 4222 l⁰

240 4271 376 4341 autem,
409 4273 449 4328 ut
478 4271 529 4328 est
555 4282 615 4348 pro
641 4259 750 4334 abile.
776 4261 912 4349 corpori
942 4261 1023 4331 estis
1055 4259 1183 4332 dediti:
1209 4273 1241 4330 et
1270 4279 1348 4328 oum
1372 4267 1461 4336 corpO

240 4344 347 4436 dediti
379 4348 475 4429 sitis,
510 4368 567 4419 eos
598 4349 680 4421 deos
713 4347 918 4440 appellatis,
949 4351 1009 4437 qui
1039 4348 1193 4422 lecerunt
1221 4349 1381 4441 probrosa
1400 4331 1472 4434 operi
