2932 4812
9 316 86 380 DEC.
111 279 144 378 {ll
433 333 471 380 or
495 334 522 380 s.
551 335 675 382 arcana
701 335 827 382 nonant
1159 317 1216 380 obt

7 417 115 497 oratio,
132 431 163 487 et
178 439 339 508 aggressa
363 430 414 487 est
438 437 491 488 res
516 417 611 488 illius
631 419 743 489 dicere
761 419 803 488 ab
829 419 937 488 initio.
965 423 1045 487 Eam
1071 419 1162 487 enim
1189 417 1267 489 tulit

4 507 213 576 celeberrima
235 519 268 576 et
291 505 483 576 clarissima
503 512 610 577 Roma
626 507 653 572 *.
682 508 757 577 Fuit
773 519 886 577 autem
907 508 984 596 ejus
1000 527 1136 594 quoque
1156 507 1266 598 genu's

4 595 238 676 clarissimum3
251 609 350 665 erant
365 596 457 665 enim
472 595 547 683 ejus
565 609 722 685 parentes
738 597 841 685 primi
856 611 995 667 senatus
1016 601 1263 667 Romanorum.

3 689 73 752 ttrta
95 697 141 754 est
159 697 272 754 autem
299 685 388 755 bona
412 706 453 753 ex
478 684 589 754 bonis.
616 689 699 756 Nam
725 698 822 755 erant
846 684 897 754 illi
920 705 1058 774 quoque
1082 685 1131 776 pii
1155 687 1267 754 etvir-

2 787 107 843 tutum
130 787 310 844 amatores.

40 865 57 948 ἕ
84 866 124 932 2.
150 865 232 932 Cum
252 883 332 952 ergo
349 862 420 948 jam
435 873 523 932 esset
537 861 679 943 nubilis,
699 861 910 933 desiderium
935 863 1165 933 continentiae
1189 862 1268 932 vicit

2 951 82 1034 ojus,
107 971 191 1036 quae
224 971 265 1020 ex
289 962 396 1020 aetate
419 962 502 1032 erat,
534 951 790 1040 appetitionem,
817 966 849 1022 et
873 953 1004 1042 rogavit
1029 963 1198 1042 parentes,
1226 973 1268 1020 ne

3 1059 146 1123 unquam
179 1059 255 1109 eam
277 1039 465 1130 jungerent
494 1040 725 1122 matrimonio,
758 1039 816 1109 sed
842 1040 932 1111 sicut
955 1041 1007 1122 ei,
1035 1053 1074 1112 ut
1095 1052 1194 1123 esset,
1222 1041 1269 1110 ita

2 1127 98 1195 ctiam
120 1139 157 1196 ut
184 1129 282 1197 viro
307 1141 482 1208 maneret,
509 1128 747 1200 concederent.
785 1128 839 1198 llli
864 1141 977 1200 autem
1014 1151 1094 1200 cum
1155 1143 1268 1219 ropter

5 1215 88 1284 hanc
102 1216 219 1298 solam,
238 1150 344 1307 injus
364 1217 450 1287 vitae
465 1217 677 1306 agitarentur
692 1217 868 1299 lluctibus,
891 1219 922 1287 ei
939 1230 1098 1307 parentes
1144 1218 1265 1300 ivitias,

6 1316 35 1371 et
57 1317 225 1393 sperantes
245 1327 281 1376 se
305 1327 539 1377 successorem
569 1308 705 1396 generis
728 1329 767 1376 er
792 1327 832 1376 ca
856 1307 1056 1388 habituros,
1090 1321 1269 1397 quartum-

7 1393 167 1464 decimum
193 1415 324 1465 annum
344 1395 418 1484 jam
444 1405 601 1485 agentem
627 1395 677 1464 vel
713 1395 855 1464 invitam
886 1394 1056 1466 collocant
1086 1397 1121 1464 in
1150 1397 1268 1467 matri·

7 1483 125 1552 monio.
144 1489 221 1555 Erat
237 1505 314 1554 vero
338 1485 414 1574 ejus
430 1504 591 1574 sponsus,
610 1497 643 1553 et
663 1505 798 1574 genere,
819 1495 852 1554 et
868 1496 977 1554 aetate
999 1498 1032 1555 et
1055 1485 1132 1555 aliis
1156 1486 1270 1556 omni-

7 1571 64 1640 bus
87 1595 163 1642 cum
185 1573 316 1644 llelana
341 1571 590 1643 conferendus:
621 1586 721 1644 natus
746 1573 887 1661 quidem
916 1595 956 1642 er
990 1573 1210 1655 Consulibus,
1237 1587 1270 1644 et

7 1660 97 1730 modo
121 1661 284 1732 excedens
307 1683 347 1731 ex
362 1660 516 1752 ephebis.
545 1661 668 1751 Sponsi
693 1673 806 1732 autem
827 1683 951 1732 nomen
971 1674 1043 1733 erat
1059 1664 1266 1753 Aponianus,

7 1769 101 1836 agens
117 1771 247 1819 annum
274 1751 409 1820 circiter
432 1750 607 1819 decimum
625 1751 824 1839 septimum.
845 1753 900 1821 Eis
920 1764 1034 1822 autem
1054 1752 1103 1821 sic
1117 1751 1270 1821 celebra·

7 1837 44 1906 tis
63 1839 202 1929 nuptiis,
222 1838 439 1910 admirabilis
467 1837 600 1909 Melana
623 1839 725 1908 etiam
751 1852 827 1931 post
852 1841 1002 1931 nuptias,
1029 1839 1143 1910 adbuc
1169 1838 1269 1910 vehe-

9 1928 145 1996 mentius
161 1928 298 1998 amabat
314 1927 573 2009 continentiam,
594 1939 626 1997 et
643 1949 740 1998 amor
758 1929 923 2016 castitatis
938 1951 1006 1998 non
1023 1927 1271 1999 intermittebat

8 2036 71 2082 tam
95 2017 209 2087 acrius
234 2038 343 2097 urere3
367 2015 487 2086 multis
511 2038 589 2085 vero
612 2015 726 2088 verbis
744 2018 905 2087 maritum
932 2040 1035 2088 suum
1061 2017 1103 2086 ad
1129 2018 1194 2086 hoc
1211 2038 1268 2086 ex·

9 2103 205 2188 hortabatur,
225 2118 257 2174 et
280 2127 361 2175 cum
387 2105 490 2175 verba
521 2125 588 2175 non
614 2104 821 2185 sufficerent,
840 2107 870 2174 ei
887 2126 1025 2194 quoque
1057 2105 1098 2175 ad
1126 2127 1270 2196 persua-

11 2193 125 2290 sionem
143 2215 243 2285 opem
260 2194 415 2264 serebant
430 2193 614 2284 lacrymae,
631 2193 715 2263 haec
739 2193 886 2264 dicenti:
907 2217 925 2261 r
942 2195 975 2263 Si
992 2195 1146 2282 quidem,
1164 2216 1184 2263 o
1204 2217 1271 2265 ma·

12 2291 66 2348 nte
83 2284 266 2366 carissime,
292 2281 412 2352 eadem
438 2283 499 2353 tibi
523 2303 660 2441 quogre
681 2282 850 2364 videntur,
869 2295 902 2352 et
918 2284 1021 2354 ambo
1035 2283 1270 2354 habitabimus

16 2373 238 2442 convenienter
255 2371 322 2461 legi
346 2371 589 2452 continentiae,
632 2372 697 2441 eati
715 2393 777 2444 nos
800 2373 932 2442 erimus
957 2387 1096 2462 propter
1116 2374 1266 2462 nuptias,

14 2468 39 2522 st
60 2461 154 2532 ambo
178 2482 239 2552 per
255 2481 318 2530 nos
334 2461 481 2530 invicem
506 2459 591 2532 salvi
607 2463 749 2542 erimus,
776 2473 808 2530 et
824 2461 955 2532 erimus
972 2460 1172 2553 alteralteri
1196 2461 1271 2530 viae

12 2545 248 2631 pulcherrimae
271 2551 417 2620 occasio.
441 2551 498 2618 Sin
523 2561 638 2620 autem
649 2550 814 2640 juventus
831 2563 864 2619 et
884 2564 976 2620 aetas
1001 2551 1204 2641 propensior
1227 2549 1269 2619 ad

11 2635 184 2727 voluptates
209 2661 275 2709 non
304 2639 468 2728 permittit
492 2651 530 2709 ut
550 2637 617 2707 hoc
632 2637 732 2721 ieras,
759 2651 793 2708 at
809 2650 845 2708 tu
872 2661 925 2708 me
949 2639 1056 2721 sinas,
1075 2650 1107 2709 et
1129 2661 1170 2708 ne
1194 2659 1272 2708 coe-

11 2734 93 2820 ptum
111 2749 226 2799 meum
245 2740 281 2806 et
293 2728 488 2799 institutum
514 2727 708 2818 prohibeas,
732 2728 799 2796 mei
817 2740 929 2798 autem
948 2729 1101 2820 corporis
1125 2741 1158 2797 et
1177 2749 1272 2797 meae

13 2809 163 2888 libertatis
188 2837 318 2886 merces
334 2827 435 2887 erunt
459 2837 579 2886 omnes
604 2816 850 2907 possessiones,
874 2837 995 2886 omnes
1012 2816 1147 2898 famuli,
1167 2829 1198 2886 et
1219 2839 1272 2885 ve·

10 2911 77 2983 stes,
100 2917 132 2975 et
156 2903 292 2986 domus,
319 2918 351 2976 et
376 2925 616 2992 quaecumque
645 2903 712 2973 alia
739 2917 820 2976 sunt
855 2905 890 2973 in
923 2907 1009 2974 meis
1033 2905 1269 2976 facultatibus.

12 2990 61 3060 llis
81 2994 243 3063 omnibus
267 2994 328 3064 tibi
359 2992 455 3074 cedo,
477 2992 666 3064 dummodo
696 2995 862 3084 meipsam
882 2993 1094 3063 redimam.»
1120 2994 1181 3064 llle
1196 3015 1272 3064 vero

12 3097 106 3166 teque
122 3083 323 3153 universum
343 3081 548 3164 concedens,
575 3102 687 3169 neque
705 3083 781 3184 ejus
804 3094 907 3152 totam
929 3104 1092 3154 aversans
1117 3083 1273 3152 volunta-

14 3177 89 3238 lem:
115 3195 133 3238 a
159 3177 257 3244 Nunc
280 3171 433 3260 quidem,
460 3193 480 3240 o
505 3191 610 3253 uxor,
638 3171 771 3260 inquit,
801 3179 868 3240 n'on
895 3185 1040 3259 possunt
1067 3173 1150 3242 baec
1171 3170 1270 3242 lieri:

13 3271 177 3347 postquam
203 3271 317 3331 autem
339 3259 475 3351 generis
498 3273 530 3330 et
553 3260 756 3331 facultatum
775 3260 1002 3332 habuerimus
1020 3283 1270 3342 successorem,

15 3361 64 3412 neo
84 3371 144 3439 ego
161 3350 252 3419 bon'o
277 3361 335 3420 tuo
359 3350 515 3420 instituto
539 3348 651 3418 deero.
679 3353 786 3420 Grave
809 3350 901 3419 enim
926 3362 1026 3431 esset,
1043 3351 1072 3421 si
1095 3351 1130 3418 in
1155 3349 1273 3418 divino

14 3428 165 3529 desiderio
188 3439 241 3509 vir
262 3438 432 3509 foeminae
459 3437 579 3509 cedere
602 3437 830 3528 conspicerer.
861 3438 922 3509 sed
952 3451 1032 3508 tunc
1056 3439 1159 3510 ambo
1183 3439 1273 3508 hanc

16 3537 87 3591 uam
110 3527 286 3618 eligentes,
314 3549 382 3596 non
400 3549 500 3598 secus
524 3549 564 3596 ae
588 3527 623 3597 in
649 3527 890 3609 matrimonio,
918 3527 964 3597 ita
984 3529 1019 3596 in
1042 3529 1109 3598 vita
1137 3549 1178 3598 er
1209 3531 1274 3598 Deo

16 3614 128 3696 agenda
148 3616 319 3686 internos
342 3616 632 3707 conspirabimus.
658 3637 675 3682 »

53 3699 129 3783 58.
155 3705 385 3793 acquiescunt
419 3705 521 3775 ambo
545 3705 598 3786 ei,
631 3704 722 3792 quod
749 3703 878 3776 dictum
909 3705 1031 3776 fuerat.
1067 3704 1274 3776 Procedente

19 3800 110 3859 autem
128 3805 292 3883 tempore,
320 3794 474 3864 nascitur
492 3795 542 3864 eis
562 3791 690 3884 puella.
721 3798 766 3864 lla
791 3815 876 3865 cum
900 3797 1051 3886 primum
1079 3795 1191 3864 lucem
1214 3793 1273 3862 ad·

20 3879 117 3964 sperit,
145 3883 312 3953 castitatis
336 3882 405 3952 Soli
429 3882 495 3952 fuit
518 3893 728 3964 consecrata,
757 3883 888 3953 Melana
916 3884 1077 3954 offerente
1102 3881 1274 3972 primitias

23 3959 152 4052 ttomino,
178 3972 239 4073 qui
264 3971 373 4062 ipsam
408 3968 568 4052 dederat,
596 3983 634 4042 ut
660 3971 711 4042 sic
739 3971 790 4041 vel
822 3971 1109 4043 consuetudinem
1142 3970 1274 4039 liabens

24 4057 229 4142 matrimonii,
269 4059 443 4129 videretur
477 4060 668 4150 plurimum
695 4059 845 4131 tribuere
875 4061 1076 4151 virginitati.
1109 4059 1275 4148 Deinceps

26 4151 85 4208 tero
99 4149 242 4238 seipsam
271 4147 489 4230 contrahens,
521 4147 694 4219 moderate
718 4161 751 4220 et
768 4161 1004 4240 [temperanter
1028 4148 1173 4218 vivebat.
1201 4151 1272 4217 Non

27 4239 124 4328 vestem
142 4239 296 4328 gestabat
312 4236 543 4327 splendidam,
564 4259 631 4307 non
658 4259 784 4330 corpus
812 4261 914 4309 suum
944 4239 1079 4310 fovebat
1102 4237 1272 4315 lavacris;

27 4319 51 4376 at
70 4339 92 4387 st
111 4327 246 4411 quando
261 4350 282 4398 a
299 4325 424 4396 marito
440 4337 499 4397 aut
516 4347 534 4394 a
551 4328 751 4416 parentibus
767 4339 958 4418 cogeretur,
978 4329 1050 4398 ibat
1073 4325 1213 4414 quidem
1231 4325 1274 4396 ad

47 4437 123 4490 ‘circa
136 4463 219 4497 sunum
235 4455 282 4496 388.
