2932 4812
242 270 306 332 646
565 286 604 334 mr
628 286 655 333 s.
682 282 879 332 ernarrmno
902 283 1101 332 conrrssoar
1289 265 1358 330 uec.
1378 267 1406 328 3⁴

90 391 94 400 ·
197 370 244 441 nd
271 369 334 439 hoc
353 370 482 459 quippe
503 371 660 459 pertinet,
682 368 773 456 quod
799 369 840 448 is,
859 369 989 526 ἓιιὼιιε
1012 369 1190 440 sanitatem
1205 371 1351 438 restituere
1366 387 1411 436 cu·

198 459 325 549 piebat,
353 479 454 548 saepe
473 456 779 549 superponendum
796 456 856 544 qui
886 510 894 537 ,
913 456 1005 528 velut
1019 457 1250 548 emplastrum,
1272 477 1353 545 saepe
1369 476 1411 524 co

198 547 407 619 medendum
431 545 576 633 aliquid,
602 546 704 635 quasi
725 543 929 616 medicinale
952 545 1158 628 antidotum,
1183 545 1365 616 conferebat:
1383 565 1410 610 ec

198 637 378 718 nimirum,
401 648 440 705 ut
452 635 587 726 opinor,
607 634 733 714 studio,
760 647 810 715 ut,
836 634 919 704 dum
950 634 1136 706 herbarum
1153 635 1262 714 virtus,
1277 633 1319 702 rel
1335 631 1409 702 medi

197 725 362 796 cinelium
379 723 570 813 specierum
590 724 740 812 potentia
756 722 919 804 creditur,
942 744 984 793 ne
1009 745 1161 810 uuquam
1178 721 1341 794 sanctitutis
1353 741 1408 789 suae

198 815 328 884 viribus
353 813 507 883 restituta
533 813 662 884 sanitas
691 813 904 890 ascribatur;
930 825 963 881 et
982 745 1065 882 gum
1084 813 1128 882 ab
1148 834 1186 882 eo
1210 811 1354 882 medicine
1369 830 1407 876 su·

197 904 246 974 sci
275 904 354 984 itur,
385 902 496 991 magis
523 901 692 982 medicus,
714 923 819 991 quam
846 913 1005 982 sanctus,
1036 899 1110 972 e'sse
1136 901 1289 972 videatur.
1307 897 1356 968 Sed
1371 897 1405 964 dn

198 926 295 1073 mili,
317 1013 337 1060 o
361 990 449 1060 bone
465 990 609 1071 medice,
625 991 695 1068 dic,
718 988 923 1060 venerabilis
944 989 1086 1068 medice,
1109 990 1202 1061 unde
1216 989 1400 1060 confectionem

197 1093 266 1150 tam
285 1079 445 1160 efficacis,
465 1091 532 1149 tam
558 1079 691 1150 subitae
709 1078 844 1149 virtutis
869 1078 994 1149 nostris
1015 1077 1145 1148 linibus
1161 1078 1303 1159 attulisti,
1318 1090 1348 1146 ut
1362 1091 1403 1141 nan

197 1169 321 1250 triduo,
345 1188 412 1237 non
429 1167 548 1249 biduo,
571 1189 638 1238 non
661 1167 711 1236 vel
732 1167 839 1238 unius
856 1168 1020 1236 momenti
1033 1169 1146 1256 spatio
1164 1177 1359 1258 exspectetur,
1370 1159 1405 1230 sel

196 1279 275 1327 mox
299 1271 337 1328 ut
360 1256 515 1328 adbibita
538 1255 652 1336 suerit,
675 1256 789 1326 statim
807 1257 922 1326 omnis
947 1254 1001 1325 lan
1030 1278 1104 1338 uor,
1132 1278 1230 1326 omne
1252 1251 1408 1340 vulnuspri·

197 1346 305 1416 stinae
331 1345 434 1415 saluti
462 1345 687 1416 restituatur?
711 1344 890 1433 Epithema
907 1278 1078 1432 siqnidem
1103 1367 1223 1416 curare
1246 1365 1305 1414 non
1325 1351 1406 1432 potest.

197 1435 264 1504 nisi
279 1434 411 1504 tamdiu
424 1435 549 1504 tumori
560 1434 714 1522 adjaceat
726 1435 995 1533 superpositum,
1012 1433 1120 1503 donec
1133 1433 1183 1504 vel
1198 1434 1330 1525 vigorem
1341 1447 1406 1499 suun

196 1544 256 1613 per
277 1522 429 1593 occultes
457 1535 588 1593 meatus
609 1523 643 1592 in
660 1522 814 1611 corporis
831 1522 993 1592 interiora
1017 1522 1243 1602 transfundat,
1268 1520 1311 1590 tel
1328 1519 1406 1588 bunc

196 1633 266 1681 rem
285 1610 484 1702 pestiferum
506 1611 639 1683 virtutis
665 1633 749 1682 suae
770 1610 919 1700 potentia
939 1610 981 1681 ad
1002 1611 1166 1682 exteriora
1192 1611 1332 1702 trajiciet.
1352 1612 1406 1674 lutt-

195 1700 313 1770 dotum
340 1721 428 1780 vero,
461 1700 553 1786 quod
577 1721 635 1770 ore
659 1699 860 1790 percipitur,
891 1721 1030 1770 necesse
1050 1711 1101 1770 est
1128 1713 1167 1770 ut
1190 1714 1319 1771 eatenus
1336 1711 1406 1765 nans

195 1788 308 1870 faciat,
330 1809 510 1947 quousgue
529 1811 588 1878 per
605 1810 707 1859 renas
726 1801 758 1859 et
778 1809 880 1878 poros
895 1786 1029 1858 occulta
1044 1788 1214 1860 viscerum
1232 1787 1405 1880 fundituspt·

196 1889 323 1959 cerret,
353 1892 385 1948 et
411 1898 450 1948 ve
490 1889 651 1968 corrupta
671 1876 817 1959 solidet,
844 1875 894 1945 vel
916 1875 1101 1948 tumefacta
1129 1879 1239 1950 noxiis
1256 1871 1406 1947 humoulu

195 1979 328 2056 purget.
357 1972 427 2037 Tua
449 1986 526 2037 vero
544 1965 750 2038 venerabilis
775 1964 947 2036 medicina
971 1987 1039 2036 non
1069 1988 1184 2038 moras
1204 1965 1349 2040 innectit,
1368 1977 1406 2026 not

194 2077 282 2143 quae
298 2077 319 2125 a
335 2054 478 2126 medicis
494 2054 698 2137 custoditur,
718 2053 850 2126 diaetae
863 2053 1104 2125 discretionem
1124 2056 1276 2143 quaerit;
1298 2051 1347 2123 sed
1366 2067 1408 2115 nu
1441 2115 1442 2120 ,

195 2155 233 2214 ut
249 2165 386 2214 summo
402 2155 501 2214 tenus
519 2144 683 2236 tangitur,
702 2143 797 2214 salus
817 2143 1037 2234 integerrima
1054 2156 1244 2234 reparatur.
1259 2143 1340 2214 Solve
1351 2157 1407 2224 erga

195 2245 312 2324 pater,
336 2232 448 2312 solve,
476 2232 635 2314 obsecro,
660 2231 870 2324 ligaturam,
897 2244 1022 2303 ettam
1048 2232 1321 2324 incomparabilis
1340 2223 1409 2298 ned·

195 2321 293 2392 cinae
317 2322 417 2393 nobis
441 2319 537 2391 trade
559 2321 729 2392 notitiam.
755 2319 941 2393 Videamus
964 2331 996 2391 et
1025 2343 1086 2391 nos
1118 2317 1365 2394 inaestimabiles
1382 2335 1409 2400 pt·

195 2421 413 2500 gmenterum
430 2421 569 2481 tuorum
583 2410 726 2500 species,
743 2409 928 2480 odoremus
938 2408 1218 2497 jucundissimas
1237 2407 1408 2500 fragrantiae

194 2510 387 2600 aromatum
415 2498 610 2570 suavitates.
636 2500 717 2600 llja,
744 2498 885 2600 fratres,
911 2497 1039 2580 audite,
1058 2497 1200 2573 libellus
1215 2495 1408 2584 sacradssiutl

194 2609 269 2678 ejus
293 2600 380 2658 ntae
396 2608 509 2658 coram
536 2601 672 2660 cunctis
694 2599 837 2676 aperiat,
854 2609 942 2677 quas
960 2598 1154 2659 aromatum
1175 2589 1301 2678 species
1320 2584 1374 2671 ejus
1387 2596 1408 2642 tt

194 2698 231 2747 se
252 2675 423 2746 medicina
438 2675 622 2757 contineat,
645 2675 874 2748 saluberrima
898 2675 959 2746 illa
981 2673 1161 2759 conlectio,
1180 2678 1304 2767 quibus
1321 2687 1410 2744 amna·

194 2764 287 2836 tibus
306 2775 448 2834 constet.
475 2763 562 2835 Dicit
580 2764 672 2834 enim
699 2765 787 2836 inter
802 2777 947 2844 caetera,
968 2763 1050 2852 quia
1067 2765 1251 2855 cujusdam
1273 2751 1410 2852 lulianil·
1439 2805 1440 2832 t

194 2853 280 2923 lium
301 2865 419 2943 guttur
435 2852 598 2943 gravabat
621 2853 864 2925 miserabiliter
888 2852 1073 2934 tumidum,
1100 2855 1161 2941 qui
1178 2877 1257 2926 cum
1277 2854 1356 2925 berto
1369 2861 1411 2910 ud

194 2940 329 3012 delatus
347 2940 484 3042 luisset,
511 2954 544 3012 et
572 2963 652 3013 cum
675 2955 771 3031 pater
791 2963 852 3032 pro
875 2941 948 3012 filio
970 2941 1242 3031 lacrymabiliter
1264 2937 1409 3032 postularet.

193 3029 400 3100 venerabilis
425 3053 476 3100 ιιι
491 3029 666 3119 quandam
688 3030 948 3111 confectionem,
972 3029 1014 3100 de
1032 3052 1121 3122 pane
1141 3032 1305 3112 videlicet,
1319 3041 1410 3099 etcen.

195 3132 228 3188 et
244 3116 320 3188 oleo
340 3116 480 3200 faciens,
507 3140 613 3209 super
636 3123 708 3208 ejus
729 3117 872 3190 vulnera
897 3118 1022 3209 posuit,
1050 3131 1082 3190 et
1098 3118 1186 3192 sacto
1211 3119 1319 3192 Crucis
1339 3115 1411 3202 sipa·

193 3206 283 3288 culo,
299 3207 412 3276 statim
434 3208 467 3277 in
488 3207 599 3297 ipsius
612 3207 714 3278 borae
732 3221 860 3298 puncto
876 3229 1013 3278 omnem
1031 3221 1159 3299 pestem
1178 3210 1221 3280 de
1236 3209 1309 3298 ejus
1321 3215 1411 3306 guttur
1438 3241 1439 3300 p

195 3294 399 3366 mirabiliter
422 3296 595 3387 effugavit.
621 3296 791 3378 Audistis,
819 3295 939 3368 fratres
962 3297 1159 3378 carissimi,
1190 3321 1279 3387 quae
1306 3307 1410 3388 pignu-

195 3396 307 3456 torum
326 3405 451 3475 genera
469 3387 630 3476 egregius
651 3397 765 3456 noster
780 3385 936 3456 medicus
951 3385 1084 3466 habuit,
1101 3387 1162 3474 qui
1180 3386 1316 3459 mortale
1330 3379 1410 3451 vulnus

196 3485 288 3543 tanta
318 3473 492 3544 velocitate
519 3474 673 3546 sanavit?
697 3479 835 3556 Panem,
859 3495 987 3554 ceram,
1015 3487 1048 3544 et
1077 3474 1204 3559 oleum,
1225 3479 1410 3564 quaesusu-

195 3561 319 3632 tandae
335 3561 422 3634 vitae
446 3562 619 3633 habebant
644 3583 757 3644 usum,
785 3564 820 3633 in
846 3562 1062 3634 medicinalis
1086 3585 1189 3636 curae
1213 3559 1365 3636 transtulit
1380 3574 1409 3648 n·

195 3661 439 3722 strumentum.
469 3656 507 3722 Et
529 3650 622 3722 unde
648 3652 750 3722 vitam
780 3651 892 3723 alebat
915 3673 1027 3733 suam,
1061 3653 1141 3724 inde
1170 3666 1308 3724 mortem
1329 3641 1409 3736 repulit
1437 3653 1438 3666 ¹

195 3738 356 3810 alienam.
388 3741 574 3830 Speciebus
606 3739 761 3810 videlicet
796 3753 897 3812 utens
931 3740 1155 3824 domesticis,
1192 3739 1407 3826 aestimationem

195 3828 295 3919 pretii
320 3829 446 3900 minuit
470 3829 671 3921 peregrinis.
697 3828 889 3917 Aliquando
912 3830 1112 3919 aegrotandi
1131 3831 1209 3902 citri
1230 3831 1354 3922 peciam.
1373 3818 1409 3888 ³¹¹·

194 3917 334 4005 quando
349 3917 498 3988 caricum
519 3918 715 4020 porrigebat
728 3943 743 3985 :·
761 3931 794 3989 et
813 3917 1014 4008 hujusmodi
1037 3919 1227 3990 curationis
1245 3908 1407 4022 generalla·

193 4005 236 4076 ad
255 4006 422 4096 perlectae
441 4005 648 4078 valetudinis
672 4008 789 4090 robur,
814 4006 958 4098 expulsa
981 4008 1077 4078 omni
1096 4008 1273 4100 languoris
1291 3999 1406 4094 molesti.

196 4095 386 4176 revocabat,
404 4115 455 4174 ea,
475 4093 543 4163 nisi
559 4094 670 4177 lallor,
684 4096 883 4177 intentione,
899 4107 937 4167 ut
955 4096 1039 4184 quia
1054 4108 1199 4186 uterque
1213 4098 1268 4168 hic
1280 4095 1405 4184 fructustu

195 4184 358 4278 Romanis
373 4183 505 4254 linibus
518 4183 612 4274 apud
625 4184 793 4271 quosdam
811 4184 920 4256 rarior
935 4186 1098 4268 cernitur,
1112 4185 1307 4258 medicinale
1318 4169 1405 4264 aliqud

193 4262 300 4361 luisse
324 4272 532 4372 crederetur:
547 4271 666 4359 sicque
682 4273 767 4344 dum
792 4284 949 4363 reparata
965 4273 1061 4346 salus
1082 4269 1403 4348 medicinuetribuitnn
1435 4311 1436 4316 ,

196 4370 231 4417 m
249 4368 484 4430 aestimatione
509 4359 689 4431 hominum
715 4362 905 4433 sanctitatis
928 4363 1003 4454 ejus
1026 4363 1146 4454 opinio
1170 4365 1361 4436 minueretur.
