2932 4812
243 283 307 347 fild
566 300 604 346 ιιι
628 299 655 347 s.
682 276 880 346 erasmiana
903 296 1102 346 consessum
1277 275 1353 340 ott.
1375 275 1403 338 :tt

91 405 95 414 ·
198 385 245 454 td
272 383 334 452 hoc
354 384 484 473 quippe
504 384 661 473 pertinet,
682 381 773 471 quod
800 382 841 462 is,
861 381 990 468 quibus
1013 383 1186 452 sanitatem
1200 381 1347 450 restituere
1362 397 1410 446 cu·

200 473 326 564 piebat,
354 493 455 562 saepe
474 470 779 562 superponendum
797 470 895 558 quid,
914 469 1006 542 velut
1020 471 1243 560 emplastrum,
1263 487 1350 554 saepe
1367 486 1411 534 co

199 561 408 634 medendum
432 559 577 647 aliquid,
603 560 704 648 quasi
726 557 931 628 medicinale
953 558 1159 641 antidotum,
1181 555 1363 628 eonlerebat:
1382 575 1411 622 eo

199 650 379 732 nimirum,
402 661 440 719 ut
454 649 588 740 opinor,
608 647 734 727 studio,
761 661 811 728 ut,
837 646 920 718 dum
950 647 1136 718 herbarum
1154 648 1256 726 virtus,
1269 643 1315 712 rel
1332 643 1411 712 medi

197 739 363 810 cinalium
380 738 571 828 specierum
590 737 741 828 potentia
757 735 921 817 ereditur,
943 757 1162 893 neguaqnam
1179 732 1340 806 sanctitatis
1352 751 1412 800 susc

199 829 330 899 viribus
354 827 509 896 restituta
534 826 663 898 sanitas
691 826 905 904 ascribatur;
931 837 964 894 et
1008 847 1066 895 um
1086 826 1129 896 ab
1149 847 1186 896 eo
1209 819 1354 894 medicina
1371 841 1412 888 sn-

198 918 355 1075 scifiitur,
386 917 497 1005 magis
524 915 693 996 medicus,
715 936 820 1004 quam
847 927 1005 996 sanctus,
1036 913 1111 986 e'sse
1137 913 1283 984 videatur.
1304 907 1357 979 sed
1373 907 1410 974 dic

199 1007 245 1075 mi
274 1006 296 1086 i,
318 1027 338 1074 o
362 1004 450 1075 bone
466 1003 610 1085 medice,
628 1003 696 1084 dic,
719 1003 925 1074 venerabilis
946 1003 1088 1082 medice,
1111 1000 1406 1073 undeceniectionen

197 1107 266 1164 tam
287 1093 447 1174 efficacis,
467 1107 533 1163 tam
559 1093 693 1164 subitae
709 1092 846 1162 virtutis
870 1091 995 1162 nostris
1015 1091 1147 1162 linibus
1164 1089 1300 1170 attulisti,
1317 1101 1350 1156 ut
1365 1103 1409 1152 ιιι

197 1183 322 1264 triduo,
347 1203 414 1252 non
430 1181 549 1263 biduo,
572 1204 639 1252 non
663 1181 712 1250 vel
733 1181 839 1252 unius
857 1181 1021 1262 momenti
1034 1181 1147 1270 spatio
1166 1189 1362 1270 exspectetur,
1375 1171 1413 1270 scd

197 1291 276 1340 mox
300 1285 338 1341 ut
362 1269 516 1341 adhibita
539 1269 654 1350 suerit,
677 1270 790 1340 statim
808 1270 922 1339 omnis
948 1269 1002 1338 lan
1031 1291 1105 1350 nor,
1133 1291 1230 1339 omne
1250 1267 1359 1337 vulnus
1370 1283 1415 1352 pn·

197 1360 306 1430 stinae
332 1359 436 1430 saluti
464 1361 688 1430 restituatur?
712 1357 891 1446 Epithema
908 1291 1079 1445 siquidem
1105 1381 1224 1428 curare
1245 1377 1304 1427 non
1326 1361 1413 1444 potest.

198 1449 266 1517 nisi
280 1448 411 1518 tamdiu
425 1449 551 1520 tumori
562 1448 715 1536 adjaceat
727 1447 996 1546 superpositum,
1013 1445 1122 1516 donec
1135 1447 1185 1517 rel
1200 1448 1333 1536 vigorem
1345 1459 1413 1512 suun

197 1559 257 1628 per
279 1536 430 1607 occultos
458 1549 590 1607 meatus
611 1537 644 1607 in
661 1535 815 1625 corporis
832 1535 994 1605 interiora
1017 1534 1243 1616 transfundat,
1268 1533 1312 1602 vel
1330 1531 1415 1622 buno·

196 1647 267 1696 rem
285 1625 485 1716 pestiferum
507 1625 641 1696 virtutis
667 1647 750 1696 suae
770 1623 919 1713 potentia
940 1623 982 1694 ad
1003 1624 1168 1694 exteriora
1193 1623 1335 1714 trajiciat.
1357 1625 1413 1686 ιιι·

196 1713 314 1785 dotum
341 1736 430 1794 vero,
462 1714 554 1802 quod
578 1736 636 1784 ore
661 1713 861 1804 percipitur,
892 1733 1031 1783 necesse
1052 1725 1103 1782 est
1129 1725 1169 1784 ut
1191 1726 1321 1784 eatenus
1340 1724 1414 1778 mom·

196 1803 309 1884 saciat,
331 1823 512 1893 quousque
529 1825 590 1893 per
606 1824 708 1873 renas
727 1814 760 1872 et
779 1823 881 1892 poros
897 1801 1031 1872 occulta
1046 1802 1215 1874 viscerum
1234 1799 1412 1880 lunditnsps·

197 1905 324 1973 netret,
355 1907 387 1962 et
413 1891 462 1961 vel
491 1903 652 1981 corrupta
673 1889 817 1972 solidet,
845 1890 896 1959 vel
916 1889 1102 1962 tumefacta
1130 1891 1240 1962 noxiis
1258 1883 1414 1960 humoribus

196 1993 330 2072 purget.
358 1986 428 2050 Tua
451 2001 527 2050 vero
546 1979 752 2050 venerabilis
776 1977 948 2050 medicina
972 1999 1041 2050 non
1070 2001 1186 2051 moras
1205 1976 1354 2052 innectit.
1374 1989 1414 2040 ιιι

195 2091 284 2158 quae
299 2091 320 2140 a
336 2069 480 2140 medicis
496 2067 699 2150 custoditur,
718 2067 851 2138 diaetae
864 2067 1105 2138 discretionem
1125 2069 1277 2156 quaerit;
1299 2065 1352 2136 sed
1371 2080 1415 2128 not

196 2169 234 2228 ut
250 2179 388 2228 summo
403 2170 502 2229 tenus
521 2158 684 2248 tangitur,
703 2157 798 2228 salus
818 2156 1039 2248 integerrima
1055 2171 1245 2246 reparatur.
1259 2155 1345 2228 Solve
1356 2169 1415 2244 ergo.

197 2259 313 2338 pater,
337 2245 450 2327 solve,
477 2246 637 2328 obsecro,
660 2245 872 2337 ligaturam,
898 2258 932 2316 et
954 2257 1023 2316 tarn
1049 2245 1325 2337 incomparabilis
1346 2237 1417 2334 medl-

196 2336 295 2405 cinae
318 2335 418 2408 nobis
443 2333 538 2404 trade
562 2335 729 2406 notitiam.
756 2332 942 2405 Videamus
965 2344 998 2404 et
1026 2355 1088 2404 nos
1119 2331 1371 2406 inaestimabiles
1389 2347 1418 2414 pt·

196 2436 414 2514 gmentorum
432 2435 570 2523 tuorum
584 2423 727 2515 species,
743 2423 929 2494 odoremus
939 2421 1219 2510 jucundissimas
1238 2418 1416 2513 fragrantium

196 2526 388 2614 stromatum
416 2523 611 2582 suantates.
637 2513 719 2613 dja,
745 2511 886 2594 iratres,
913 2511 1040 2593 audite,
1060 2510 1200 2585 libellus
1216 2506 1417 2598 sacratissime

196 2623 270 2691 ejus
294 2613 381 2672 vitae
397 2622 512 2672 coram
537 2613 673 2672 cunctis
696 2600 838 2690 aperiat,
856 2622 942 2690 quas
961 2611 1155 2672 aromatum
1176 2603 1306 2691 species
1325 2597 1417 2685 ejusn

196 2711 232 2790 se
253 2689 423 2760 medicina
440 2688 622 2770 contineat,
646 2689 875 2761 saluberrima
900 2687 960 2759 illa
982 2689 1161 2771 conlectio,
1181 2691 1309 2780 quibus
1327 2699 1419 2781 aunt·

195 2779 288 2850 trbus
308 2790 449 2849 constet.
477 2777 563 2848 Dicit
581 2778 674 2848 enim
700 2778 788 2849 inter
804 2789 947 2856 caetera,
969 2777 1052 2865 quia
1068 2778 1252 2869 cujusdam
1275 2773 1419 2866 loliani·

195 2867 281 2939 lium
302 2879 421 2958 guttur
436 2867 599 2958 gravabat
623 2866 866 2937 miserabiliter
888 2865 1075 2947 tumidum,
1101 2867 1162 2954 qui
1179 2889 1260 2938 cum
1279 2867 1421 2938 beatot'trss

195 2955 330 3026 delatus
348 2955 485 3054 luisset,
512 2969 545 3026 et
573 2977 654 3026 eum
676 2968 772 3044 pater
792 2977 854 3046 pro
877 2953 949 3025 filio
973 2954 1243 3045 lacrymabiliter
1266 2950 1419 3046 postulant.

195 3043 401 3114 venerabilis
427 3044 478 3114 vir
492 3044 668 3132 quandam
690 3043 950 3124 conlectionem,
973 3042 1122 3134 depone
1142 3044 1310 3128 videlieet,
1326 3053 1420 3114 atem·

196 3145 229 3202 et
245 3131 320 3201 oleo
341 3131 482 3214 iaciens,
509 3154 614 3223 super
637 3136 710 3222 eius
731 3133 873 3204 vulnera
899 3131 1024 3222 posuit,
1052 3145 1084 3203 et
1099 3131 1187 3204 facto
1212 3135 1327 3205 Crucis
1346 3129 1420 3215 sign·

194 3219 284 3302 eolo,
301 3221 414 3320 statim
435 3221 469 3290 in
489 3221 600 3311 ipsius
614 3222 716 3292 horae
733 3235 862 3311 puncto
877 3242 1014 3290 omnem
1033 3233 1160 3312 pestem
1179 3221 1223 3292 de
1239 3224 1315 3312 ejus
1328 3227 1421 3320 gntus

197 3309 400 3380 mirabiliter
423 3309 596 3400 effugarit.
623 3310 794 3391 Audistis,
820 3309 940 3380 iratres
963 3310 1161 3391 carissimi,
1191 3334 1282 3399 quae
1312 3321 1421 3402 pigner·

197 3411 309 3470 torum
327 3419 453 3500 genere
471 3400 631 3489 egregius
652 3411 766 3468 noster
781 3399 938 3469 medicus
952 3397 1085 3480 habuit,
1102 3400 1163 3486 qui
1181 3400 1323 3472 mortale
1338 3393 1421 3466 rutra

198 3499 290 3557 tanta
319 3487 494 3559 velocitate
521 3488 675 3557 sanarit?
698 3493 836 3569 Panem,
861 3509 989 3568 ceram,
1016 3499 1050 3557 et
1078 3488 1205 3571 oleum,
1227 3511 1317 3577 quae
1333 3492 1422 3577 susten·

197 3575 321 3646 tandae
337 3576 423 3647 vitae
448 3575 621 3648 habebant
645 3597 759 3656 usum,
786 3578 821 3646 in
848 3575 1064 3646 medicinalis
1087 3599 1191 3649 curae
1215 3573 1374 3650 transtulit
1390 3585 1421 3660 rt·

196 3676 441 3736 strumentum.
470 3669 508 3735 llt
531 3664 625 3736 unde
650 3665 752 3735 vitam
781 3663 893 3736 alebat
916 3687 1028 3747 snam,
1062 3665 1143 3736 inde
1172 3679 1316 3738 mortem
1339 3653 1421 3750 sepult

196 3752 357 3824 alienam.
390 3753 576 3843 Speciebus
608 3752 763 3824 videlicet
798 3765 898 3824 utens
932 3753 1156 3836 domesticis,
1193 3753 1420 3838 aestimationem

198 3842 297 3933 pretii
321 3843 448 3914 minuit
471 3841 673 3933 peregrinis.
699 3842 890 3930 Aliquando
914 3843 1113 3934 aegrotandi
1133 3843 1212 3914 citri
1233 3845 1366 3935 peciam,
1385 3830 1421 3902 al·

196 3931 335 4020 quando
351 3931 500 4002 caricam
521 3931 716 4032 porrigebat
730 3956 746 3998 :·
763 3943 796 4002 et
815 3931 1016 4021 hujusmodi
1039 3933 1229 4003 curationis
1248 3951 1363 4035 genere
1374 3921 1420 4020 lili

196 4020 238 4090 ad
256 4019 425 4109 perlectae
443 4018 649 4091 valetudinis
673 4021 790 4101 robur,
816 4019 960 4111 espnlsd
982 4021 1079 4090 omni
1099 4021 1277 4112 languoris
1298 4009 1420 4106 molestrjl.

198 4108 388 4189 revocabat,
406 4129 457 4188 ea,
478 4107 545 4178 nisi
560 4107 671 4190 fallor,
686 4109 885 4190 intentione,
900 4121 939 4180 ut
957 4109 1040 4196 quia
1056 4121 1201 4198 uterque
1215 4110 1272 4181 hie
1285 4110 1420 4195 trucium

197 4198 360 4293 Romanis
376 4197 507 4268 finibus
520 4196 614 4287 apud
627 4197 795 4285 quosdam
812 4197 921 4269 rarior
937 4198 1100 4280 cernitur,
1114 4198 1319 4270 medicinale
1332 4179 1421 4277 aliqud

195 4279 302 4377 luisse
326 4285 534 4386 crederetur:
550 4284 667 4374 sicque
684 4286 768 4358 dum
794 4298 951 4378 reparata
966 4286 1063 4359 salus
1084 4287 1276 4360 medicinae
1289 4282 1419 4360 tribuitur.

198 4387 233 4433 ιι
251 4375 487 4446 aestimatione
511 4374 692 4447 hominum
717 4377 908 4448 sanctitatis
931 4376 1006 4468 ejus
1028 4377 1148 4469 opinio
1172 4379 1378 4450 minueretur.
