2932 4812
249 277 313 340 600
525 295 564 342 na
588 295 615 342 s.
642 295 816 342 svxvssvao
839 297 920 342 rarx
944 293 983 341 cx
1007 295 1152 342 couvass.
1295 268 1368 332 DEC·
1389 265 1412 326 ll

204 377 238 448 id
263 400 283 445 a
304 377 399 447 vobis
418 377 727 448 circumscribitur.
746 380 914 460 Quocirca
938 379 1059 448 vestris
1076 379 1168 447 libris
1182 387 1306 444 utemur
1321 369 1357 438 ad
1376 367 1416 464 da·

205 465 504 536 monstrationem:
528 487 678 553 quorum
706 467 771 536 boc
797 467 897 538 nobis
922 467 1150 544 vindicamus.
1167 462 1246 554 quod
1270 473 1316 561 est
1336 477 1417 546 mags

204 554 421 636 admirabile,
443 567 476 624 et
494 553 675 626 clariorem
709 555 813 626 efficit
843 557 1034 636 victoriam,
1061 555 1153 643 quod
1177 563 1310 642 sumptis
1341 567 1416 616 arou

205 643 491 725 adversariorum,
507 644 549 712 iis
566 666 635 725 eos,
654 645 714 731 qui
733 645 908 724 resistunt,
928 645 1168 735 percutientes,
1181 641 1261 712 bello
1275 637 1418 708 evademus

205 735 410 824 superiores,
428 745 461 801 et
484 754 569 822 pure
594 733 766 823 potiemur
789 734 942 804 victoria.
962 734 1043 803 »td
1069 733 1153 804 haec
1168 731 1241 802 dixit
1257 733 1414 828 Imperator,

205 823 369 893 adversus
395 820 453 902 id,
484 821 577 909 quod
601 821 687 891 dixit
712 823 925 912 Episcopus,
954 843 1021 893 non
1048 844 1148 912 posse
1173 818 1414 892 contradicam

205 912 310 991 enim,
329 933 349 979 o
371 908 503 991 ludaei,
523 920 651 980 vestras
671 909 851 981 adducunt
875 913 1071 1002 Scripturas
1088 911 1112 980 ii
1142 911 1198 1000 qui
1215 907 1413 1000 Christnu'm

205 999 293 1079 lunt,
316 996 358 1068 ad
383 1020 483 1068 suam
505 1000 718 1088 probandam
746 1000 969 1088 opinionem,
997 1000 1047 1071 eis
1083 1000 1170 1070 citra
1201 1009 1410 1067 controversum

206 1088 376 1158 tribuetur
400 1088 541 1158 omnino
559 1089 710 1158 victoria.
732 1093 858 1158 »llaec
878 1110 959 1159 cum
984 1088 1127 1158 dixisset
1150 1094 1334 1178 Imperator,
1348 1095 1370 1149 et
1383 1099 1414 1146 sr-

206 1189 308 1246 natus
332 1177 362 1245 ei
386 1189 475 1245 esset
494 1176 713 1279 suffragatus,
732 1177 858 1248 ludaei
880 1190 1068 1268 coeperunt
1092 1177 1196 1265 loqui,
1212 1175 1372 1268 dicentes:=

249 1268 267 1353 ᾗ
291 1268 360 1337 18.
378 1287 395 1331 n
413 1268 496 1335 Cum
522 1278 740 1356 omnipotens
766 1271 854 1338 Deus
873 1265 997 1336 dixerit
1012 1267 1046 1336 in
1068 1264 1328 1337 Deuteronomio:
1347 1257 1415 1326 l'nlm

206 1355 294 1456 quod
313 1376 472 1444 eperum,
492 1364 661 1424 elnonem
677 1360 764 1425 Deus
783 1367 920 1446 praeter
942 1379 994 1424 me
1015 1355 1127 1444 (Dent.
1154 1353 1266 1444 xxx11):
1294 1345 1415 1438 quomod¹

206 1443 415 1534 vpsilesnm‚
434 1443 693 1529 quiesthomo,
720 1449 824 1514 Deum
846 1444 1049 1516 existimatis
1071 1461 1104 1514 et
1129 1442 1317 1520 nominatis,
1338 1451 1363 1508 et
1378 1449 1415 1502 tm

206 1537 290 1602 Deos
308 1530 485 1613 inducitis,
508 1553 632 1622 nempe
646 1545 678 1602 et
696 1555 789 1614 eum,
809 1533 891 1624 quia
907 1533 1008 1604 nobis
1022 1533 1159 1614 colitur,
1184 1545 1216 1602 et
1236 1538 1352 1606 lesum,
1368 1543 1413 1620 ott

206 1621 427 1690 decernentes
444 1642 519 1691 esse
535 1623 593 1692 llei
617 1621 742 1702 tilium,
760 1634 793 1692 et
818 1635 951 1711 praeter
976 1621 1038 1692 hos
1062 1622 1244 1712 spiritum?
1265 1625 1344 1692 llum
1361 1633 1415 1682 etth

206 1710 255 1779 sic
279 1709 483 1800 opinantes,
511 1732 578 1780 non
611 1723 727 1799 aperte
751 1711 981 1780 adversamini
1006 1711 1053 1792 ei,
1082 1712 1143 1799 qui
1167 1710 1279 1780 docuit
1301 1728 1356 1778 non
1373 1717 1414 1770 as:

205 1799 292 1869 alios
311 1798 404 1881 deos,
424 1799 484 1886 qui
503 1811 554 1868 est
569 1804 658 1870 Deus
676 1799 861 1888 productor
879 1802 1142 1870 universorum?
1159 1825 1176 1866 v
1196 1800 1241 1870 lld
1256 1798 1333 1867 haec
1351 1795 1414 1860 altr
1437 1878 1440 1886 Ι

204 1887 394 1978 inspiratus
410 1887 614 1958 contradixit
635 1887 820 1978 sylvester:
841 1911 858 1956 a
877 1890 913 1958 Si
930 1887 1017 1958 citra
1041 1887 1150 1959 ullam
1169 1889 1275 1958 animi
1294 1878 1414 1980 parturit·

205 1977 332 2047 tionem
359 1988 507 2046 mentem
533 1977 652 2047 vestris
668 1976 878 2050 adhiberetis
902 1977 1101 2068 Scripturis,
1129 1977 1217 2048 nihil
1240 1999 1298 2047 nos
1320 1967 1415 2042 nonlr

205 2067 326 2136 ceretis
353 2065 503 2154 opinari,
533 2067 562 2136 si
595 2066 652 2136 oet
677 2065 800 2137 Filium
826 2079 860 2136 et
884 2071 1046 2136 Sanctum
1074 2067 1241 2156 Spiritum
1266 2075 1413 2136 sutuaun·

205 2159 295 2225 Haec
318 2155 410 2224 enim
433 2176 499 2224 non
518 2154 619 2224 nobis
635 2177 656 2224 a
673 2155 772 2224 nobis
789 2155 874 2244 ipsis
889 2155 980 2225 dictu
1004 2168 1096 2235 sunt,
1115 2155 1173 2226 sed
1200 2157 1328 2224 inventa
1347 2159 1414 2220 suntv

206 2243 332 2314 divinis
347 2243 535 2332 Prophetis.
552 2249 590 2312 Et
605 2257 683 2313 ante
698 2242 784 2314 alios
797 2243 938 2332 quidem
952 2243 1036 2314 dicit
1050 2244 1154 2314 David
1166 2244 1327 2344 Propheta
1337 2241 1415 2310 etllex

85 2391 89 2400 .
205 2345 341 2422 patrum
358 2345 546 2401 vestrorum
560 2333 596 2402 in
613 2337 823 2402 servatorem
843 2344 999 2403 nostrum
1019 2355 1276 2422 praenuncians
1289 2328 1415 2402 insaniam

206 2427 316 2506 Quinc
330 2425 540 2510 fremuerant
558 2433 684 2511 pentes,
700 2433 730 2490 et
753 2424 875 2512 populi
897 2423 1052 2491 meditati
1069 2433 1147 2492 aaut
1172 2425 1292 2492 inania
1312 2421 1416 2490 amem:

204 2514 380 2581 Dominum
404 2522 434 2579 et
459 2511 618 2580 aduersus
637 2511 805 2581 Christum
826 2513 917 2601 ejus?
931 2511 1001 2600 (l's.
1021 2509 1067 2600 2).
1086 2515 1171 2581 Ecce
1194 2533 1277 2611 ergo
1295 2507 1416 2580 nontam

205 2614 237 2670 et
261 2601 432 2670 Christum
455 2599 530 2688 ejus
547 2598 677 2681 dicens,
698 2621 765 2668 non
791 2621 895 2669 unam
924 2621 1105 2689 personam
1125 2599 1271 2682 inducit,
1292 2599 1341 2671 sed
1358 2595 1417 2662 luts-

205 2690 299 2772 Quod
327 2701 439 2758 autem
468 2689 525 2758 llei
549 2687 656 2758 Filius
680 2689 724 2758 sit
755 2688 933 2769 Christus,
963 2688 1136 2778 significat
1174 2688 1266 2760 idem
1297 2685 1416 2774 nuptm

205 2777 367 2848 dicendo:
396 2780 554 2847 Dominus
574 2779 664 2846 dicit
688 2779 734 2846 ud
757 2801 822 2846 me:
842 2779 952 2847 Filius
976 2799 1069 2846 meus
1093 2801 1126 2847 es
1142 2788 1203 2848 tu:
1229 2801 1289 2868 epo
1308 2776 1419 2857 tonica:

203 2871 266 2968 uui
289 2878 319 2934 te
350 2867 489 2950 (told).
508 2866 601 2936 llius
627 2879 678 2935 est
701 2888 794 2956 ergo,
814 2866 874 2954 qni
899 2865 1041 2956 genuit,
1068 2879 1100 2935 et
1128 2865 1230 2948 alius,
1257 2869 1319 2955 qui
1340 2875 1373 2935 est
1388 2877 1420 2946 gt·

205 2966 311 3024 nitus.
340 2975 357 3019 v>

250 3045 268 3130 ξ
291 3046 368 3114 19.
386 3043 445 3112 His
458 3044 582 3114 ludaei
597 3057 851 3132 opposuerunt:
866 3067 884 3111 a
899 3044 1066 3128 Quoniam
1084 3066 1176 3134 erge,
1190 3056 1229 3114 ut
1242 3045 1421 3132 dicisgennt

204 3136 306 3214 Deus,
323 3152 401 3200 eum
427 3132 486 3219 qni
512 3147 562 3202 est
588 3132 802 3222 impatibilis,
820 3135 943 3204 statuis
968 3132 1159 3222 patibilem,
1177 3146 1210 3202 et
1228 3134 1260 3203 ei
1286 3132 1384 3204 tribuis
1395 3127 1420 3190 o‘·

204 3220 396 3291 lectionem.
418 3221 596 3303 Quomodo
623 3233 736 3290 autem
767 3221 860 3291 lilius
883 3235 934 3292 est
962 3227 1068 3303 lleus,
1097 3223 1221 3309 quiin
1251 3225 1421 3312 temporem

205 3311 354 3401 genitus,
384 3322 415 3380 el
445 3321 485 3379 ut
507 3323 605 3390 esset,
641 3309 762 3380 habuit
786 3312 820 3379 in
851 3314 1028 3401 tempore?
1052 3310 1143 3381 lllud
1168 3311 1262 3380 enim
1288 3313 1420 3382 Heliam

205 3411 270 3470 tem
300 3400 391 3480 oria,
420 3411 452 3467 et
475 3419 543 3467 non
576 3400 659 3468 sinit
684 3404 788 3468 Deum
814 3399 1004 3468 existimari
1027 3411 1221 3469 aeternum.
1252 3427 1266 3465 a
1293 3440 1337 3450 —
1353 3423 1366 3463 v
1382 3397 1419 3462 lot

205 3423 380 3578 patibilem
429 3481 677 3568 enerationem,
692 3511 712 3558 o
735 3487 867 3568 ludaei,
898 3488 933 3557 in
964 3493 1029 3558 Deo
1057 3488 1220 3570 dicimus,
1251 3486 1419 3582 dixirim

204 3575 339 3646 afflatus
364 3511 544 3666 Syivesver,
564 3576 622 3646 sed
643 3576 796 3646 divinam
815 3587 846 3646 et
866 3575 1094 3666 impatibilem
1120 3589 1153 3646 et
1178 3583 1243 3646 lleo
1269 3589 1420 3646 convenn-

204 3677 293 3736 tem:
312 3679 344 3736 et
367 3665 539 3752 quomodo
556 3665 680 3734 dixerit
694 3665 869 3754 quispiam
887 3665 1029 3736 verbum
1048 3666 1144 3737 nasci
1162 3688 1204 3735 ex
1223 3669 1420 3745 mentalem

203 3754 458 3825 introducimus
493 3753 717 3843 temporalem
750 3776 790 3823 ex
815 3759 880 3824 Deo
912 3753 973 3824 filii
999 3755 1076 3844 ejus
1110 3743 1421 3846 generationenustd

204 3845 369 3934 temporis
385 3856 556 3932 expertem
573 3855 606 3912 et
618 3855 805 3913 aeternam.
821 3848 904 3914 llam
922 3857 1117 3932 temporum
1136 3845 1420 3932 quoqueellectorm

203 3955 282 4004 cum
304 3932 382 4002 aliis
409 3933 567 4002 novimus
582 3953 658 4002 csse
677 3932 803 4002 lilium.
823 3933 967 4002 Effector
981 3944 1096 4002 autem
1115 3947 1320 4024 temporum,
1339 3935 1421 4003 nonol

204 4023 269 4092 sub
295 4034 457 4110 tempore.
476 4019 567 4091 Illud
591 4032 719 4102 autem,
737 4023 844 4091 llodt'e
867 4024 1032 4118 pensile,
1051 4021 1182 4091 dictum
1208 4045 1227 4091 a
1253 4023 1373 4100 Doride,
1387 4031 1421 4110 :tot

203 4130 389 4197 supernam
415 4121 448 4180 et
464 4131 552 4196 quae
568 4122 619 4180 est
638 4122 717 4179 ante
734 4109 862 4192 secula,
881 4122 913 4180 et
928 4110 960 4179 ei
978 4111 1147 4191 convenit,
1165 4109 1349 4182 divinitatis
1360 4110 1423 4197 sipu-

204 4194 283 4293 llcat
298 4199 566 4286 generationem,
586 4198 644 4268 sed
659 4221 748 4283 eam,
761 4221 850 4287 quae
864 4211 914 4271 est
929 4197 1085 4282 inferius,
1104 4213 1260 4287 quaeest
1274 4201 1306 4268 iu
1322 4198 1424 4293 tenpptl

204 4292 236 4347 et
255 4305 426 4378 incarne,
445 4309 550 4375 quam
576 4289 728 4378 suscepit
754 4300 892 4378 propter
920 4301 1073 4360 nostram
1090 4287 1249 4360 salutem.
1276 4293 1351 4360 Nam
1370 4297 1425 4356 nit

204 4367 343 4451 quidem
362 4373 418 4444 hic
442 4375 609 4466 Propheta
627 4377 799 4449 Christum
817 4389 850 4447 et
874 4383 980 4450 Deum
1002 4391 1080 4448 ante
1101 4377 1228 4450 secula.
1247 4298 1425 4472 Quamobvivt

1394 4571 1428 4760 t
