2954 4816
44 301 119 364 UEC.
145 300 188 364 25
434 317 473 364 nu
498 317 525 364 s.
553 315 727 365 anaarasra
754 317 897 364 aanrrnr
1193 298 1252 362 tat

43 417 67 470 te
83 402 162 470 haec
186 401 313 482 omnia,
333 399 480 481 diabole,
499 413 532 470 at
551 400 613 470 tibi
631 400 700 472 sint
717 401 792 469 soli:
810 401 975 488 quoniam
992 423 1071 470 curn
1088 401 1137 470 eis
1157 401 1301 470 traderis

40 489 75 558 ad
100 489 286 559 interitum.
314 489 371 559 Sin
397 500 511 559 autem
538 487 677 569 ellicies,
702 502 741 559 ut
771 488 987 580 flagellorum
1012 511 1149 580 quoque
1173 488 1298 558 faciam

41 577 237 668 periculum,
255 589 288 648 et
308 577 363 648 his
391 577 538 647 vinculis
563 589 595 648 et
619 577 809 650 collaribus
832 577 993 668 gravabis
1020 578 1146 648 collum
1170 599 1298 658 meum,

40 681 112 738 tunc
138 680 313 754 tamquam
338 666 477 754 aliquod
508 665 587 735 colli
612 677 867 748 ornamentum,
895 665 986 754 quod
1014 667 1097 736 mihi
1130 668 1299 756 impones,

40 755 154 826 collare
172 767 323 845 gestans,
341 755 472 825 Christo
497 757 671 845 apparebo
694 757 822 845 gratior
852 768 885 826 et
912 755 1108 826 venustior:
1134 755 1300 841 quoniam

42 846 104 932 ipsa
126 855 176 914 est
205 848 360 914 Servator
380 865 478 914 meus
502 855 535 913 et
558 843 717 914 defensor
741 865 862 927 meus,
889 857 921 914 et
946 845 979 914 in
1005 865 1044 914 eo
1069 845 1217 934 speravit
1241 864 1301 912 cor

41 955 194 1003 meum.»

76 1025 190 1108 ΜΒ.
213 1021 371 1109 lfartyris
395 1022 510 1108 itaque
533 1020 640 1090 animi
667 1020 942 1111 magnitudinem
967 1020 1159 1090 admiratus
1184 1021 1221 1088 Ul
1252 1020 1300 1090 ia-

41 1133 109 1192 nus,
128 1122 160 1180 ct
180 1122 277 1180 ratus
301 1110 383 1191 fore,
403 1121 441 1181 ut
455 1131 531 1178 earn
553 1109 701 1179 molliret
725 1123 887 1201 ternpore,
909 1131 997 1196 quae
1014 1109 1134 1180 cedere
1150 1041 1299 1188 nolebat,

42 1200 71 1266 in
90 1199 201 1268 animo
226 1198 374 1269 habebat
396 1200 471 1288 ejus
490 1218 631 1268 causam
656 1197 794 1268 differre
811 1199 845 1266 in
865 1199 1001 1268 tertium
1018 1198 1123 1267 diem.
1142 1196 1206 1267 Illa
1221 1219 1299 1266 vero

43 1287 69 1354 ei
85 1301 217 1443 propter
235 1309 367 1357 moram
386 1286 586 1378 indignans:
604 1309 622 1352 a
638 1292 728 1368 lam,
747 1286 870 1373 inquit,
889 1287 1125 1357 existimabas
1142 1301 1208 1356 tras
1225 1285 1299 1354 dies

45 1375 116 1446 miri
148 1377 391 1466 praeteriisse,
417 1388 450 1445 et
474 1376 560 1445 meis
591 1375 703 1444 verbis
734 1375 890 1444 animum
916 1374 1054 1444 adhibe.
1087 1379 1171 1444 Ecce
1206 1374 1299 1444 enim

41 1464 144 1542 eadam
171 1464 234 1534 tibi
261 1486 354 1534 nunc
373 1463 500 1546 dicam,
526 1485 615 1551 quae
639 1463 773 1533 dictura
798 1483 875 1533 sum
904 1475 979 1554 post
1002 1463 1297 1533 deliberationem.

43 1557 113 1622 Deos
136 1565 213 1624 tuos
239 1575 307 1623 noo
336 1552 433 1628 colo.
459 1564 492 1622 et
515 1563 593 1622 tuae
615 1562 649 1621 et
671 1551 892 1642 Imperatoris
928 1572 1082 1642 repugno
1119 1551 1297 1621 voluntati.

41 1642 188 1712 Sacrifico
212 1654 330 1712 autem
356 1640 566 1712 sacrificium
597 1640 711 1711 laudis
739 1639 934 1710 seculorum
960 1642 1043 1730 Regi
1069 1641 1212 1718 Christo,
1240 1641 1300 1727 qui

42 1743 85 1798 ast
101 1752 194 1802 meus
218 1743 254 1800 et
277 1729 373 1800 solus
396 1728 602 1800 immortalis
619 1735 720 1810 Ueus,
741 1750 884 1819 proquo
908 1728 1010 1798 etiarn
1033 1728 1202 1818 profundo
1226 1729 1302 1798 ani-

46 1835 132 1900 rnarn,
153 1832 186 1889 et
211 1831 271 1888 tua
298 1832 463 1889 tormenta
488 1818 652 1910 despicio,
678 1831 716 1887 ut
740 1817 853 1888 solum
875 1817 1045 1887 Christum
1069 1817 1297 1898 lucrifaciam,

47 1907 94 1990 qui
108 1919 153 1978 est
168 1908 240 1976 vita
257 1918 406 1977 aeterna.
427 1930 445 1975 »
469 1906 531 1977 Ille
556 1929 682 1977 verm«
709 1907 878 1987 Sciebam,
899 1905 1022 1994 inquit,
1041 1905 1123 1986 lore,
1143 1919 1182 1976 ut
1205 1907 1300 1974 sirni-

46 1991 99 2063 len
117 1997 240 2066 Christi
266 2007 409 2065 mortem
435 2009 471 2065 tu
490 2018 627 2083 quoque
646 1993 750 2066 stulta
774 1995 928 2095 eligeres.
954 2017 972 2062 »
998 1992 1061 2063 llfa
1081 2008 1194 2064 autern
1221 2015 1302 2062 curn

44 2081 203 2166 audiisset,
223 2096 260 2154 et
282 2107 322 2154 er
339 2105 379 2153 eo
402 2084 492 2172 quod
511 2085 641 2154 dicturn
660 2097 743 2166 erat,
759 2082 922 2154 laetitiam
939 2083 1142 2174 accepisset:
1163 2087 1302 2150 «Amen

46 2177 133 2242 laren
160 2173 222 2242 fiat
249 2173 357 2254 mihi,
385 2173 519 2262 inquit,
547 2173 677 2243 Christe
713 2173 758 2242 mi
789 2193 915 2262 sponsa
938 2184 971 2241 et
996 2177 1075 2241 lter.
1110 2197 1122 2230 ι
1149 2168 1302 2240 Pontifex

49 2272 143 2328 autern
161 2262 387 2352 interrogavit
404 2261 572 2351 protinus:
589 2284 607 2328 a
626 2260 714 2344 Quid
732 2260 798 2331 sibi
816 2260 887 2330 vult
905 2259 989 2331 illud
1006 2261 1129 2330 Amen?
1143 2281 1161 2326 »
1177 2264 1303 2347 Martyr

50 2367 155 2444 reru«
177 2350 244 2421 Sed
271 2363 308 2420 tu
327 2371 392 2419 non
414 2371 461 2432 es,
481 2351 604 2437 inquit,
621 2351 750 2441 dignus
767 2349 826 2438 qui
847 2349 912 2420 hoc
928 2349 1053 2419 discas.
1070 2353 1174 2420 Uerno
1194 2347 1299 2428 enirn,

49 2439 151 2522 inquit,
177 2439 240 2526 qui
267 2439 368 2530 sapit,
394 2439 605 2508 commiserit
628 2453 845 2530 unguentum
872 2439 944 2508 vasi
969 2439 1073 2527 putri.
1094 2460 1112 2504 »
1133 2436 1302 2526 Ulpianus

46 2537 142 2594 autern
162 2527 245 2598 fecit
269 2539 307 2596 ut
331 2538 505 2598 statuerat:
527 2539 653 2596 etcum
679 2529 710 2596 ei
729 2526 881 2598 dedisset
897 2527 1083 2600 terminum
1106 2526 1211 2595 trium
1230 2523 1303 2593 die-

45 2631 122 2712 rum,
147 2616 254 2686 tradit
277 2637 352 2686 earn
379 2615 584 2686 mulieribus
607 2617 808 2706 gentilibus,
834 2627 867 2686 et
893 2638 982 2703 quae
1006 2636 1130 2704 genere
1154 2612 1196 2683 ad
1226 2633 1302 2682 carn

45 2704 242 2786 attinebant,
275 2702 461 2775 mulierum
488 2726 645 2775 sermone
679 2717 711 2774 et
735 2703 869 2775 dierum
900 2702 1117 2795 longitudine
1146 2701 1237 2782 fore,
1265 2713 1303 2771 ut

46 2793 187 2862 nonnihil
213 2794 419 2864 sententiam
443 2805 601 2874 mutaret,
620 2793 832 2863 existimans.
850 2793 913 2862 Illa
931 2815 1009 2862 vero
1034 2815 1113 2861 curn
1140 2791 1206 2860 sibi
1225 2811 1303 2880 per·

45 2880 194 2952 suasisset
217 2905 264 2952 au
290 2903 346 2952 ere
371 2881 496 2971 potius,
523 2903 627 2972 quarn
652 2882 808 2951 minuere
831 2903 933 2952 suurn
962 2882 995 2949 in
1019 2881 1189 2951 Christum
1212 2879 1302 2948 desi-

45 2964 183 3052 derium,
211 2905 376 3041 mulieres
399 2969 538 3058 quidem
568 2970 669 3052 illas,
695 2983 727 3039 et
750 2969 828 3041 illos
856 2991 1055 3051 sermones,
1085 2968 1303 3038 existimabat
1326 3035 1329 3043 ,

45 3073 109 3126 essa
130 3059 250 3130 inanes
266 3058 442 3147 strepitus,
464 3059 523 3145 qui
545 3069 669 3129 temero
685 3059 952 3129 effundebantur
967 3059 1002 3127 in
1028 3079 1149 3129 aures:
1178 3079 1304 3127 manus

46 3157 144 3238 autam
162 3161 194 3217 et
209 3159 358 3216 mentem
384 3146 488 3216 simul
514 3147 548 3215 in
566 3147 673 3218 altum
691 3146 861 3226 attollens,
884 3146 925 3218 ad
951 3167 1050 3236 opem
1075 3147 1106 3216 ei
1127 3146 1302 3216 ferendam

47 3250 73 3298 in
94 3236 277 3305 certamine
297 3235 437 3304 vocabat
462 3235 647 3317 Christum,
674 3257 775 3322 quem
805 3235 982 3326 diligebat,
1010 3257 1071 3304 nec
1098 3235 1215 3306 cibum
1238 3255 1300 3303 nec

48 3329 150 3404 potum
176 3345 314 3394 sumere
337 3325 479 3394 omnino
504 3324 614 3396 tribus
637 3323 761 3394 diebus
784 3324 972 3394 sustinens.

83 3409 98 3494 ξ
121 3415 200 3482 29.
222 3413 334 3483 fertio
357 3425 470 3482 autern
489 3411 544 3482 die
561 3423 635 3502 post
653 3413 744 3482 venit
768 3435 890 3484 rursus
907 3411 1085 3502 Ulpianus,
1101 3433 1141 3481 ex
1155 3433 1194 3480 eo
1210 3409 1301 3498 quod

49 3495 131 3566 valde
147 3500 255 3583 vellet,
277 3501 420 3588 minime
443 3500 643 3591 desperans:
662 3501 719 3571 sed
746 3501 936 3591 conjiciens
951 3523 986 3572 se
1005 3498 1166 3590 praedam
1190 3513 1303 3568 tenere

49 3589 297 3674 propemodum.
330 3589 391 3660 Ubi
417 3611 493 3660 vero
520 3611 594 3660 earn
621 3590 748 3660 interro
774 3603 887 3672 asset,
916 3601 948 3659 et
975 3589 1168 3660 rescivisset
1192 3589 1305 3656 incre-

50 3688 185 3746 mentum
210 3678 404 3767 sumpsisse
427 3678 502 3768 ejus
527 3679 729 3748 sententiam
750 3613 974 3770 longitudine
991 3677 1166 3768 temporis,
1182 3687 1214 3744 et
1235 3697 1303 3745 non

25 3759 142 3874 ⁸solum
167 3767 337 3836 bonorum
365 3767 604 3856 promissione,
628 3767 686 3838 sed
711 3768 814 3836 etiam
841 3766 1092 3858 suppliciorum
1118 3763 1304 3835 formidine

50 3850 209 3923 mulierem
235 3875 311 3924 esse
331 3855 568 3943 superiorem;
594 3855 678 3942 quin
703 3856 806 3926 etiarn
830 3854 977 3926 naturali
998 3877 1135 3943 quoque
1154 3855 1302 3923 necessi·

50 3938 97 4003 tati
116 3942 254 4012 minime
277 3942 533 4024 concedentem,
552 3965 641 4031 quae
660 3959 758 4021 ,tanto
783 3954 934 4035 tempore
950 3965 1011 4013 nec
1028 3943 1144 4013 cibum
1164 3963 1226 4012 nec
1246 3964 1304 4031 po-

51 4031 109 4116 lum
126 4031 289 4120 sumpsit:
310 4046 491 4122 postquam
518 4031 601 4102 haec
625 4030 758 4102 audivit
777 4031 937 4103 sacerdos
960 4031 1125 4103 falsorum
1143 4030 1300 4110 deorum,

52 4129 79 4176 tu
99 4115 205 4187 aulam
226 4119 367 4206 quidem
394 4120 539 4210 prosilit,
558 4143 631 4190 earn
660 4143 719 4210 per
743 4141 779 4190 se
798 4119 1010 4193 contendens
1035 4121 1180 4191 trahere:
1204 4141 1303 4188 curn-

55 4215 106 4352 pte
120 4205 213 4278 vellet
227 4209 358 4296 aliquid
375 4209 485 4278 facere
501 4209 734 4290 inhonestum,
752 4223 784 4279 et
800 4208 952 4299 profanis
968 4209 1042 4279 suis
1058 4209 1126 4278 diis
1140 4207 1299 4300 dignum,

82 4303 155 4360 ntur
177 4296 304 4378 statim,
323 4297 377 4388 pla
405 4301 424 4368 a
450 4299 618 4381 immissa,
644 4297 823 4380 divinitus,
842 4311 875 4368 et
898 4298 1077 4368 oculorum
1103 4297 1181 4367 luce
1203 4297 1302 4366 orba-

62 4381 111 4458 ωδ,
123 4381 234 4456 obibat
258 4397 360 4456 totam
378 4321 533 4470 lonium,
549 4408 617 4457 non
640 4397 759 4476 potens
785 4387 898 4457 videre
913 4386 1077 4478 amplius.
1093 4387 1182 4469 Quin
1199 4387 1300 4456 etiarn
