2972 4826
73 303 172 367 bido
377 316 418 366 nn
440 319 676 368 rnansmrronn
700 319 727 367 s.
755 317 956 386 nrcomrsr.
1196 305 1259 372 495

97 406 190 490 ffb.
214 409 299 475 llaec
324 402 397 474 fere
419 405 546 488 omnia,
572 426 662 492 quae
695 403 876 492 bucusque
907 425 969 495 per
996 417 1094 477 notas
1125 429 1246 477 vocum
1272 424 1304 479 et

68 493 162 561 nentis
182 493 264 584 stylo
287 493 439 576 inculto,
468 513 528 584 pro
557 493 721 564 tenuitate
757 492 925 584 ingenioli
949 496 1056 564 nostri
1082 496 1304 597 consignavi·

67 603 131 662 nus,
144 583 353 672 omnipotens
372 583 530 674 majestas
547 604 607 673 per
624 581 824 653 mortalium
842 582 993 653 actiones
1008 585 1143 674 operari
1161 584 1304 676 dignata

64 683 112 737 est:
133 683 253 742 caetera
275 693 366 759 quae
390 683 593 761 sequuntur,
613 672 690 763 ipsa
706 671 780 742 sola
796 684 937 762 operata
950 687 1012 753 est,
1028 674 1128 764 signa
1146 674 1303 745 videlicet

65 758 193 828 virtutum
223 781 367 832 suarum
393 761 577 830 innumera
613 773 645 830 et
677 760 846 830 miranda.
874 761 1007 832 Placuit
1038 763 1131 830 enim
1165 762 1303 834 divinae

63 849 315 937 omnipotentiae,
342 848 435 936 quod
466 849 601 920 actione
633 851 814 922 temeraria
852 849 982 922 factum
1013 850 1204 933 videbatur,
1238 876 1302 924 sua

60 935 231 1010 confirmare
246 939 445 1030 operatione
471 938 634 1008 mirabili.
652 939 881 1030 ambigebant
898 940 991 1009 enim
1010 961 1077 1011 non
1100 942 1202 1030 pauci
1219 941 1302 1012 frde·

58 1024 102 1105 les,
117 1041 144 1096 et
166 1027 291 1098 ideirco
309 1039 402 1098 tanta
425 1028 536 1128 gratia
554 1041 587 1098 et
602 1027 712 1118 gloria
735 1041 769 1097 et
783 1027 981 1099 sublimitas
997 1050 1038 1098 ex
1052 1029 1170 1099 divina
1185 1029 1302 1120 dispo-

56 1113 152 1186 sitione
172 1121 296 1188 Barum
322 1115 514 1198 advenisse,
542 1128 715 1204 totamque
740 1115 874 1186 ltaliam
899 1117 1103 1200 illustrasse,
1133 1140 1200 1189 non
1228 1134 1302 1190 rata

57 1205 153 1274 nentis
187 1207 317 1276 ratione
353 1205 567 1276 credebatur.
603 1210 645 1276 Ut
672 1205 765 1275 enim
800 1205 897 1276 initio
930 1207 1108 1289 diximus,
1137 1208 1301 1297 permulti

57 1293 200 1384 principes
216 1294 249 1366 id
269 1295 398 1364 frustra
419 1315 520 1384 saepo
540 1296 655 1365 conati
676 1293 823 1364 fuerant.
843 1295 877 1365 Si
901 1295 980 1382 quis
1005 1308 1119 1366 antem
1143 1311 1298 1384 quaerat,

56 1380 92 1448 rel
112 1405 214 1454 secum
240 1384 369 1455 tacitus
390 1384 544 1466 miretur,
567 1406 631 1454 cur
653 1383 745 1472 quod
765 1383 837 1453 illis
857 1405 917 1475 per
935 1397 981 1455 tot
997 1384 1114 1454 secula
1137 1397 1300 1477 negatum

53 1483 99 1548 est,
114 1472 178 1542 istis
202 1479 290 1544 Deus
312 1474 532 1555 concesserit,
560 1472 759 1563 responderi
786 1472 837 1541 illi
863 1485 994 1561 potest:
1023 1495 1040 1540 a
1067 1477 1211 1543 (lausum
1239 1495 1301 1544 nos

53 1561 206 1631 nescimus.
225 1563 313 1646 Quis
333 1561 426 1631 enim
444 1562 603 1652 cognovit
624 1582 764 1632 sensum
792 1560 939 1642 Domini,
957 1573 1017 1630 aut
1040 1563 1119 1650 quis
1139 1561 1301 1632 consilia-

53 1647 109 1716 rius
127 1650 193 1735 ejus
215 1651 306 1721 fuit?
326 1656 397 1720 Hoc
421 1650 532 1720 solum
557 1651 727 1732 novimus,
750 1649 843 1739 quod
867 1649 937 1719 illis
956 1663 1035 1720 tunc
1058 1650 1170 1722 noluit
1186 1651 1301 1722 isthuc

52 1739 217 1820 concedere,
240 1741 337 1827 quod
364 1740 438 1810 istis
454 1761 532 1808 cum
551 1731 619 1808 sibi
642 1739 754 1808 risum
780 1738 845 1809 fuit
864 1739 1045 1808 concessit.
1064 1738 1103 1808 ld
1128 1762 1206 1810 vero
1231 1761 1299 1810 non

54 1823 135 1896 dubie
153 1849 338 1917 possumus
354 1829 536 1916 conjicere,
555 1826 646 1916 quod
665 1848 726 1918 pro
747 1827 857 1897 salute
875 1826 1053 1909 Italorum,
1072 1828 1180 1899 immo
1198 1830 1301 1900 totius

53 1915 178 2005 Europae
199 1919 240 1988 de
265 1917 348 1988 Asia
365 1937 475 2005 usque
499 1921 624 1986 Barum
648 1937 776 1986 munus
801 1917 865 1987 boc
886 1916 1122 2008 gratissimum
1146 1919 1301 2008 provisor

57 2006 176 2076 omniurn
202 2006 385 2076 transferri
411 2006 603 2096 imperavit.
623 2010 661 2075 ln
687 2005 751 2074 hac
771 2007 863 2076 enim
885 2005 957 2075 sola
983 2003 1105 2096 mundi
1131 2018 1237 2094 parte,
1265 2007 1300 2076 id

58 2103 100 2188 est,
119 2097 251 2187 Europa,
272 2094 447 2166 catholica
466 2095 573 2184 pietas
589 2094 827 2166 abundantius
844 2107 877 2165 et
896 2093 1079 2184 perfectius
1095 2093 1236 2164 colitur:
1265 2094 1300 2164 in

61 2176 115 2247 alio
132 2205 198 2256 vcro
222 2195 287 2256 aut
306 2185 359 2253 rix
384 2183 524 2266 alicubi,
545 2197 603 2252 aut
622 2205 807 2270 nusquam.
836 2207 854 2250 »
879 2182 1081 2253 collaudare
1106 2183 1212 2274 igitur
1237 2187 1301 2253 uo-
1326 2250 1328 2259 ,

62 2267 157 2340 ninum
182 2284 321 2364 oportet
346 2272 464 2344 fideles
494 2293 615 2343 omnes
640 2273 858 2361 provincias,
885 2284 917 2342 et
950 2272 1173 2352 benedicere,
1201 2270 1301 2359 eique

61 2367 143 2439 grates
154 2361 380 2453 dignissimas
404 2383 515 2452 agere,
542 2360 633 2450 quod
652 2361 686 2429 di
716 2371 891 2430 natusest
920 2361 1089 2450 respicere
1114 2360 1297 2451 populum,

60 2460 202 2526 luensuo
227 2451 407 2540 sanguine
432 2450 594 2520 redemit:
621 2449 678 2519 cui
727 2470 767 2519 oc
792 2462 944 2540 tempore
961 2463 1090 2520 tantam
1108 2449 1214 2520 voluit
1234 2449 1301 2517 im-

55 2535 143 2616 pertin'
162 2542 329 2630 gratiam,
364 2551 402 2607 ut
427 2561 486 2628 per
516 2537 698 2620 medelam,
729 2560 833 2625 quam
865 2539 924 2608 alii
949 2539 1114 2620 sentiunt,
1141 2538 1201 2608 alii
1227 2537 1301 2608 freri

52 2638 167 2696 cernunt
193 2629 225 2696 in
257 2627 479 2716 corporibus,
510 2629 705 2697 animarum
738 2639 902 2717 perpetua
926 2628 1056 2699 sanitas
1085 2627 1297 2715 acquiratur.

48 2711 137 2796 leque
157 2718 248 2786 enim
276 2714 492 2787 credendum
512 2729 573 2796 est,
593 2715 685 2803 quod
704 2737 764 2805 pro
789 2716 871 2785 solis
891 2717 1096 2808 corporibus
1119 2715 1297 2798 sanandis,

46 2817 114 2882 quae
126 2818 199 2875 sunt
214 2803 431 2893 quandoque
449 2805 482 2873 in
500 2806 632 2874 cineres
650 2803 848 2912 redigenda,
869 2805 951 2874 baec
970 2805 1114 2875 voluerit
1134 2805 1300 2876 Dominus

46 2901 139 2960 noster
152 2894 225 2964 suis
246 2893 416 2964 fidelibus
442 2907 614 2982 praestare
640 2893 818 2963 benelrcia:
846 2893 905 2963 sed
932 2905 1006 2984 post
1032 2893 1166 2964 risibile
1190 2892 1300 2963 medi-

43 2993 228 3064 camentum,
249 2981 441 3053 invisibilis
461 3003 599 3052 necesse
614 2993 665 3050 est
686 2982 860 3052 medicina
886 2982 1090 3070 requiratur.
1111 2987 1301 3070 Utrumque

42 3066 115 3136 enim
139 3092 262 3142 sanare
301 3070 454 3140 Salvator
478 3093 545 3140 non
581 3069 747 3160 despicit,
781 3071 841 3158 qui
874 3085 1059 3159 utrumque
1094 3071 1243 3141 crearit:
1271 3071 1301 3140 si

42 3163 136 3225 urnen
168 3159 321 3230 humilis
355 3159 534 3250 praecedat
565 3159 796 3250 supplicatio,
827 3159 1011 3249 cordisque
1040 3159 1212 3230 contritio.
1239 3163 1301 3227 Cor

41 3244 116 3314 enim
131 3250 320 3320 contritum
339 3261 371 3316 et
387 3247 608 3318 humiliatum
627 3251 715 3318 fleus
733 3269 799 3318 non
818 3249 961 3338 spernit.
977 3248 1045 3318 Etsi
1063 3260 1179 3318 autem
1197 3247 1300 3316 totius

41 3333 206 3423 Hesperiae
219 3339 379 3407 civitates
393 3351 426 3406 et
442 3337 636 3427 provinciae
652 3337 694 3406 de
718 3350 786 3407 tam
807 3337 953 3408 mirilico
970 3357 1112 3406 munere
1123 3337 1204 3427 jure
1220 3357 1300 3406 con-

39 3423 185 3508 gratulari
202 3423 379 3508 ridentur,
401 3437 434 3495 at
459 3437 571 3496 tamen
596 3431 722 3495 Barum
741 3426 889 3494 maxima
906 3437 939 3496 et
955 3424 1126 3516 singulari
1146 3447 1186 3495 ac
1208 3423 1300 3494 velut

41 3514 159 3603 propria
181 3515 337 3603 quadam
363 3513 564 3584 excellentia
581 3513 795 3606 praefulgere
820 3514 1044 3604 conspicitur.
1068 3518 1164 3596 Nam,
1183 3512 1300 3583 divina

41 3616 209 3688 imperante
242 3604 407 3694 potentia,
427 3603 572 3674 dimissa
606 3604 726 3694 patria,
754 3603 789 3672 in
814 3625 882 3760 (pua
907 3615 1002 3673 ortus
1032 3602 1154 3685 fuerat,
1183 3600 1300 3671 relicta

39 3687 206 3782 episcopali
230 3691 399 3763 cathedra
422 3693 479 3762 cui
504 3691 698 3782 praefuerat
726 3693 818 3782 ponti
834 3715 873 3762 ex
903 3693 983 3782 pius
1007 3703 1039 3762 et
1070 3690 1298 3773 venerandus,

42 3791 190 3928 postremo
217 3781 323 3869 quasi
349 3781 547 3871 postpositis
571 3781 676 3851 totius
706 3782 800 3852 orbis
829 3794 998 3852 terrarum
1025 3781 1182 3870 partibus
1207 3780 1297 3861 aliis,

58 3885 111 3935 ane
134 3869 197 3939 sibi
226 3869 357 3971 delegit
380 3869 499 3939 beatus
520 3869 679 3940 Nicolaus
700 3869 828 3952 sedem,
846 3871 908 3940 ubi
933 3870 1088 3957 corporis
1114 3871 1189 3958 ejus
1221 3891 1300 3939 ossa

42 3957 240 4029 sanctissima
265 3971 458 4046 quiescant.
482 3964 548 4028 flur
573 3970 687 4029 autem
713 3958 782 4040 hic',
804 3973 837 4028 et
861 3981 929 4029 non
949 3958 1045 4041 alibi,
1073 3981 1153 4028 cum
1179 3958 1249 4028 sint
1268 3972 1302 4028 et

42 4044 161 4133 majora,
187 4062 221 4118 et
247 4047 405 4128 meliora,
431 4061 463 4117 et
486 4047 647 4139 digniora
681 4045 775 4128 loca,
808 4069 908 4118 nemo
944 4069 963 4116 a
998 4049 1097 4122 nobis
1127 4048 1301 4117 curiosius

44 4135 182 4227 muniret.
200 4141 311 4208 Nosse
339 4158 378 4206 ea
403 4135 561 4218 sufficiat,
583 4157 672 4224 quae
694 4136 854 4238 Superius
878 4148 1040 4207 annotata
1069 4149 1162 4205 sunt.
1182 4135 1301 4206 Gaude

45 4231 126 4303 tptur
148 4229 279 4295 Barum
305 4224 432 4312 gaudio
449 4226 631 4316 singulari,
652 4224 711 4294 sed
737 4248 771 4293 m
796 4227 951 4295 Domino.
972 4225 1120 4298 Gaudete
1134 4227 1234 4316 justi,
1252 4226 1300 4294 ait

48 4303 198 4398 lropbeta,
227 4316 264 4383 in
294 4316 427 4383 Domino
449 4315 518 4403 (Pr.
541 4313 609 4402 32).
639 4318 677 4383 Et
701 4313 900 4404 Apostolus:
929 4315 1078 4386 Gaudete
1103 4315 1299 4384 influmine

47 4409 150 4487 temper
177 4402 327 4494 (Philip.
358 4402 416 4492 rr).
445 4403 564 4473 Exulta
588 4407 733 4483 Barum,
765 4403 824 4472 sed
853 4402 887 4472 in
916 4403 1082 4485 Domino,
1115 4403 1176 4491 qui
1212 4403 1301 4472 banc
