2972 4826
242 287 307 352 ets
585 305 623 350 us
647 305 691 352 ss.
720 307 797 352 svno
821 306 857 351 sr
883 305 1006 350 rvasrro
1030 305 1079 350 ur.
1332 283 1442 348 otto

198 389 354 478 concepit
371 389 487 458 animo
508 409 573 457 non
594 387 771 478 proculab
788 389 892 476 hujus
910 390 1007 458 urhis
1024 387 1168 456 moeniis
1184 401 1273 456 extra
1290 388 1442 455 civitatem

200 477 365 568 templum
393 476 534 546 Domino
558 478 592 544 in
613 477 813 546 memoriam
832 476 1011 546 nominum
1037 497 1156 545 eorum
1180 477 1329 564 erigere,
1354 475 1443 560 idque

198 567 231 636 in
254 566 393 636 modum
411 565 539 646 Crucis,
558 578 597 634 ut
613 587 798 655 aggressus
816 578 878 646 est,
904 566 1168 635 consummavit.
1190 569 1294 651 Atque
1312 563 1371 632 hoc
1387 565 1444 651 pri-

198 677 291 724 mum
318 653 473 723 coelestis
498 655 599 744 Regis
625 653 786 724 vexillum
811 655 845 722 in
864 654 928 723 hac
945 652 1031 723 urhe
1049 665 1200 723 erectum
1220 666 1293 732 est,
1319 665 1349 720 et
1370 651 1447 720 ovile

200 743 438 813 Dominicum:
465 742 554 811 intra
578 742 680 831 cujus
703 741 822 813 caulas
846 755 961 832 pastor
990 742 1191 811 verissimus
1219 764 1298 812 oves
1326 741 1445 831 regebat

196 831 403 911 Dominieas,
421 852 507 920 quas
526 831 680 920 pervigili
698 831 854 900 custodia
870 854 890 900 a
906 829 1064 901 saucibus
1083 831 1281 902 extrahebat
1296 832 1446 918 serpentis

195 919 411 1007 nequissimi.
432 919 529 1002 Quod
547 932 579 989 et
597 919 699 989 David
716 918 925 990 fortissimus
941 919 1153 1010 designabat,
1170 919 1308 1007 quando
1323 919 1446 987 brachia

195 1009 416 1098 confringens
436 1029 608 1090 ursorum,
627 1020 874 1095 conterensque
886 1007 974 1078 colla
990 1008 1142 1088 leonum,
1157 1029 1195 1078 ex
1215 1010 1364 1078 cruentis
1376 1007 1446 1076 den-

105 1103 110 1116 '
195 1096 289 1168 tibus
307 1109 421 1186 raptas
435 1095 588 1166 oviculas
611 1097 797 1167 auferebat.

240 1193 259 1268 ἓ
284 1189 324 1257 8.
351 1184 510 1255 Persectis
528 1186 634 1342 ipitur
647 1185 765 1275 templi
786 1187 855 1256 sive
875 1185 993 1254 altaris
1009 1185 1235 1255 dedicationis
1251 1186 1443 1276 insignibus,

194 1275 413 1360 quotidianas
442 1279 508 1343 Deo
552 1275 659 1345 audes
690 1275 724 1342 in
757 1297 796 1344 eo
826 1287 858 1342 et
889 1273 1017 1344 hostias
1040 1274 1214 1344 offerebat.
1247 1279 1318 1344 llna
1345 1287 1444 1344 autem

194 1362 328 1432 dierum
353 1363 437 1433 dum
455 1363 634 1432 blissarum
661 1363 827 1433 solemnia
844 1363 1032 1452 singularis
1051 1362 1204 1433 Pontifex
1224 1363 1351 1432 ibidem
1373 1362 1446 1432 cele

195 1451 319 1533 braret,
345 1464 377 1521 et
396 1451 494 1542 copia
519 1451 667 1521 liliorum
685 1452 774 1539 ejus,
794 1473 880 1539 quos
894 1451 989 1522 verbi
1006 1453 1135 1521 semine
1149 1453 1248 1538 juxta
1262 1452 1444 1543 Apostolum

196 1545 261 1610 [leo
285 1553 473 1630 genuerat,
506 1539 624 1610 devota
652 1541 780 1610 sanctis
801 1541 971 1630 mysteriis
999 1541 1186 1622 interesset,
1213 1541 1378 1610 audenter
1398 1545 1446 1609 lu·

194 1628 302 1699 daeus
324 1628 503 1698 ecclesiam
530 1629 706 1718 ingressus
724 1682 736 1710 ,.
760 1628 912 1718 maligno
943 1629 1127 1718 instigante
1160 1630 1310 1719 spiritu,
1336 1651 1445 1714 corpus

194 1718 409 1788 Dominicum
443 1718 640 1806 suscipere,
668 1732 768 1804 atque
789 1719 822 1786 in
851 1717 1105 1804 sterquilinium
1133 1719 1304 1808 projicere
1324 1718 1446 1788 molitus

193 1820 253 1875 est.
274 1806 338 1889 oui
356 1807 443 1876 inter
468 1805 586 1876 turbas
610 1805 764 1876 fidelium
782 1805 825 1875 ad
844 1828 968 1876 manus
987 1808 1049 1876 viri
1065 1807 1121 1876 Dei
1140 1807 1354 1896 perveniens,
1372 1827 1445 1875 ausu

194 1895 323 1964 nefario
347 1893 528 1964 immundo
544 1917 601 1964 ore
617 1916 743 1984 corpus
760 1897 912 1984 suscepit
930 1895 1159 1965 [lominicum.
1175 1895 1274 1978 Quod
1293 1909 1332 1966 ut
1346 1897 1445 1965 auimo

192 1983 368 2073 rejiciendi
389 2005 427 2054 os
446 1985 602 2073 aperuit,
629 1985 732 2072 digna
762 1984 892 2053 ultione
920 2005 1115 2072 percussus,
1147 1984 1221 2055 sine
1249 1985 1358 2055 allatu
1387 2005 1445 2052 ver·

192 2073 314 2142 borum
338 2073 474 2150 cunetis
496 2073 717 2142 audientibus
740 2084 773 2141 et
797 2071 991 2144 videntibus
1008 2073 1158 2142 clamare
1176 2074 1301 2162 coepit.
1325 2072 1444 2142 Volebat

191 2159 282 2230 labia
301 2161 473 2250 jungere,
502 2182 563 2230 nec
585 2161 735 2231 valebat:
761 2163 950 2231 conabatur
976 2161 1075 2231 verba
1100 2161 1220 2242 edere,
1250 2162 1312 2232 sed
1341 2162 1444 2250 lingua

191 2249 302 2340 rigida
317 2249 468 2318 ollicium
487 2249 648 2336 loquendi
665 2271 731 2318 non
751 2249 944 2340 praebebat,
967 2262 999 2319 et
1015 2251 1113 2336 quasi
1134 2249 1284 2340 ignitum
1301 2249 1442 2338 jaculum

190 2340 224 2406 in
242 2360 299 2408 ore
316 2349 455 2426 portans
473 2338 653 2408 immensis
674 2338 895 2424 torquebatur
917 2338 1108 2410 doloribus.
1131 2340 1327 2409 Resonahat
1346 2337 1444 2409 omnis

189 2426 247 2496 illa
265 2424 408 2495 ecclesia
434 2427 566 2515 ineptae
591 2427 683 2496 vocis
707 2428 927 2504 clamoribus,
949 2440 1065 2497 ettam
1091 2427 1219 2518 egregii
1246 2429 1369 2498 virtute
1392 2427 1444 2495 mi·

188 2515 297 2586 raouli
323 2514 445 2584 Christi
470 2513 625 2584 fidelium
652 2515 841 2586 laetabatur
863 2528 1063 2586 conventus.
1090 2517 1329 2606 Impleturque
1345 2513 1442 2585 illud:

188 2625 206 2668 e
229 2605 400 2674 derisores
419 2603 493 2693 ipse
512 2602 654 2672 deridet.
673 2627 691 2672 n
711 2605 857 2690 thuod
884 2604 1063 2694 Apostolus
1080 2605 1121 2674 ad
1150 2605 1288 2675 Galatas
1313 2605 1441 2674 scribit:

185 2695 295 2762 Nolite
321 2715 445 2773 errore,
476 2697 561 2761 Deus
586 2715 651 2762 non
678 2695 851 2763 irridetur.
875 2698 966 2777 Quae
993 2697 1079 2763 enim
1103 2697 1320 2764 seminaverit
1347 2695 1440 2768 tomo,

186 2781 267 2850 haec
291 2793 322 2850 et
338 2791 436 2850 metet
451 2781 541 2870 (Gal.
566 2783 622 2870 vr).
648 2781 800 2852 ludaeus
822 2805 903 2872 ergo
922 2781 1121 2854 incredulus
1140 2805 1200 2852 nec
1216 2783 1376 2852 audierat
1392 2803 1442 2848 nec
1475 2817 1476 2856 t

184 2869 312 2958 legerat
337 2871 399 2939 ista
420 2871 602 2959 praeconia
625 2871 899 2960 scripturarum,
925 2874 985 2958 qui
1016 2873 1146 2960 putavit
1170 2873 1321 2960 Spiritus
1342 2869 1441 2940 Sancti

98 2967 100 2972 “
184 2957 300 3026 deesse
317 2959 555 3047 praesentiam.
576 2963 682 3041 Quem
701 2960 752 3028 vir
767 2960 822 3029 Dei
837 2981 900 3029 suo
916 2960 1115 3049 conspectui
1131 2961 1342 3049 praesentari
1361 2979 1442 3048 prae·
1474 3043 1475 3050 ἵ

183 3047 284 3135 cepit,
304 3059 406 3137 atque
421 3046 615 3116 advenienti
631 3047 736 3117 dixit:
755 3071 772 3114 «
789 3047 968 3118 incredula
988 3063 1022 3118 et
1040 3049 1205 3139 perfidiae
1223 3071 1322 3119 mens
1338 3048 1438 3138 plena.

182 3155 287 3222 quare
317 3149 385 3206 tam
420 3136 528 3223 iniqui
557 3135 665 3205 hostis
690 3136 840 3225 implesti
870 3137 1083 3207 consilium?
1106 3137 1296 3208 aestimasti
1326 3157 1441 3225 corpus
1474 3159 1475 3200 t

182 3223 306 3293 Christi
327 3225 562 3294 vilissimum?
577 3229 660 3294 Ecce
675 3224 767 3312 quod
784 3225 1020 3296 clandestinus
1039 3247 1220 3326 persuasor
1237 3240 1267 3296 te
1285 3227 1439 3296 miserum
1474 3201 1475 3274 l

181 3312 287 3382 illexit
308 3329 345 3384 ut
365 3313 503 3395 laceres,
530 3317 665 3384 cunctis
689 3313 850 3384 fidelibus
879 3315 952 3384 suis
980 3314 1096 3384 divvna
1121 3315 1229 3386 virtus
1252 3313 1439 3386 ostendit.»
1473 3323 1474 3350 ³

179 3402 333 3472 Judaeus
361 3416 473 3472 autem
501 3401 608 3472 nimio
640 3402 757 3472 dolore
780 3416 988 3492 superatus,
1021 3426 1117 3474 voces
1144 3407 1298 3473 emittere
1321 3403 1439 3488 absque

180 3491 399 3562 sermonibus
425 3513 490 3560 non
517 3491 683 3572 cessabat,
712 3491 841 3561 hahens
862 3493 900 3564 ¹in
927 3505 1064 3582 gutture
1088 3515 1170 3563 suae
1195 3493 1347 3562 malitiae
1369 3511 1439 3559 cru·
1473 3519 1474 3567 t

179 3581 331 3650 clatum:
357 3581 439 3670 quia
464 3581 656 3650 secundum
682 3581 891 3650 sanctissimi
909 3582 1107 3652 vaticinium
1128 3581 1308 3663 Simeonis,
1335 3593 1370 3649 ut
1393 3580 1438 3674 in·
1472 3599 1473 3618 ¹

179 3669 328 3740 credulis
345 3681 395 3738 est
414 3669 582 3758 pernicies
606 3680 638 3738 et
663 3671 775 3750 ruina,
805 3670 851 3739 ita
868 3669 1028 3740 fidelibus
1053 3671 1127 3740 suis
1150 3671 1217 3740 vita
1236 3683 1267 3740 et
1287 3667 1439 3740 exultatio

178 3769 228 3828 est
252 3761 392 3828 verbum
417 3757 484 3828 [tei.
517 3763 601 3829 llam
631 3758 794 3828 subtilius
818 3757 1110 3848 adspectantibus,
1143 3759 1294 3830 mirabili
1320 3757 1438 3827 ratione

177 3867 304 3935 corpus
335 3847 549 3917 llominicum
576 3848 609 3915 in
643 3869 701 3916 ore
726 3847 906 3918 videbatur
929 3848 1051 3918 ludaei
1075 3848 1293 3948 dependere,
1324 3856 1362 3916 ut
1386 3863 1438 3910 nec

178 3932 316 4023 linguae
336 3937 454 4007 subter
479 3937 638 4026 compagi
664 3937 838 4018 insideret,
864 3958 924 4006 uec
950 3937 1100 4027 desuper
1117 3937 1297 4012 immundo
1321 3933 1437 4026 adhaef
1469 3950 1470 3954 ¹

177 4035 263 4092 reret
280 4023 403 4112 palato.
432 4025 495 4094 Sed
519 4025 771 4115 postulantibus
795 4024 957 4096 fidelibus
975 4048 1035 4116 pro
1059 4026 1134 4112 ejus
1152 4027 1300 4106 miseria,
1321 4023 1434 4121 virllev

175 4110 294 4182 beatus
319 4118 425 4202 Syrus
450 4136 592 4184 manum
620 4115 770 4194 tetendit,
788 4127 820 4184 et
837 4127 974 4185 sanctae
990 4115 1223 4184 Eucharistiae
1242 4127 1431 4202 mysterium

175 4223 195 4270 a
221 4201 387 4290 sacrilego
413 4225 471 4272 ore
494 4204 669 4283 abstraxit,
695 4204 835 4273 dicens:
863 4209 980 4274 «Ecce
1004 4225 1097 4274 nunc
1122 4204 1284 4272 liberatus
1309 4223 1355 4278 es,
1381 4197 1433 4263 de·

173 4304 305 4360 caetero
329 4312 408 4359 cave
433 4291 633 4380 hujusmodi
659 4292 770 4363 simile
795 4314 836 4361 ne
860 4292 977 4374 iacias,
1005 4306 1037 4362 et
1061 4315 1103 4360 ne
1124 4291 1267 4362 ulterius
1292 4301 1430 4378 repetere

173 4377 238 4446 hoc
256 4379 658 4467 praesumas.»Judaeus
673 4391 785 4451 autem
807 4380 951 4472 pedihus
966 4381 1042 4470 ejus
1063 4381 1254 4464 advolutus,
1270 4374 1428 4450 clamabat
