2946 4798
33 275 101 337 llEt'.
120 275 158 338 27
351 293 389 338 or
412 291 458 339 ss.
485 289 651 339 rnuonono
674 292 712 337 ur
736 291 924 340 ancorarnr
1167 276 1232 340 495

31 391 125 464 pastor
139 375 165 456 *,
183 377 330 463 quierat
349 375 514 462 ejusdem,
535 377 637 466 cujus
658 381 853 463 Tyrannus,
869 376 1072 472 sententiae,
1086 391 1118 446 et
1134 399 1277 448 concors

31 488 54 530 m
77 465 248 564 impietate,
266 489 324 534 ara
349 487 427 533 oum
454 487 563 542 sacro,
584 478 621 533 ut
651 479 702 534 est
727 465 760 532 in
789 465 990 552 proverbio:
1018 480 1051 534 et
1074 465 1156 534 olim
1185 487 1276 536 mor-

29 569 103 622 tuam
120 576 151 621 rn
170 554 379 624 venerandas
399 554 568 644 imagines
594 553 763 622 haeresim
789 554 1018 624 contendebat
1034 555 1193 625 excitare.
1210 554 1276 625 Sed

26 645 99 709 enim
123 643 234 728 qualia
261 656 342 714 sunt
369 643 423 710 Dei
443 642 605 732 judicia?
629 641 731 730 Virga
764 656 984 730 peccatorum
1009 644 1123 713 statim
1151 644 1184 712 in
1214 665 1277 713 nos

25 731 178 812 emittitur,
196 745 234 802 ut
258 732 306 802 vel
330 732 379 802 sio
399 730 646 822 intelligamus,
664 729 802 817 qualem
825 753 884 820 per
905 754 1066 832 magnam
1085 734 1275 802 amentiam

27 821 183 890 hominurn
210 841 436 910 provocamus
461 819 503 888 ad
528 821 628 889 iram.
648 819 773 888 Arabes
797 820 904 902 enim,
924 843 985 908 qur
1009 821 1166 890 habitant
1192 821 1277 892 soli·

26 908 156 977 tudinem
180 911 221 978 ad
248 912 444 989 Orientem,
470 908 620 978 exercitu
655 908 689 977 in
725 909 977 998 expeditionem
1016 910 1119 979 ducto
1155 925 1275 980 contra

26 1002 194 1078 Romanos,
225 999 352 1068 multae
375 997 515 1084 quidem
541 1019 662 1066 eorum
693 999 849 1087 regiones
883 998 1151 1088 populabantur,
1180 1013 1276 1069 etex

26 1085 94 1154 vicis
108 1098 136 1155 et
149 1088 240 1177 agris
262 1087 406 1176 praedas
426 1089 585 1178 agebant.
604 1085 786 1156 Faciebant
800 1101 913 1156 autem
931 1087 1035 1156 etiam
1051 1088 1274 1157 excursiones

27 1173 54 1242 in
82 1177 274 1246 monasteria
309 1198 397 1262 quae
427 1189 524 1245 erant
553 1175 588 1243 in
626 1173 839 1256 Palaestina,
870 1198 1020 1263 quorum
1058 1178 1210 1267 primurn
1241 1189 1275 1247 et

29 1261 188 1332 marimum
203 1281 277 1334 erat
301 1265 408 1334 divini
433 1264 541 1334 Sabae
567 1265 825 1344 monasterium,
859 1265 892 1332 in
919 1287 987 1354 quo
1016 1264 1072 1334 hic
1106 1287 1273 1356 magnus,

28 1351 100 1420 sicut
115 1353 202 1442 prius
227 1355 392 1433 diximus
412 1375 448 1422 se
467 1353 644 1434 exercebat
664 1352 873 1423 Theodorus,

60 1440 125 1524 §2
151 1447 237 1512 llaec
255 1443 376 1512 videns
395 1442 535 1511 divinus
561 1440 617 1511 ille
641 1442 787 1510 lrrtistos
813 1455 846 1510 et
866 1445 982 1511 Pastor
999 1442 1033 1477 *⁴*
1049 1441 1275 1533 lerosolymi-

26 1539 106 1596 tanae
126 1530 305 1612 Ecclesiae,
324 1545 356 1602 ct
376 1532 488 1600 sciens
514 1530 596 1600 haec
621 1551 695 1600 esse
744 1551 864 1599 oenam
887 1531 1028 1619 peccati,
1055 1545 1087 1600 et
1121 1533 1191 1600 irae.
1218 1555 1275 1622 po-

24 1615 133 1718 culum,
152 1634 328 1719 propterea
345 1619 436 1706 quod
462 1619 653 1708 despicatui
676 1553 821 1689 habetur
839 1631 871 1688 et
895 1618 1051 1690 aboletur
1076 1619 1273 1690 divinarum

25 1703 153 1776 adoratio
177 1712 385 1800 imaginum,
407 1711 575 1778 excitatur
596 1707 753 1797 protinus
777 1707 819 1776 ad
840 1705 963 1788 zelum,
984 1721 1016 1778 et
1040 1710 1174 1795 quaerit
1204 1730 1275 1778 rno-

25 1791 183 1882 dumque
208 1799 331 1887 poterit
349 1812 481 1867 tantum
506 1797 707 1886 extinguere
724 1795 937 1876 incendium,
964 1811 997 1867 et
1021 1797 1200 1866 ostendere
1217 1819 1274 1866 eos

28 1881 227 1968 malefacere,
245 1887 306 1974 qui
332 1899 413 1958 sunt
438 1887 548 2043 parati
569 1907 655 1955 nova
674 1885 903 1964 introducere,
921 1897 954 1954 et
979 1887 1126 1975 prompti
1152 1887 1202 1986 ad¹
1217 1909 1276 1976 pa-

29 1980 99 2038 trum
127 1975 408 2046 transmovendos
455 1975 577 2045 inritos.
606 1975 660 2042 Sic
684 1975 776 2043 enim
805 1975 1056 2044 revocabuntur
1079 1975 1217 2063 captivi,
1243 1989 1276 2043 et

28 2078 256 2149 consequentur
276 2063 548 2134 misericordiam
574 2063 747 2132 sauciatae
771 2063 920 2132 animae.
947 2063 994 2133 ld
1020 2064 1084 2133 hoc
1108 2085 1189 2153 ergo
1213 2062 1274 2132 ad-

30 2149 144 2222 modum
161 2166 279 2244 eptum
299 2165 455 2224 sanctum
475 2153 604 2222 invenit
619 2151 848 2232 Theodorum,
869 2154 981 2239 utqui
999 2165 1030 2222 et
1048 2154 1171 2221 virtute
1187 2163 1275 2244 esset

30 2234 202 2330 celebratus,
221 2255 253 2312 et
281 2242 315 2310 in
339 2241 487 2311 dicendo
510 2242 727 2321 exercitatus
754 2255 785 2310 et
805 2241 917 2310 zelum
944 2241 1090 2332 spiraret
1109 2262 1222 2310 acrem
1243 2253 1276 2310 et

28 2328 195 2406 mantem.
224 2331 289 2400 Ille
314 2344 453 2401 autem:
478 2353 491 2392 t
519 2335 603 2399 Ecce
629 2351 693 2410 me,
717 2328 801 2398 dicit
824 2329 1004 2399 Pontifici:
1035 2331 1129 2399 mitte
1156 2351 1220 2411 me,
1243 2342 1275 2399 et

31 2413 210 2501 proficiscar,
224 2433 259 2490 et
278 2420 345 2489 tuis
361 2419 504 2505 adjutus
521 2417 693 2508 precibus
712 2417 844 2508 pudore
860 2417 1006 2489 alliciam
1027 2420 1072 2488 im
1103 2419 1274 2488 ietatem.»

28 2503 122 2588 lpsum
144 2529 223 2599 ergo
249 2509 355 2578 mittit
382 2508 590 2588 Patriarcha,
618 2529 697 2575 oum
726 2507 886 2596 precibus
910 2529 988 2576 eum
1016 2530 1060 2577 un
1091 2508 1170 2596 ique
1198 2529 1275 2576 mu-

27 2589 180 2691 missetat
203 2619 267 2687 spe
292 2596 326 2665 in
349 2597 520 2667 Christum
548 2609 655 2665 totum
681 2597 947 2666 corroborasset.
975 2601 1015 2665 Ut
1039 2610 1152 2666 autem
1179 2617 1275 2685 prae·

27 2689 226 2778 terminamus
251 2707 305 2766 ea,
337 2707 424 2770 quae
448 2685 728 2763 intercesserunt,
754 2705 835 2754 cum
873 2685 1021 2755 venisset
1058 2687 1091 2754 in
1129 2686 1272 2776 regiam,

25 2771 139 2839 tratrem
163 2773 296 2845 habens
321 2774 576 2864 Theophanem,
596 2774 751 2860 quicum
777 2773 996 2859 sequebatur,
1018 2787 1050 2844 et
1065 2796 1154 2862 quae
1178 2787 1276 2844 erant

25 2851 150 2955 fraterna
183 2861 375 2944 sentiebat,
403 2876 435 2933 et
460 2863 493 2932 in
524 2861 595 2931 zelo
626 2883 686 2961 pro
713 2861 837 2950 pietate
870 2883 950 2931 cum
975 2885 1014 2932 eo
1038 2864 1271 2954 conspirabat,

27 2963 153 3028 primum
178 2951 320 3040 quidem
347 2973 383 3020 se
414 2950 583 3040 intrepide
608 2951 698 3020 sistit
729 2949 762 3018 in
788 2963 1012 3040 conspectum
1038 2953 1125 3043 ejus,
1152 2951 1274 3044 quiin

25 3033 185 3108 Ecclesiam
211 3063 309 3110 more
333 3041 517 3128 praedonis
544 3041 714 3108 invaserat
732 3038 891 3127 (ubinam
918 3039 1010 3108 enirn
1037 3041 1095 3111 ille
1116 3065 1151 3112 se
1171 3040 1277 3132 gessit

26 3141 99 3220 more
122 3129 355 3216 sacerdotalil)
373 3141 406 3200 et
430 3129 536 3198 libere
555 3128 681 3217 arguit,
701 3126 791 3212 quod
818 3149 877 3196 eos
904 3143 1088 3217 pervertat,
1106 3153 1194 3219 quos
1216 3152 1276 3219 pa-

25 3225 83 3279 snt:
106 3231 135 3285 et
153 3215 321 3288 haeresim
347 3217 378 3286 ei
403 3219 525 3288 acerbe
548 3215 744 3306 exprobrat.
764 3215 891 3286 Deinde
916 3217 983 3305 ipsi
1002 3240 1140 3306 qnoque
1165 3223 1275 3308 Impe-

27 3303 110 3369 ratori
133 3327 170 3374 ex
197 3307 342 3376 adverso
369 3305 519 3376 occurrit
545 3319 718 3392 tamquam
746 3317 869 3374 acutus
886 3305 1027 3392 quidam
1055 3307 1216 3398 gladius:
1243 3319 1275 3376 et

27 3405 78 3486 non
100 3392 204 3462 solum
230 3417 311 3464 eum
337 3395 563 3475 criminatur,
591 3393 684 3481 quod
721 3414 819 3462 suam
855 3393 973 3482 perdat
1004 3397 1182 3466 animam:
1214 3397 1272 3465 sed

26 3487 119 3559 enam,
133 3483 221 3567 quod
246 3485 300 3552 Dei
320 3484 486 3573 populum
506 3483 610 3571 impie
626 3505 686 3572 per
699 3480 854 3550 lraudent
869 3496 1007 3552 evertat.
1028 3483 1155 3554 Deinde
1170 3483 1272 3552 etiam

27 3561 212 3662 adhortatur,
232 3584 282 3653 ut,
303 3572 421 3644 relicta
439 3573 503 3642 hac
530 3570 671 3660 prolana
702 3583 735 3640 et
759 3570 867 3660 impia
891 3572 1076 3664 opinione,
1100 3574 1175 3663 ejus
1201 3572 1274 3643 loco

27 3649 132 3726 ediscat
155 3660 326 3749 pietatem.
344 3684 362 3729 a
381 3667 535 3732 Fortasse
558 3661 674 3741 enim,
703 3659 839 3747 inquit,
867 3661 929 3730 tibi
952 3667 1041 3732 Deus
1066 3661 1270 3752 placabitur,

27 3751 50 3804 et
69 3763 127 3814 oon
150 3769 285 3820 omnem
313 3749 398 3820 irem
425 3750 561 3820 Domini
587 3762 762 3836 tamqnam
788 3747 916 3818 faecem
935 3749 1087 3838 aliquam
1111 3752 1184 3841 ipse
1203 3752 1274 3822 ebi-

28 3823 81 3895 bes.
99 3839 357 3919 »Quamobrem
376 3844 566 3929 Imperator
590 3859 670 3907 cnm
691 3851 723 3907 et
744 3836 807 3905 viri
822 3845 919 3909 'esset
944 3837 1135 3910 libertatem
1162 3839 1274 3908 admi-

31 3929 113 4010 tqtus,
130 3939 160 3996 et
184 3941 355 4016 praeterea
382 3933 563 4000 verborum
584 3925 890 4016 opportunitatem,
910 3938 943 3996 et
963 3951 1097 3998 morum
1120 3928 1275 3998 modera-

32 4013 143 4104 nonem,
159 4031 190 4084 et
213 4039 301 4104 quae
324 4039 364 4086 er
388 4019 505 4086 animo
520 4015 563 4084 ad
581 4015 714 4085 vultum
731 4015 926 4097 emanabat,
947 4016 1053 4100 illins,
1074 4033 1112 4088 ut
1131 4030 1271 4109 poterat,

32 4101 296 4176 animadvertisset
320 4105 546 4187 alacritatem,
567 4126 647 4174 cum
672 4115 723 4172 est
749 4103 927 4186 reveritus,
949 4118 982 4176 et
1007 4107 1180 4178 moderate
1197 4107 1274 4176 tulit

36 4289 251 4395 ordu'rddtfgzqqmm
268 4307 403 4350 Theodotus
421 4310 572 4354 Molleseuua,
587 4318 615 4348 er
632 4317 714 4348 eorum
729 4311 890 4361 amormuni
909 4310 1022 4360 spatharo·
1041 4307 1186 4352 dicebantur,
1204 4307 1275 4348 bomo

57 4370 103 4443 „¹1¹
109 4357 477 4458 maevlggffidplercentlum
490 4363 513 4402 et
523 4361 671 4403 theatrorum
681 4363 818 4405 ludibrium.
