3046 4838
168 269 209 333 to
528 286 568 334 ott
592 287 619 334 s.
647 286 751 336 scruto
773 289 823 336 av.
850 287 981 337 novtotr.
1255 271 1340 337 DEC.
1369 273 1382 338 l

122 371 168 440 ita
200 369 388 451 dumtaxat,
417 393 483 441 non
504 371 577 461 jam
603 384 641 442 ut
671 373 779 453 servi,
811 372 868 443 sed
892 373 1005 463 potius
1029 385 1066 444 ut
1091 373 1211 444 iratres
1244 397 1389 446 cumen

121 458 293 550 degerent.
326 465 427 530 Porro
457 461 485 530 si
518 482 605 548 quos
635 461 779 532 suadere
810 475 962 552 poterat,
989 475 1027 533 ut
1056 463 1281 534 venerabilem
1317 486 1389 535 mo·

123 549 310 620 nachorum
346 551 447 620 vitam
474 550 689 638 arripientes,
722 551 871 623 claustra
902 552 1057 622 coenobii
1086 566 1298 643 expeterent,
1326 553 1390 623 hos

122 653 295 726 tamquam
314 638 473 709 dominos
489 639 671 730 insigniter
686 639 870 722 honorans,
892 642 1090 712 vestimenta
1114 642 1215 711 etiam
1239 655 1272 712 et
1285 663 1390 730 quae-

121 749 187 814 que
203 728 394 798 necessaria
414 729 584 810 tribuens,
600 727 693 799 illico
716 730 925 800 archisteriis
949 753 1027 801 cum
1052 731 1259 802 exultatione
1282 731 1392 803 desti-

122 829 336 888 natussum
368 816 492 907 grandi
523 817 661 888 demum
689 818 921 890 sollicitudine
946 842 1065 892 eorum
1094 819 1232 911 gerebat
1250 842 1385 891 curam.

121 906 273 976 Habebat
299 919 469 996 praeterea
493 929 608 976 secum
637 905 751 997 plures
777 908 988 992 vernaculos,
1009 910 1043 979 in
1068 931 1132 980 suo
1162 910 1389 980 contubernio

121 995 299 1085 degentes,
326 996 462 1084 sibique
490 996 680 1066 necessario
699 996 829 1088 jugiter
866 998 1150 1090 obtemperantes.
1187 1004 1233 1069 Ex
1259 1000 1391 1086 quibus

120 1098 191 1154 erat
204 1084 424 1166 Baudericus,
441 1084 594 1176 ejusdem
613 1084 755 1156 libertus
771 1087 1082 1177 comprovincialis,
1101 1087 1209 1174 quiin
1224 1089 1390 1158 omnibus

122 1175 261 1244 honeste
284 1172 382 1242 valde
404 1175 480 1265 ejus
503 1195 622 1244 curam
651 1175 800 1265 gerebat.
824 1180 901 1245 Erat
923 1177 1025 1246 etiam
1055 1177 1231 1257 Tituenus,
1265 1199 1391 1266 genere

121 1267 262 1344 Suetus,
285 1261 398 1332 fidelis
421 1261 657 1334 cubicularius
677 1263 798 1338 laicus.
825 1266 886 1352 qui
915 1278 1032 1354 postea
1056 1266 1097 1336 ad
1132 1266 1299 1336 mercedis
1327 1288 1387 1337 ou·

120 1351 253 1421 mulum
273 1353 424 1442 pervenit
448 1353 684 1443 interemptus.
704 1358 838 1425 Necnon
857 1368 889 1423 et
905 1355 1092 1435 Buehinus,
1110 1377 1151 1426 ex
1173 1353 1292 1444 gentili
1308 1378 1390 1427 con-

121 1461 258 1511 versus:
284 1441 346 1529 qui
368 1453 400 1511 et
416 1441 489 1531 ipse
507 1454 622 1531 postea
643 1441 846 1512 venerabilis
869 1445 988 1524 extitit,
1016 1466 1056 1513 ac
1081 1445 1287 1515 Ferrariensi
1312 1467 1389 1516 coe·

120 1530 222 1600 nobio
247 1529 406 1620 praefuit.
431 1529 581 1600 Andreas
605 1552 741 1618 quoque
757 1543 790 1602 et
813 1533 990 1614 Martinus,
1017 1545 1118 1620 atque
1140 1541 1303 1615 loannes,
1326 1536 1389 1622 qui

118 1641 158 1688 eo
173 1621 273 1690 etiarn
299 1632 505 1710 procurante
531 1620 574 1690 ad
599 1619 799 1690 clericatum
823 1623 1000 1712 pervenire
1024 1634 1235 1693 meruerunt.
1262 1622 1327 1692 Sed
1353 1636 1388 1694 et

119 1710 177 1778 alii
201 1709 437 1799 quamplures,
456 1730 543 1796 quos
555 1731 758 1780 enumerare
783 1709 986 1800 perlongum
1006 1722 1077 1780 est:
1104 1712 1163 1798 qui
1183 1711 1245 1782 diu
1266 1723 1387 1782 noctu-

118 1819 185 1886 que
209 1799 243 1868 in
276 1798 351 1885 ejus
385 1819 521 1868 camera
558 1799 756 1868 cumomni
794 1799 909 1870 studio
945 1799 1142 1871 solemniter
1176 1801 1384 1871 canonicum

119 1885 308 1977 adimplere
331 1886 514 1957 studebant
528 1907 683 1956 cursum.

161 1979 181 2064 ἐ
203 1983 268 2050 ΙΙ.
297 1974 475 2046 Multitudo
491 1987 662 2065 praeterea
687 1997 891 2067 pauperum,
913 1977 1002 2048 sicut
1018 1999 1098 2069 apes
1118 1977 1161 2048 ad
1181 1979 1384 2060 alvearium,

118 2066 273 2152 undique
295 2065 448 2153 quotidie
466 2065 509 2134 ad
534 2087 613 2134 eum
636 2065 866 2146 confluebant,
891 2067 1061 2138 intantum
1080 2079 1118 2138 ut
1142 2069 1171 2138 si
1194 2068 1273 2155 quis
1290 2069 1388 2158 iguo·

119 2168 174 2225 tus
197 2167 257 2225 aut
282 2155 483 2244 peregrinus
506 2153 606 2254 Eligii
635 2155 813 2242 inquirens
837 2155 1072 2238 domicilium,
1098 2178 1179 2228 cum
1204 2156 1247 2226 de
1270 2179 1309 2226 eo
1333 2157 1386 2226 in·

119 2257 301 2335 terrogaret
324 2243 534 2333 quempiam,
561 2241 594 2312 td
620 2245 662 2313 ab
690 2265 729 2313 eo
753 2244 922 2334 acciperet
942 2267 1165 2336 responsum:
1198 2246 1324 2316 «Vade
1349 2247 1385 2314 in

119 2332 211 2402 illam
231 2333 389 2423 plateam,
415 2345 447 2402 et
462 2331 522 2401 uhi
547 2353 738 2423 pauperum
762 2345 895 2402 coetum
922 2334 1150 2425 conspexeris,
1171 2333 1241 2404 illic
1265 2335 1387 2422 utique

116 2435 148 2491 et
165 2422 311 2508 Eligium
348 2421 540 2510 reperies.»
566 2422 787 2504 sicutenim,
813 2434 853 2493 ut
875 2421 1005 2493 dictum
1034 2435 1102 2506 est,
1128 2445 1210 2512 apes
1234 2425 1387 2493 circum-

115 2509 199 2580 dant
219 2511 345 2590 l'avum,
374 2512 418 2580 ita
445 2509 584 2580 assidue
608 2511 718 2580 turbis
743 2533 932 2601 pauperum
964 2513 1178 2602 constipatus
1203 2512 1384 2584 incedebat

116 2599 258 2690 Eligius,
284 2601 411 2688 quibus
436 2611 495 2668 aut
520 2621 579 2690 per
602 2621 649 2680 se,
670 2612 730 2668 aut
754 2621 813 2690 per
832 2599 1002 2670 famulum
1033 2601 1231 2672 alimoniam
1256 2601 1386 2692 pariter

115 2703 148 2758 et
170 2690 421 2778 eleemosynam
440 2688 605 2768 tribuens,
633 2688 881 2778 benignissime
901 2690 1053 2778 quotidie
1071 2690 1250 2761 refovebat.
1272 2691 1385 2760 Habe·

116 2779 173 2850 bat
195 2792 309 2848 autem
333 2791 366 2847 et
389 2777 531 2858 loculos,
559 2777 620 2848 ubi
648 2799 774 2847 aurum
801 2777 1077 2850 distribuendum
1103 2801 1219 2848 secum
1248 2793 1385 2868 portare

111 2868 241 2958 jugiter
256 2879 489 2946 consueverat,
505 2888 547 2936 ne
560 2867 672 2938 sicubi
687 2887 871 2957 pauperem
883 2867 1024 2938 lortuitu
1039 2868 1178 2939 obviuvn
1191 2867 1382 2948 habuisset,

115 2957 233 3027 dilatio
250 2956 300 3026 vel
326 2977 430 3046 parva
456 2956 653 3046 porrigendi
678 2955 911 3026 intercederet.
941 2957 1030 3040 Quid
1060 2957 1184 3045 plura?
1207 2957 1380 3045 Quicquid

115 3047 247 3128 habuit,
273 3057 412 3135 excepto
437 3057 633 3136 tegumento
656 3058 688 3115 et
708 3045 810 3126 victu,
838 3059 943 3116 totum
975 3047 1092 3136 egenis
1114 3061 1146 3116 et
1164 3047 1385 3116 monasteriis

115 3135 276 3222 dispersit
299 3135 411 3206 sciens
434 3133 583 3223 Apostoli
608 3156 681 3205 esse
706 3148 946 3222 praeceptum:
969 3137 1132 3206 Habentes
1157 3137 1319 3209 alimento
1350 3148 1385 3205 et

136 3227 232 3294 uibus
248 3235 414 3315 teguntur,
435 3225 486 3293 tis
510 3225 655 3293 content-i
679 3226 784 3293 simus
808 3225 855 3314 (t.
878 3225 959 3294 Tt'nv.
979 3224 1035 3313 vr).
1067 3229 1149 3294 Nam
1174 3225 1235 3310 qui
1264 3224 1386 3295 volunt

114 3249 235 3384 divites
259 3313 344 3393 steri,
370 3310 527 3382 incidunt
555 3313 588 3381 in
615 3312 846 3394 tentationem,
873 3325 905 3382 et
929 3314 963 3382 in
991 3312 1152 3401 laqueum
1180 3312 1321 3393 diaboli,
1349 3327 1386 3384 et

114 3402 283 3474 desideria
304 3401 411 3472 multa
428 3400 565 3471 inutilia
588 3415 620 3470 et
640 3402 770 3482 nociva,
790 3424 878 3490 quae
904 3415 1063 3491 mergunt
1091 3402 1247 3473 homines
1273 3403 1307 3472 in
1329 3402 1385 3472 in-

115 3493 249 3563 teritum
275 3504 308 3561 et
333 3490 569 3581 perditionem.
597 3496 680 3562 llam
715 3513 794 3561 curn
822 3491 1024 3580 vespertinis
1054 3490 1148 3560 horis
1179 3513 1279 3581 saepe
1306 3507 1384 3581 post

115 3582 271 3657 biduum,
299 3600 548 3667 nonnunquam
581 3592 655 3670 post
683 3580 835 3651 triduum
866 3593 1024 3670 paratum
1044 3579 1219 3651 accederet
1243 3603 1383 3650 sumere

113 3671 242 3751 cibum,
265 3669 444 3740 destinatis
467 3670 502 3738 in
533 3668 667 3740 diversa
690 3669 841 3751 famulis,
872 3690 992 3739 omnes
1020 3690 1106 3755 quus
1138 3669 1291 3738 invenire
1318 3691 1382 3758 po·

115 3759 233 3830 tuisset
257 3780 382 3848 egenos
405 3771 438 3828 et
463 3758 671 3849 peregrinos,
691 3781 752 3828 seu
773 3757 949 3827 mendicos
966 3780 1005 3826 ac
1030 3757 1224 3846 languidos,
1243 3758 1384 3829 sibimet

113 3847 240 3918 adduci
264 3849 505 3938 praecipiebat.
527 3851 596 3916 Hoc
616 3849 716 3918 etiam
741 3848 875 3916 cunctis
892 3847 1027 3932 diebus
1046 3847 1194 3937 exceptis
1217 3847 1281 3926 his,
1302 3849 1381 3935 qui-

112 3938 178 4008 bus
193 3950 226 4006 et
251 3935 323 4026 ipse
340 3936 565 4018 reficiebatur,
589 3936 744 4007 iaciebat.
772 3943 860 4006 Raro
886 3937 990 4018 enim,
1012 3951 1070 4006 aut
1091 3950 1181 4006 certe
1198 3959 1379 4024 nunquam

112 4027 342 4116 contingebat,
369 4039 406 4096 ut
421 4049 500 4096 cum
525 4047 564 4094 eo
587 4047 755 4116 pauperes
774 4026 916 4096 minime
945 4027 1218 4096 convivarentur.
1244 4027 1381 4108 Quibus

111 4115 281 4194 adductis,
305 4115 377 4205 ipse
401 4115 538 4206 proprie
554 4113 764 4185 famulorum
794 4115 965 4203 iucipiens
991 4114 1156 4196 officium,
1178 4136 1294 4184 eorum
1322 4137 1381 4184 ne-

110 4203 327 4276 cessitatibus
345 4202 499 4274 hilariter
512 4203 609 4274 valde
625 4205 804 4285 serviebat,
819 4202 968 4274 avellens
982 4206 1025 4274 ab
1039 4204 1193 4276 humeris
1210 4203 1378 4286 sarcinas,

110 4293 212 4363 dorsa
241 4291 442 4362 mantilibus
467 4292 607 4374 levianS,
643 4315 767 4380 aquam
794 4293 955 4362 manibus
985 4292 1145 4374 lundens,
1177 4314 1381 4379 merumque

111 4381 241 4473 scypho
257 4379 455 4456 refundens,
471 4381 544 4471 ipse
560 4395 676 4472 potum
695 4381 885 4472 porrigens,
903 4381 1181 4472 buccellamipse
1196 4382 1377 4470 praebens,
