2954 4816
44 310 110 372 bil.
135 309 173 371 20
377 327 414 372 ue
438 327 464 372 ε.
492 324 682 372 runouomo
706 325 755 369 ur.
782 322 930 370 nurtoeu.
1181 306 1244 372 363

41 409 144 480 Paulus
165 408 251 480 dixit
271 409 349 490 lieri
363 430 472 499 posse,
500 421 538 479 ut
554 430 691 500 semper
712 407 937 498 gaudeamus,
958 406 1082 494 siquis
1104 407 1286 498 paululum

39 521 68 568 ex
88 521 192 569 rerum
212 497 470 568 mundanarum
495 497 661 570 fluctibus
684 498 828 568 erexerit
850 508 966 586 caput,
993 497 1166 584 vitamque
1190 519 1288 568 suam

41 600 109 656 recta
138 587 333 658 moderetur
362 587 679 678 composueritque:
720 583 827 655 multo
858 585 970 676 magis
997 587 1176 674 postquam
1208 586 1290 656 binc

38 676 337 768 demigraverimus,
363 675 462 748 lacile
491 689 666 766 compotes
693 675 824 746 erimus
852 674 927 763 ejus
951 674 1044 754 boni,
1071 695 1179 761 quum
1207 675 1290 746 baec

6 800 11 809 ·
38 767 134 834 omnia
148 763 283 836 sublata
301 765 439 848 luerint,
460 765 601 836 adversa
623 763 793 846 valetudo,
808 763 931 844 morbi,
949 764 1115 921 peccandi
1132 766 1287 844 materia;
1308 771 1311 778 ’

37 855 83 922 ubi
99 876 159 923 non
185 867 236 924 est
260 875 376 925 meum
397 877 437 924 ac
461 868 573 936 tuurn,
593 853 758 945 frigidum
784 851 870 922 illud
896 873 953 921 ver
980 874 1050 934 um,
1071 853 1288 941 atquidquid

36 957 74 1012 est
92 943 268 1024 malornm,
295 944 330 1012 in
357 943 459 1012 vitam
486 955 636 1013 nostram
663 941 838 1023 invehens,
866 941 1120 1029 innumeraque
1169 943 1290 1032 ignens

37 1031 117 1101 bella.
142 1033 371 1116 Quamobrem
399 1033 631 1121 maximopere
663 1030 817 1123 gratulor
841 1030 947 1117 hujus
971 1031 1086 1100 Sancti
1110 965 1287 1112 felicitati,

35 1120 108 1206 quod
130 1143 343 1209 quamquam
370 1120 556 1191 translatus
575 1134 636 1202 est,
660 1134 762 1208 atque
787 1120 886 1200 banc,
913 1141 1003 1206 quae
1027 1119 1120 1210 apud
1142 1142 1204 1192 nos
1224 1135 1286 1201 est,

35 1211 181 1280 civitatem
201 1211 352 1298 reliquit,
373 1225 484 1280 tamen
502 1209 536 1278 in
554 1209 695 1280 alteram
713 1209 848 1280 transiit
864 1208 1048 1288 civitatem,
1067 1230 1192 1299 nempe
1220 1211 1288 1291 Dei,

36 1320 68 1366 ac
80 1299 247 1388 digressus
263 1301 308 1369 ab
331 1299 396 1368 bac
421 1296 583 1380 Ecclesia,
610 1298 651 1368 ad
677 1297 772 1368 illam
795 1297 948 1455 pervenit
971 1319 1059 1385 quae
1083 1312 1134 1369 est
1159 1298 1288 1388 primo·

36 1389 208 1476 genitorum
228 1388 479 1477 descriptorum
502 1387 536 1456 in
561 1386 736 1468 conlisae
761 1408 797 1455 re
813 1387 889 1456 ictis
913 1385 1007 1456 hisce
1027 1385 1134 1470 festia,
1157 1389 1292 1457 transiit

35 1476 68 1544 ad
89 1477 315 1548 celebritatem
342 1476 557 1567 angelorum.
578 1477 707 1546 Etenim
736 1475 827 1561 quod
853 1489 885 1544 at
908 1497 1058 1562 superna
1087 1477 1131 1546 sit
1157 1476 1288 1551 civitas.

35 1565 166 1636 Ecclesia
182 1589 223 1636 ac
239 1565 432 1646 celebritas,
452 1565 535 1636 audi
553 1565 696 1634 Paulum
715 1565 904 1634 dicantem:
931 1566 1121 1634 lacessistis
1141 1567 1186 1634 ad
1209 1568 1289 1634 civi-

35 1665 120 1723 tatem
143 1658 205 1725 Dei
226 1656 387 1735 viventis,
420 1655 466 1724 od
487 1655 732 1744 lerosolymam
756 1656 946 1732 coelestem,
978 1664 1009 1722 et
1038 1655 1082 1722 ad
1108 1657 1291 1724 Ecclesiam

34 1743 257 1836 descriptorum
282 1746 317 1812 in
342 1745 453 1823 coelis,
482 1753 512 1812 el
533 1744 578 1812 aad
606 1744 883 1812 innumerabilem
903 1745 1111 1832 Angelorum
1134 1745 1291 1833 frequen-

35 1834 103 1900 tiam
123 1834 239 1922 (Hebr.
262 1855 319 1910 ιιι,
338 1833 408 1922 22).
435 1837 505 1902 Νοιι
525 1831 636 1902 solum
656 1845 767 1902 autern
787 1830 830 1900 ob
852 1830 1107 1900 multitudinem
1127 1831 1290 1902 virtutum
1311 1889 1313 1896 .

36 1921 229 2002 coelestium,
251 1921 487 1991 verumetiam
514 1923 558 1992 ob
582 1920 832 1992 abundantiam
848 1920 1030 1998 bonorum,
1051 1941 1090 1988 ac
1103 1919 1188 2008 juge
1207 1943 1289 2008 gau·

35 2008 114 2078 dium
129 2023 162 2079 et
181 2009 358 2094 laetitiam,
372 2009 586 2111 panegyrim,
608 2010 671 2079 hoc
685 2022 748 2090 est,
769 2011 873 2080 totius
891 2007 1124 2077 multitudinis
1140 2022 1287 2090 coetum,

35 2099 170 2188 appellat
195 2112 297 2169 totam
325 2097 420 2168 illam
447 2105 645 2170 vrtam.llec
669 2097 846 2168 animalia
874 2119 925 2166 res
945 2096 1056 2166 lacere
1080 2095 1164 2166 solet
1189 2119 1292 2185 pane-

35 2191 143 2276 grrim,
162 2209 267 2275 quam
288 2187 453 2257 mercium
472 2187 644 2258 venalium
666 2188 776 2276 copia,
797 2207 904 2273 quum
925 2187 1088 2266 triticum,
1106 2185 1287 2261 hordeum,

36 2290 60 2343 et
76 2278 271 2366 omnijugae
294 2277 434 2366 l'rugum
460 2277 603 2368 species,
622 2274 737 2345 ovium
763 2295 895 2366 greges,
924 2273 1025 2344 boum
1048 2289 1214 2354 armenta,
1240 2296 1293 2342 re-

39 2379 113 2444 stes,
139 2366 277 2456 aliaque
301 2362 333 2433 id
360 2387 470 2455 genus
497 2365 646 2456 plurima
671 2367 920 2454 importantur,
948 2362 1025 2434 aliis
1049 2363 1189 2451 quidem
1216 2383 1294 2431 ven-

39 2452 193 2526 dentibus.
222 2454 299 2524 aliis
317 2475 395 2524 vero
415 2452 740 2524 commercantibus.

72 2546 151 2628 §lb
179 2541 376 2630 seuquid,
405 2543 543 2630 inquis,
571 2544 694 2612 barum
727 2563 841 2611 rerum
871 2540 980 2610 estin
1013 2539 1140 2610 coelis?
1164 2544 1292 2608 Horum

37 2633 160 2716 quidem
178 2629 355 2714 nibil,.sed
375 2644 456 2702 sunt
479 2631 534 2700 bis
560 2631 667 2701 multo
686 2632 796 2721 magis
818 2627 1004 2720 praeclara.
1024 2635 1093 2700 Non
1111 2629 1202 2697 enim
1219 2627 1292 2696 illic

38 2735 104 2790 sunt
124 2721 287 2802 triticum,
308 2719 488 2801 hordeum,
515 2741 554 2790 ac
572 2719 711 2810 frugum
731 2719 844 2788 variae
860 2719 1011 2807 species:
1040 2717 1096 2787 sed
1120 2716 1190 2786 illic
1217 2717 1294 2786 ubi-

37 2830 91 2894 que
111 2809 241 2880 lructus
270 2809 432 2899 spiritus,
467 2808 653 2899 gaudium,
684 2807 937 2886 benevolentia,
965 2807 1116 2888 bonitas,
1147 2827 1223 2895 pax,
1256 2827 1296 2874 ac

40 2899 253 2970 mansuettnio
270 2913 407 2970 summa
421 2898 584 2968 exuberat
599 2897 709 2988 copia.
730 2902 800 2967 Non
818 2896 933 2966 ovium
955 2917 1086 2984 greges,
1105 2917 1172 2965 non
1191 2893 1295 2964 boum

38 3003 195 3058 armenta:
222 2987 280 3058 sed
307 2987 449 3144 s‘piritus
471 2985 643 3074 justorum
664 2984 903 3076 perlectorum,
923 2985 1119 3052 animarum
1140 2985 1293 3064 virtutes,

39 3077 178 3164 vitaeque
202 3090 293 3146 recta
331 3087 403 3146 acta
430 3097 490 3165 per
513 3095 634 3145 ornnes
649 3074 762 3144 coelos
779 3072 893 3142 videre
917 3072 1007 3141 licet.
1024 3077 1095 3142 Non
1115 3086 1223 3144 vestes
1239 3087 1298 3142 aut

39 3165 181 3248 amictus,
209 3164 268 3236 scd
294 3185 437 3234 coronas
461 3163 583 3252 quovis
607 3183 691 3233 auro
717 3162 946 3254 pretiosiores,
975 3174 1046 3232 tum
1073 3161 1202 3242 bravia,
1225 3184 1296 3230 cer·

41 3255 192 3338 taminqm
219 3253 384 3345 praemia,
404 3251 540 3341 aliaque
567 3254 748 3322 innumera
769 3252 856 3321 bona
883 3250 1032 3340 reposita
1056 3249 1098 3318 iis
1121 3252 1182 3339 qui
1208 3263 1298 3319 recte

41 3338 181 3414 iecerint:
200 3343 331 3414 adhaec
356 3342 404 3412 ibi
424 3355 475 3412 εει
500 3340 684 3412 multitudo
709 3352 1008 3432 congregatorum,
1029 3337 1129 3439 longe
1150 3351 1222 3408 tum
1242 3359 1298 3438 co·

42 3429 176 3514 piosior,
205 3446 278 3503 tum
308 3431 515 3502 honoratior.
544 3435 657 3518 Neque
680 3431 772 3500 enim
806 3440 940 3498 constat
969 3449 1008 3498 ex
1042 3427 1124 3497 rins
1154 3426 1299 3496 urbanis

42 3517 278 3610 indigenisque,
306 3519 362 3590 sed
384 3519 439 3589 bic
454 3528 536 3589 sunt
552 3518 753 3609 angelorum
774 3517 910 3586 infinita
936 3515 1056 3598 millia,
1077 3515 1148 3584 illic
1169 3512 1297 3586 sodalia

45 3611 284 3698 prophetarum,
304 3607 387 3678 alibi
408 3621 597 3699 martyrum
627 3607 734 3688 ebori,
755 3603 991 3696 Apostolorum
1017 3603 1167 3684 ordines,
1195 3603 1298 3672 cunei

40 3695 207 3780 justorum,
234 3699 461 3784 omniumque
489 3695 548 3784 qui
573 3695 703 3765 fortiter
730 3715 800 3764 rem
826 3705 1018 3785 gesserunt,
1053 3691 1138 3762 varii
1165 3704 1294 3762 coetus.

48 3787 176 3858 Prolecto
191 3785 397 3857 admiranda
439 3784 600 3874 anagyris
617 3796 678 3853 est.
696 3789 844 3870 lamque
869 3781 901 3851 id
920 3801 1002 3850 sane
1018 3781 1131 3870 majus
1155 3793 1205 3850 est
1227 3803 1298 3849 orn·

48 3873 142 3956 nibus,
172 3875 262 3963 quod
286 3877 322 3944 in
349 3807 460 3944 moilla
483 3874 674 3960 frequentia
703 3885 859 3942 versatur
882 3870 1006 3940 horum
1032 3871 1188 3940 omnium
1218 3874 1297 3939 Iler.

47 3963 155 4034 Etenim
173 3965 234 4036 ubi
249 3964 402 4044 dixisset,
426 3963 478 4032 dd
501 3961 801 4032 innumerabilium
824 3962 1030 4050 Angelorum
1053 3961 1298 4051 frequentiam,

49 4051 187 4138 subjecit:
208 4059 249 4124 Et
273 4053 318 4123 ad
331 4053 484 4143 judicem
507 4052 738 4122 uniuersorum
762 4055 867 4120 Deum
889 4048 1006 4138 (Heba.
1032 4047 1104 4137 ιιι).
1131 4047 1214 4129 Quis
1237 4069 1301 4116 un·

51 4157 133 4219 quam
151 4141 232 4212 vidit
256 4141 289 4211 in
311 4142 513 4232 panegyrim
533 4139 757 4229 prodeuntem
784 4139 931 4228 Regem?
956 4137 1018 4206 ilic
1035 4134 1174 4224 quidem
1201 4157 1302 4206 nemo

53 4225 127 4310 uati,
145 4231 214 4300 illic
242 4243 371 4310 autern,
402 4229 460 4315 qui
488 4227 628 4310 adsunt,
660 4225 975 4320 perpetuovident,
1002 4239 1172 4312 quatenus
1202 4225 1299 4296 illum

54 4313 146 4386 ridere
177 4319 263 4403 licet,
295 4339 363 4389 non
395 4317 508 4387 solum
538 4329 772 4406 praesentem,
805 4315 1029 4386 verumetiam
1060 4335 1143 4390 suae
1174 4313 1302 4405 gloriae

55 4403 210 4486 splendore
233 4407 519 4480 condecorantem
547 4407 746 4476 universum
770 4418 919 4476 coetum.
942 4409 981 4474 Et
1001 4417 1137 4476 nostrae
1161 4403 1300 4492 quidem
