2960 4824
255 299 320 364 898
519 317 558 364 na
581 315 610 364 s.
636 315 802 363 srraroorta
825 312 973 364 arcator.
1000 315 1172 364 raruurru.
1317 295 1388 360 ott.
1411 295 1442 359 tt

210 415 324 474 autem
340 402 456 493 gravis
477 401 622 472 morbus
645 401 777 470 invadit
792 401 821 474 *.
846 402 907 488 qui
931 399 1142 470 medicorum
1169 422 1290 470 manus
1311 409 1339 468 et
1357 410 1442 467 artem

209 492 425 582 reprobabat.
452 495 523 561 Hac
547 490 589 560 de
612 511 741 571 causa,
774 489 920 558 aliorum
946 489 1104 560 omnium
1132 509 1193 577 spe
1217 489 1351 576 abjecte,
1378 507 1441 555 cum

211 579 416 672 precabatur
430 579 554 659 solum,
570 579 630 666 qui
652 591 761 669 potest
776 599 898 648 curare
917 578 1052 648 animas
1068 590 1101 647 ct
1116 599 1270 666 corpora.
1296 582 1368 645 llum
1383 595 1445 644 vcro

208 670 404 828 precatione
427 681 580 738 uteretur
595 667 779 747 ,intensius
806 681 908 736 noctu
934 667 969 736 in
994 667 1124 736 visione
1150 667 1181 736 ei
1205 677 1340 757 apparet
1361 684 1446 752 ange-

223 781 275 839 us,
294 757 477 828 ostendeus
496 756 530 826 ei
546 757 689 826 eborum
715 769 913 826 mnemram
938 755 1124 826 multorum
1150 757 1394 845 Episcoporuur.
1415 757 1444 820 lu

207 867 398 934 quoscum
425 851 614 934 tmperator
631 845 806 914 defixisset
824 843 959 926 oculos,
986 845 1022 913 in
1048 843 1163 914 medio
1187 843 1327 932 quidem
1348 843 1444 911 eorun

208 935 299 1004 ridet
314 934 484 1023 quosdam
505 933 596 1004 duos
616 946 755 1014 stantes,
774 934 835 1020 qui
857 946 955 1004 erant
980 933 1049 1023 ipsi
1070 955 1209 1022 quoque
1229 931 1393 1022 Epismpis
1413 929 1447 996 si-

209 1025 330 1094 miles:
350 1023 555 1093 videbantur
583 1037 696 1092 autem
722 1043 797 1092 esse
818 1021 926 1092 duces
950 1035 981 1091 at
1005 1023 1180 1112 praesidas
1201 1021 1359 1092 aliorum.
1380 1023 1446 1088 dun

209 1135 266 1184 ons
287 1113 354 1203 ipsi
377 1112 581 1182 ostendisset
596 1112 753 1200 augelus,
776 1110 868 1181 solos
890 1132 947 1182 eos
957 1133 1035 1182 ease
1050 1111 1185 1180 dicebat
1198 1112 1276 1201 ejus
1291 1109 1388 1178 morbi
1400 1128 1447 1174 eu·

210 1215 349 1272 ratores.
368 1206 452 1271 Cum
477 1223 556 1271 eum
582 1222 660 1270 vero
682 1199 869 1270 dimisisset
883 1221 1041 1280 somnus,
1068 1199 1307 1272 considerabat
1318 1195 1446 1284 quidam

209 1291 352 1378 quinam
372 1291 394 1357 ii
419 1301 552 1360 essent:
582 1311 649 1360 non
676 1301 807 1380 poterat
829 1301 942 1358 autern
975 1290 1152 1358 somnium
1181 1288 1357 1377 conjicere.
1381 1290 1449 1366 Quo·

210 1378 314 1448 modo
338 1379 443 1459 enim,
465 1401 544 1448 cum
569 1399 690 1448 eorum
713 1399 774 1448 neo
806 1399 942 1458 nomen,
968 1399 1032 1446 aec
1062 1379 1172 1468 patria
1200 1378 1232 1446 ei
1256 1387 1341 1448 esset
1368 1374 1450 1442 notat

210 1468 355 1537 blaxime
373 1489 456 1536 cum
475 1466 562 1536 alter
580 1489 717 1548 corum,
736 1466 796 1554 qui
812 1479 1022 1556 apparuerat
1040 1479 1079 1536 ut
1101 1467 1304 1558 Episcopus
1321 1463 1449 1534 nondun

209 1577 247 1625 re
271 1579 349 1624 tera
372 1567 444 1625 erat
464 1554 597 1628 dctus:
621 1556 683 1625 sed
707 1555 800 1644 quod
825 1555 981 1625 loturum
999 1567 1088 1636 erat,
1107 1569 1283 1643 uinquam
1298 1551 1385 1641 quod
1397 1551 1450 1638 jan

207 1644 337 1714 lactum
366 1644 487 1726 luerat,
514 1658 733 1735 apparuerat.
763 1649 846 1714 Cum
879 1657 1017 1734 propter
1046 1645 1129 1714 baec
1154 1666 1237 1735 ergo
1259 1655 1346 1714 esset
1365 1638 1450 1710 enini

207 1733 340 1804 dubius
357 1738 557 1822 Imperator,
573 1746 607 1803 et
624 1733 726 1804 simul
745 1733 883 1820 quidem
902 1734 1032 1803 visione
1050 1747 1252 1814 moreretur,
1265 1731 1451 1802 crrroiaratur

210 1835 324 1892 autem
349 1822 551 1902 doloribus,
575 1822 751 1892 nesciebat
785 1822 952 1908 quidnam
983 1834 1113 1912 ageret.
1146 1827 1272 1891 [terror
1301 1841 1374 1890 vero
1392 1816 1450 1886 salet

209 1910 310 1980 illum
328 1913 456 1999 optime
472 1911 689 1993 admonebat,
709 1931 775 1978 non
794 1911 879 1979 adeo
896 1923 1019 1982 tentem
1034 1911 1127 1979 illam
1144 1911 1353 2000 apparuisse
1375 1905 1451 1976 risio·

209 2021 303 2069 nem.
332 2000 427 2070 Unde
454 2001 604 2069 etiarnsi
625 1998 822 2090 persuadet,
850 2011 888 2068 ut
904 2001 1122 2088 praeclarum
1141 2015 1176 2070 et
1199 2005 1402 2090 Imperatore
1412 1993 1452 2062 di·

208 2111 330 2178 gnum,
354 2103 386 2158 et
402 2089 642 2177 inpraesentia
657 2089 796 2176 quidem
816 2088 984 2176 sapientia
996 2089 1144 2158 minime
1163 2109 1324 2171 vacuum,
1342 2093 1453 2175 caperet

206 2177 409 2248 consilium.
433 2181 604 2265 Quotquot
627 2178 719 2246 enim
751 2177 909 2266 Episcopi
934 2198 995 2266 per
1018 2178 1218 2248 universum
1244 2183 1452 2248 Romanorum

208 2267 398 2356 imperium
420 2267 508 2335 vitae
531 2289 571 2335 ex
596 2267 719 2335 virtute
748 2265 901 2354 agendae
922 2287 1043 2334 curam
1070 2268 1249 2356 gerebant,
1272 2266 1376 2354 jussit
1394 2281 1453 2330 cou-

208 2354 338 2434 uenire,
360 2366 399 2422 ut
422 2375 501 2422 cum
527 2355 631 2424 simul
649 2355 898 2435 conuenissent,
925 2354 1158 2442 daoguoque,
1180 2357 1290 2443 uuiei
1314 2369 1446 2445 apparea

206 2455 298 2525 rant,
312 2443 347 2512 ei
366 2442 436 2511 noti
460 2443 652 2512 evaderent.

253 2535 270 2620 ἕ
294 2537 364 2605 15.
392 2531 513 2600 Missae
530 2543 707 2621 suntergo
727 2531 857 2600 litterae
881 2551 942 2632 per
964 2531 1161 2602 universam
1188 2532 1454 2624 regionemque

206 2621 350 2711 parebat
380 2620 556 2700 nonanis,
584 2633 617 2690 et
639 2621 806 2690 vocabant
827 2625 1037 2709 dprsoopos:
1064 2633 1097 2690 et
1116 2621 1285 2708 nuoniam
1311 2641 1387 2690 cum
1414 2616 1454 2684 alu

206 2711 454 2789 recessissent,
487 2709 510 2778 ii
545 2710 604 2797 qui
629 2711 894 2798 quaerebantur,
932 2731 1149 2796 nequaquam
1187 2719 1454 2800 agnoscerentur.

207 2798 312 2866 miuit
327 2799 429 2866 etiam
449 2798 484 2865 in
510 2803 659 2888 Cyprum
678 2798 840 2878 insulam,
869 2819 1049 2868 accersens
1074 2798 1306 2888 Spiridenem,
1334 2813 1365 2867 et
1388 2793 1456 2863 illius

207 2886 367 2975 gratiam.
395 2885 456 2954 llle
479 2900 593 2956 autem
619 2889 734 2956 omnia
758 2887 898 2973 quidem
925 2887 1049 2976 spiritu
1071 2887 1285 2974 praeviderat
1304 2887 1346 2956 de
1368 2890 1457 2972 tmpe-

205 2985 331 3042 ratore.
356 2979 394 3042 ln
421 2975 663 3045 somnisenim
678 2976 714 3043 ei
738 2975 877 3066 singula
906 2976 1124 3066 significabat
1148 2977 1377 3066 gradacum
1401 2989 1458 3038 rem

208 3062 430 3152 Imperatoris
444 3085 586 3152 auoque
622 3063 722 3132 verba
750 3065 781 3132 ei
809 3068 1052 3144 consentirent,
1080 3087 1146 3133 non
1171 3064 1369 3135 invitusad
1397 3075 1457 3130 enat

206 3151 449 3242 proticiscitur,
470 3151 568 3222 illum
593 3173 730 3240 quoqtm
746 3153 861 3223 uirum
879 3174 995 3222 seeum
1014 3153 1156 3234 ducens,
1176 3153 1237 3240 qui
1263 3153 1299 3222 in
1325 3175 1374 3234 ea,
1391 3165 1459 3236 quat

206 3240 306 3329 prius
330 3253 556 3331 apparuerat,
583 3241 713 3311 visione
736 3263 818 3310 cum
844 3239 903 3310 illo
926 3241 1102 3311 adstiterat
1127 3243 1342 3330 Imperatori.
1359 3241 1393 3310 Εἰ
1412 3255 1460 3304 no·

207 3349 288 3398 meu
309 3342 385 3399 erat
409 3329 630 3419 triphyllius,
649 3330 710 3418 qui
728 3329 881 3398 nondum
907 3329 1044 3417 quidem
1060 3345 1135 3400 crat
1152 3331 1302 3420 adeptus
1326 3325 1461 3401 sacerdo·

206 3417 310 3499 etium,
337 3441 357 3487 a
372 3419 508 3508 superis
527 3433 654 3501 autem,
671 3429 853 3505 antequam
868 3417 1050 3509 eligeretur
1066 3421 1110 3490 ab
1131 3419 1348 3502 horninibus,
1373 3417 1461 3486 suerat

205 3505 422 3609 designatus.
451 3511 536 3576 Eum
561 3529 601 3577 eo
631 3529 711 3598 ergo
735 3508 840 3577 simul
861 3507 1059 3608 ingreditur
1081 3508 1242 3598 Spiridon
1263 3509 1300 3577 in
1323 3506 1459 3597 regiam.

209 3605 357 3666 tenuucr
379 3595 568 3666 admodum
588 3610 732 3666 ornatus
751 3609 784 3666 et
794 3596 1014 3686 simpliciter.
1031 3601 1116 3668 llam
1136 3598 1237 3668 vestis
1249 3597 1391 3686 quidem
1405 3599 1461 3660 erat

207 3683 396 3784 admodum
424 3685 513 3767 vilis;
541 3686 574 3754 in
607 3707 714 3754 manu
738 3697 851 3755 autem
876 3685 1024 3755 babebat
1051 3686 1183 3777 virgam
1207 3707 1248 3756 er
1281 3685 1408 3776 palma,
1434 3688 1462 3744 el

204 3783 329 3842 trenam
347 3775 502 3864 gestabat
523 3774 697 3864 incapite.
715 3778 892 3844 Praeterea
915 3795 993 3844 reno
1017 3775 1196 3844 rasotdum
1215 3764 1462 3862 ‹qaoquequodj

203 3859 286 3930 dam
306 3862 411 3932 llctile
429 3863 461 3930 ei
479 3863 648 3952 pendebat
666 3883 712 3932 ex
733 3863 834 3944 collo,
868 3863 1001 3950 utqui,
1028 3863 1118 3932 siem
1140 3883 1217 3932 arans
1239 3877 1326 3940 erat,
1350 3861 1391 3930 iis
1414 3875 1462 3954 qut

205 3961 360 4021 sanctam
373 3951 575 4022 babitabant
585 3952 769 4034 ciuitatem,
782 3952 1055 4022 statuissetlerne
1063 3952 1181 4022 oleum
1193 3965 1333 4021 sanctae
1347 3955 1458 4018 Crucis.

245 4041 360 4126 fiad.
387 4041 556 4122 Quonim
576 4054 691 4110 autam
705 4061 776 4109 noa
797 4041 885 4111 satis
903 4053 981 4110 erat
1006 4041 1179 4122 tenuitate,
1197 4052 1231 4110 et
1253 4062 1273 4109 a
1295 4039 1397 4109 rebus
1411 4053 1461 4102 su·

202 4128 348 4217 parlluis
362 4128 476 4198 aliena
496 4129 729 4218 simplicitate,
752 4129 814 4198 aed
839 4128 940 4198 dium
960 4131 994 4198 in
1015 4129 1169 4199 dorcadis
1193 4129 1334 4220 injuriis
1363 4121 1460 4193 mode·

204 4216 336 4285 ratione
362 4238 470 4286 suum
492 4218 623 4286 imitari
643 4217 831 4286 bominum
850 4219 1015 4305 :quidam
1038 4219 1076 4287 ia
1103 4219 1208 4308 regia,
1231 4217 1307 4306 ejus
1330 4211 1460 4284 irrideus

204 4303 418 4386 tenuitatem,
442 4316 476 4375 et
499 4305 701 4376 indecorum
718 4323 796 4376 ease
820 4307 1006 4389 arbitrans,
1026 4306 1262 4397 cumiragretli
1286 4307 1323 4374 in
1343 4299 1461 4390 regiam

232 4429 326 4470 *anno
341 4429 387 4471 aaa.
1471 4407 1472 4494 l

1471 4499 1472 4539 l
