2972 4826
241 283 305 346 PlS
581 303 620 347 on
644 301 689 348 ss.
717 301 794 348 sino
819 304 855 348 er
879 300 1004 349 tt'sarto
1028 303 1079 346 se.
1324 281 1427 345 llel

197 397 336 487 propter
352 385 575 456 saevientium
597 386 848 456 contumaciam
869 405 1094 476 paganorum.
1115 388 1222 466 Quam
1240 383 1347 454 urbem
1361 381 1428 450 dum
1468 401 1469 406 ¹

197 474 331 565 ingredi
356 475 534 563 coepisset,
564 475 710 544 ministri
739 475 947 544 daemonum
980 474 1106 542 adnisu
1131 473 1261 564 ingenti
1288 471 1430 541 conaban—
1468 507 1469 564 3

197 575 252 634 tur
275 564 305 632 ei
332 564 498 646 resistere,
525 561 737 633 dieentes:«
765 564 961 654 Resipisce;
992 585 1033 632 ne
1057 561 1176 632 urbem
1202 561 1354 640 deludas,
1381 560 1430 628 sic·
1468 573 1469 658 ἐ

196 664 234 724 ut
251 653 309 722 alii
334 655 381 721 tui
407 651 604 742 complices,
632 675 674 722 ne
696 667 729 722 et
754 664 788 721 tu
812 651 971 722 similiter
996 652 1162 753 puniaris.
1185 675 1202 716 »
1223 656 1432 740 Eteoeperuot
1468 677 1469 736 t

196 763 275 811 eum
293 742 395 812 variis
420 741 554 811 afficere
579 741 727 832 injuriis.
746 743 801 809 Vir
816 753 930 810 autem
947 745 1004 810 Det
1022 742 1056 808 in
1081 740 1214 809 coelum
1230 740 1356 808 elevans
1370 757 1433 806 ocu·
1468 739 1469 807 l

198 830 259 908 los,
279 829 380 898 dixit:
408 853 425 896 c
453 831 605 911 Domine,
625 832 764 920 ignosce
787 829 868 911 illis,
887 830 969 917 quia
996 830 1188 920 ignorantia
1215 829 1304 919 pleni
1319 838 1397 896 sunt.
1420 847 1433 886 v

198 917 260 988 Sed
288 919 370 1005 quia
393 919 451 987 dat
480 919 644 988 Dominus
675 919 816 988 verbum
848 917 1163 1008 evangelizantibus
1187 917 1306 987 virtute
1329 914 1432 984 molta:

197 1007 315 1076 eadem
338 1008 420 1076 bora
450 1007 660 1097 procellosus
684 1008 784 1077 turbo
814 1008 977 1088 emicuit,
1007 1020 1039 1076 et
1069 1005 1256 1076 fortissima
1279 1025 1373 1103 super¹
1392 1022 1436 1099 eos

198 1095 329 1186 grando
353 1096 577 1172 descendens,
597 1095 720 1186 capita,
744 1096 897 1176 brachia,
915 1107 947 1165 et
970 1117 1048 1166 ossa
1072 1096 1293 1186 inimicorum
1312 1101 1436 1162 vernans

198 1184 410 1255 validissime
445 1185 699 1255 contundebat:
727 1207 837 1273 neque
860 1185 986 1275 aliquis
1010 1205 1128 1253 eorum
1153 1206 1193 1253 ex
1218 1195 1309 1253 tanta
1332 1193 1437 1268 tempe-

199 1283 284 1344 state
301 1273 433 1344 valebat
448 1275 610 1365 effugare,
629 1273 687 1344 sad
705 1273 781 1344 fixis
799 1285 926 1343 stantes
944 1273 1107 1363 vestigiis
1127 1273 1255 1343 ictibus
1276 1272 1437 1341 immensa·

198 1362 379 1452 grandinis
403 1361 649 1433 tundebantur.
668 1363 817 1432 Tandem
844 1362 1101 1432 reminiscentes
1125 1362 1323 1452 pravitatem
1348 1369 1438 1428 reatus

199 1451 265 1534 sui,
293 1450 443 1520 clamare
470 1465 678 1543 coeperunt:
712 1473 730 1518 a
757 1455 878 1521 Sancte
904 1451 965 1531 vir,
988 1451 1107 1526 iventi
1127 1456 1224 1520 Pater
1251 1463 1283 1519 et
1301 1446 1436 1518 domine.

199 1539 305 1610 libera
328 1561 401 1622 nos,
420 1551 458 1611 ut
481 1563 549 1612 non
575 1541 609 1610 in
630 1540 689 1609 tali
708 1561 815 1630 poena
841 1540 1042 1620 moriamur,
1064 1552 1096 1608 et
1119 1539 1299 1609 credemus
1323 1538 1357 1606 in
1378 1553 1438 1633 eun

198 1651 300 1719 quem
327 1640 363 1698 tu
378 1629 490 1699 credis
510 1640 543 1699 et
561 1629 786 1717 praedicas.»
811 1631 935 1698 Oronte
959 1641 1071 1698 autern
1098 1629 1296 1698 beatissimo
1319 1631 1437 1695 lventro.

200 1740 276 1788 mor
301 1717 344 1787 ab
367 1718 416 1789 eis
440 1718 576 1788 recessit
594 1731 788 1807 tempestas.
807 1718 939 1805 Quique
964 1715 1022 1786 tali
1048 1716 1220 1807 supplicio
1245 1713 1440 1807 liberatips·

199 1807 302 1878 dibus
325 1807 399 1896 ejus
424 1829 459 1876 se
474 1807 631 1898 protinus
657 1818 919 1896 prosternentes,
945 1806 1163 1895 postulabant
1187 1817 1224 1875 ut
1249 1805 1440 1895 baptismatis

198 1895 328 1964 undam
356 1909 566 1965 mererentur
590 1897 775 1985 percipere.
800 1899 839 1964 Et
861 1895 943 1980 quia
967 1893 1009 1963 ad
1036 1895 1099 1964 hoc
1124 1894 1332 1964 miraculum
1363 1886 1441 1958 muln

200 1984 461 2068 concurrebant,
481 2005 600 2054 omnes
624 2006 703 2053 curn
729 1985 778 2054 eis
797 1984 840 2052 ab
856 2005 895 2052 eo
920 1995 1001 2053 sunt
1030 1983 1296 2073 baptizatione
1321 1982 1353 2050 in
1377 1976 1441 2047 urbe

200 2095 331 2143 moram
360 2071 489 2143 faciens
518 2073 737 2144 beatissimus
761 2073 823 2154 vir,
842 2085 874 2141 et
898 2070 990 2162 apud
1017 2071 1133 2142 lideles
1159 2071 1367 2141 Christianos
1388 2064 1441 2135 Cle

163 2229 166 2238 ,
201 2184 276 2232 rum
303 2161 601 2251 sacerdotiumque
617 2161 793 2242 ordinans,
816 2162 956 2250 Papiam
983 2159 1102 2230 urbem
1131 2181 1307 2250 regressus
1324 2169 1380 2228 est.
1396 2151 1441 2250 Sel

200 2251 234 2319 in
262 2251 421 2340 ingressu
445 2250 566 2340 ipsius,
594 2249 780 2340 paralytica
804 2249 974 2337 quaedam
996 2249 1116 2337 jacens
1133 2249 1167 2317 in
1190 2249 1326 2330 lectulo,
1344 2245 1443 2316 salutis

164 2389 168 2394 -
198 2340 244 2410 ab
260 2361 299 2408 eo
314 2338 481 2408 auxilium
500 2338 711 2428 postulabat:
729 2359 832 2425 quarn
852 2339 902 2406 vir
923 2339 979 2407 bei
998 2339 1146 2414 intuens,
1163 2350 1298 2408 extenta
1314 2336 1441 2429 dextera.

200 2429 337 2518 signum
364 2427 482 2496 Crucis
497 2449 601 2516 super
621 2449 695 2496 eam
712 2427 889 2516 imposuit,
911 2427 1095 2514 statimque
1140 2425 1317 2497 lenissime
1335 2421 1444 2494 reddita

200 2517 350 2597 sanitati,
375 2515 489 2586 omnis
512 2517 556 2585 ab
580 2538 619 2584 ea
643 2515 812 2606 paralysis
835 2527 867 2584 et
890 2515 988 2585 dolor
1007 2513 1090 2584 ausu
1130 2528 1151 2584 t.

243 2607 350 2692 §12
380 2603 451 2674 llio
480 2625 617 2761 quoqpe
647 2617 797 2692 tempore
830 2604 914 2673 dum
941 2604 1169 2694 impiissimus
1193 2595 1444 2698 Vespasianus*

200 2697 320 2763 Caesar
344 2693 508 2762 adversus
533 2698 553 2762 C
583 2692 759 2761 ristianam
787 2692 986 2783 religionem
1011 2693 1214 2772 exarsisset,
1234 2692 1444 2782 Porpbynun

199 2781 383 2868 quemdam
410 2779 619 2850 Praefectum
640 2780 736 2851 urbis
752 2786 878 2850 Romae
894 2780 1028 2862 direxit,
1047 2781 1108 2871 qui
1127 2793 1323 2870 peragraret
1346 2794 1446 2869 omnes

200 2869 353 2939 civitates
369 2891 408 2938 ac
434 2871 536 2952 vicos,
557 2882 594 2939 ut
613 2871 641 2938 si
665 2891 751 2956 quos
776 2869 960 2940 invenisset
976 2871 1198 2952 Christianos,
1226 2867 1411 2958 adscriptos
1424 2883 1447 2929 er

201 2957 355 3048 pictaciis
373 2958 563 3028 litterarum
581 2958 739 3048 apicibus
757 2959 946 3039 nunciaret,
962 2969 993 3026 et
1010 2957 1176 3046 quicquid
1194 2958 1235 3027 de
1252 2957 1338 3048 ipsis
1353 2961 1447 3053 ageret

202 3069 284 3116 suae
295 3047 463 3136 jussionis
482 3058 691 3135 exspectaret
714 3048 929 3116 sententiam.
946 3053 1092 3134 Jamque
1117 3059 1186 3128 tua,
1205 3047 1349 3125 Christe,
1367 3061 1447 3111 mue·

201 3136 332 3205 ratione
360 3137 472 3207 omnis
506 3135 589 3204 baec
627 3135 822 3224 provincia,
850 3135 1005 3206 lidelium
1036 3135 1195 3205 turbare
1222 3135 1290 3205 leta
1315 3139 1448 3210 erat,et

201 3225 335 3293 infinita
353 3224 573 3294 multitudine
598 3226 722 3314 stipata
746 3223 961 3294 adcreverat:
983 3223 1074 3312 quod
1101 3245 1163 3294 nec
1186 3157 1378 3294 dlscribem
1400 3235 1447 3316 net

201 3313 411 3383 denunciare
435 3312 567 3383 valebat
589 3313 812 3403 Porphyrius.
840 3317 991 3400 Cumque
1015 3312 1136 3383 urbem
1162 3313 1302 3402 Papiam
1329 3313 1448 3402 intrors-

201 3413 262 3484 set,
289 3401 379 3470 idem
405 3402 612 3492 Porphyrius
629 3424 647 3470 a
670 3401 767 3491 plebe
785 3413 965 3490 susceptus
979 3413 1040 3470 est.
1059 3406 1150 3471 Hora
1175 3423 1251 3470 vero
1271 3400 1386 3470 eadem
1408 3413 1448 3459 ttt

201 3491 259 3561 Dei
295 3489 446 3562 iventius
475 3491 510 3559 iu
547 3490 689 3560 basilica
717 3494 749 3559 S.
783 3491 936 3570 Pacarii,
967 3511 1071 3576 quam
1107 3490 1180 3579 ipse
1214 3489 1446 3579 aedificaverat.

201 3581 384 3651 Missurum
408 3578 601 3648 celebrabat
624 3577 1044 3668 solemnialPorpbyrius
1072 3578 1155 3647 baec
1181 3578 1339 3658 audiens,
1359 3575 1448 3642 nino

200 3666 314 3738 lurore
346 3681 503 3749 vexatus,
537 3667 644 3737 allero
669 3668 704 3736 in
739 3688 813 3736 eam
850 3666 951 3736 corde
987 3667 1185 3757 ingrediens
1215 3689 1294 3736 oum
1335 3671 1449 3758 armato

202 3775 319 3838 manu,
339 3757 505 3847 populum
522 3757 580 3826 Dei
597 3779 636 3826 ac
655 3767 787 3824 tantum
805 3754 997 3825 Praesulem
1016 3755 1199 3846 suppliciis
1214 3767 1317 3856 atque
1330 3753 1449 3841 injurus

200 3843 350 3936 affligere
373 3845 555 3935 cogitabat.
582 3844 646 3913 Sed
672 3845 875 3934 priusquam
898 3846 1064 4001 impetum
1089 3845 1126 3913 in
1154 3845 1277 3913 Christi
1295 3837 1447 3912 famulum

199 3930 333 4015 faceret,
360 3945 518 4023 arreptus
538 3933 719 4003 daemonio
743 3955 823 4001 cum
849 3934 943 4002 omni
970 3954 1012 4003 us
1029 3953 1145 4003 secum
1164 3932 1328 4024 ingressis
1342 3929 1449 3998 altero·

200 4031 290 4091 trum
316 4023 455 4113 pugnis,
483 4042 554 4104 ora,
580 4034 700 4112 guttur
723 4035 754 4090 et
778 4019 899 4091 faciem
929 4021 1102 4100 caedente,
1128 4034 1222 4090 extra
1253 4021 1376 4090 atrium
1405 4031 1448 4081 ec·

200 4109 324 4181 clasiae
347 4111 478 4201 seipsos
506 4122 692 4201 coeperunt
714 4109 893 4200 expellere.
926 4115 1003 4200 lpse
1026 4131 1163 4198 quoque
1191 4107 1396 4200 Porphyrius
1416 4117 1447 4166 ex

227 4255 238 4276 ¹
251 4255 365 4295 Utramur
378 4251 472 4294 Surium
486 4264 533 4293 uon
543 4250 673 4294 advertisse
682 4253 776 4294 foedum
786 4254 849 4293 huno
858 4264 962 4294 errorem
971 4254 1169 4304 chronologicum.
1180 4254 1227 4293 Neo
1237 4253 1298 4292 enlm
1313 4243 1450 4302 Vaswlffffl

201 4304 333 4346 Christiano
347 4309 384 4347 eat
393 4311 538 4356 persecutus.
547 4315 631 4356 neque,
640 4316 668 4346 eo
678 4307 816 4366 imperante.
825 4308 991 4356 Episcopatus
1001 4309 1075 4356 gessit
1090 4309 1111 4347 S.
1120 4307 1252 4347 Juvenum.
1264 4307 1388 4344 coeterum.
1397 4303 1450 4336 aare·
1468 4315 1469 4362 l

200 4360 294 4458 {³32¹}le
303 4357 588 4453 {pffpssps'cuafflpl's'ttten
601 4360 682 4409 plures
698 4364 722 4400 at
737 4361 888 4409 vanissimas
903 4361 1067 4408 obscuritates.
1082 4370 1141 4410 quse
1151 4370 1197 4400 nou
1206 4363 1262 4400 sunt
1271 4359 1315 4398 boc
1326 4357 1373 4395 loeo
1382 4347 1449 4394 exsul·
1468 4381 1469 4414 3
