2972 4826
237 255 297 316 tat
607 271 646 317 nn
670 272 699 318 s.
724 269 858 318 ursonio
883 272 957 316 nvn.
983 269 1032 316 nr.
1316 251 1392 315 DEC.
1415 253 1432 315 6

191 353 466 444 periclitantibus
484 353 678 424 certissima
702 375 779 444 spes
803 367 905 444 atque
929 353 1139 444 profugium,
1165 353 1291 440 quibus
1312 352 1363 422 ille
1382 375 1432 422 vo·
1478 369 1479 372 ’

140 470 145 482 ·
190 457 288 514 catus
315 443 446 513 deesset
469 463 662 529 nunquam.
683 447 755 525 Qua
780 464 858 513 vero
883 442 1117 512 misericordia
1135 454 1238 530 atque
1256 443 1367 533 pietate
1380 465 1432 511 na·

191 534 345 623 vigantes
368 531 449 600 olim
475 552 493 600 e
515 530 675 604 faucibus
699 531 819 602 mortis
835 532 1026 613 extraxerit,
1045 553 1169 621 operae
1194 532 1336 621 pretium
1357 532 1433 602 arbi·
1478 547 1479 627 ,

190 635 261 692 tror
283 640 457 690 enarrare.
1478 635 1479 708 t

233 711 251 798 ξ
275 711 344 782 18.
371 713 496 778 Ferunt
518 709 624 789 enim,
652 719 774 778 nautas
797 707 965 795 quosdam
990 708 1161 778 horrenda
1188 707 1345 796 disjectos
1364 721 1434 778 tem·
1478 709 1479 778 l

191 809 330 888 pestate,
358 795 551 886 furentique
576 796 696 954 pelago
714 819 818 886 prope
841 798 1033 886 absorptos,
1060 796 1214 879 Nicolai,
1239 819 1336 886 quem
1360 819 1436 866 nun·
1478 793 1479 820 ¹

191 908 295 975 quam
315 885 480 978 viderant,
500 885 666 956 auxiium
688 886 875 956 invocasse.
892 885 1194 968 Audierantenim,
1209 907 1311 973 quam
1329 886 1438 955 multos

192 995 335 1064 saepae
363 974 510 1044 summis
544 974 705 1064 periculis
738 973 926 1044 liberasset.
962 979 1079 1061 ltaque
1107 979 1273 1062 jamnon
1297 975 1439 1044 manibus

190 1062 307 1144 fidere,
329 1084 395 1131 non
421 1062 527 1144 clavo,
554 1085 620 1132 uon
648 1063 778 1133 viribus
801 1063 895 1144 ullis,
917 1075 1064 1132 antarta
1088 1063 1295 1152 navigandi;
1313 1063 1368 1132 sed
1390 1064 1438 1132 toti

191 1152 225 1220 in
252 1151 461 1222 sanctissimi
478 1151 539 1218 viri
566 1151 812 1222 invocationem
833 1152 984 1242 projecti,
1011 1165 1130 1221 contra
1153 1151 1378 1242 procellarum
1395 1173 1438 1220 ra-

190 1240 280 1310 biem
306 1241 370 1309 hoc
419 1240 494 1309 uasi
527 1239 698 1310 tutissimo
723 1253 818 1310 scuto
846 1261 920 1309 sese
943 1241 1043 1321 tueri,
1072 1241 1171 1310 illum
1200 1243 1375 1320 invocare,
1399 1239 1438 1306 illi

190 1349 315 1398 manus
333 1262 480 1408 tendere,
499 1327 549 1397 illi
574 1341 641 1398 tota
657 1329 779 1398 mentis
793 1329 997 1419 cogitatione
1022 1329 1136 1398 inniti.
1162 1325 1257 1398 Tunc
1274 1329 1329 1398 hic
1343 1341 1441 1398 noster

189 1417 338 1506 impiger
361 1417 592 1487 humanarum
617 1416 851 1488 calamitatum
874 1417 1033 1504 adjutor,
1060 1418 1249 1488 inclinante
1270 1419 1340 1508 jam
1362 1417 1436 1496 navi,

189 1517 222 1574 et
237 1505 379 1595 pelagus
397 1505 592 1587 imbibente,
611 1505 722 1576 oculis
746 1506 901 1576 omnium
925 1506 1148 1576 manifestus:
1175 1511 1308 1586 «Ecce,
1332 1506 1438 1595 inquit.

188 1593 324 1674 adsum,
344 1615 445 1680 quem
458 1594 637 1673 invocatis,
652 1616 763 1684 opem,
780 1595 807 1662 si
821 1595 1014 1684 sperabitis,
1037 1595 1217 1666 allaturus.
1238 1600 1278 1664 In
1296 1601 1357 1665 Deo
1371 1615 1439 1663 con·

189 1682 295 1762 fidite,
318 1683 418 1772 cujus
441 1703 503 1771 ego
528 1683 681 1754 minister
702 1682 884 1764 adveni3»
910 1683 1084 1771 simulque
1103 1683 1209 1764 clavo,
1238 1684 1440 1754 cernentibus

189 1771 334 1852 cunctis,
346 1783 492 1860 arrepto,
508 1773 621 1840 navim
637 1772 747 1860 erigit,
763 1771 1012 1860 gubernatque;
1024 1772 1104 1841 inde
1119 1774 1439 1842 mereminaciterln-

189 1881 344 1948 crepam,
362 1860 488 1930 fluctus
505 1859 695 1941 confestim,
711 1860 966 1947 saevientesque
987 1860 1151 1950 procellas
1166 1860 1290 1950 placat.
1310 1867 1357 1931 lta
1375 1881 1438 1930 cum

189 1947 417 2038 procellarum
434 1949 546 2018 omnis
563 1948 622 2017 illa
636 1949 797 2037 superbia
810 1949 1001 2030 resedisset;
1023 1951 1141 2036 eisque
1161 1949 1333 2038 placidam
1348 1947 1441 2018 reddi·

189 2036 295 2106 disset
309 2039 571 2127 navigationem,
587 2059 626 2106 ex
639 2037 747 2107 oculis
760 2059 878 2107 eorum
892 2038 1040 2109 evanuit.
1054 2043 1091 2108 tlt
1105 2051 1240 2120 nautae,
1256 2053 1295 2108 ut
1308 2039 1439 2127 primum

188 2125 266 2194 illos
280 2138 393 2215 optata
405 2126 504 2196 tellus
516 2126 658 2283 excepit,
679 2130 800 2214 Myras,
815 2148 903 2212 quae
915 2125 1023 2197 stadia
1038 2127 1157 2227 viginti
1170 2149 1190 2196 a
1203 2128 1291 2196 mari
1305 2127 1438 2222 aberant3

189 2227 280 2284 recta
310 2214 536 2294 contendunt,
564 2237 598 2284 sa
616 2215 739 2284 valoris
764 2215 818 2285 sui
849 2214 980 2285 visendi
1005 2216 1193 2306 cupiditate
1221 2216 1365 2286 incensi.
1392 2214 1440 2282 flu

191 2323 271 2372 cum
293 2304 506 2372 sciscitantes
524 2303 736 2382 didicissent,
756 2303 891 2372 beatum
912 2304 1004 2374 hunc
1022 2306 1057 2372 in
1082 2304 1209 2393 templo
1229 2325 1311 2374 cum
1330 2304 1441 2390 reliquo

190 2391 280 2460 clero
304 2391 419 2460 divina
436 2391 547 2461 officia
567 2392 806 2474 exsolventem,
835 2391 999 2548 templum
1017 2393 1083 2480 ipsi
1107 2393 1199 2462 anxii
1226 2406 1359 2482 petunt.
1379 2397 1442 2460 Erat

191 2479 430 2550 sanctissimus
446 2479 501 2548 hic
519 2493 633 2549 noster
648 2479 861 2550 sacerdotum
887 2503 905 2548 c
932 2501 991 2550 oro
1015 2481 1204 2562 immixtus,
1226 2482 1381 2568 nihilque
1396 2480 1442 2548 lra-

189 2567 291 2636 hebat
321 2567 385 2637 insi
416 2590 478 2647 ne,
507 2569 596 2657 quod
622 2591 641 2638 a
665 2570 808 2638 caeteris
832 2565 1031 2638 secerneret.
1059 2574 1096 2638 In
1115 2591 1217 2656 quem
1236 2569 1341 2640 simul
1357 2583 1440 2654 atque

189 2669 313 2726 nautae
329 2589 447 2726 oculos
464 2657 695 2744 conjecerunt,
708 2657 808 2744 quasi
821 2657 1026 2728 bacchantes
1043 2681 1102 2748 per
1117 2658 1306 2728 confertam
1324 2657 1439 2729 turbam

190 2745 231 2812 ad
251 2743 348 2812 illum
368 2746 589 2832 irrumpunt:
617 2747 866 2834 prostratique:
894 2748 990 2816 «Hic
1015 2759 1076 2830 est,
1106 2747 1282 2834 inquiunt,
1310 2747 1364 2816 hic
1381 2757 1439 2820 est.

190 2833 246 2902 cui
272 2833 373 2902 vitam
401 2832 502 2921 plane
525 2833 715 2903 debemus:
743 2835 798 2904 hic
821 2847 883 2914 est,
909 2835 1009 2922 cujus
1032 2857 1096 2924 ope
1120 2835 1163 2904 ab
1188 2836 1330 2906 interitu
1351 2831 1441 2922 erepti

191 2941 336 2991 sunaus:
364 2920 420 2991 hic
443 2935 504 3002 est,
523 2924 583 3009 qui
605 2923 792 3004 invocatus,
812 2936 849 2993 nt
867 2945 989 3012 parens
1007 2925 1201 2994 misericors
1222 2924 1441 2995 laborantibus

191 3021 325 3099 praesto
341 3007 415 3078 fuit.
436 3033 453 3076 »
475 3010 535 3079 llis
560 3011 699 3081 vocibus
720 3034 798 3080 cum
824 3013 858 3080 in
887 3034 922 3080 se
942 3012 1171 3084 circumfusos
1189 3018 1440 3102 Myrensescou·

191 3098 395 3178 vertissent,
428 3121 498 3168 rem
527 3121 682 3179 omnem,
709 3114 747 3170 ut
771 3100 814 3168 ab
834 3099 931 3170 initio
947 3111 1042 3189 gesta
1061 3100 1182 3182 fuerat,
1203 3102 1389 3174 edixerunt.
1412 3103 1442 3166 lt

190 3185 349 3256 Nicolaus
373 3207 432 3256 ora
452 3189 485 3255 in
512 3210 602 3258 enno
625 3189 775 3278 quodam
805 3189 930 3259 rubore
949 3189 1127 3260 suffusus:
1154 3195 1295 3272 «Date,
1323 3189 1438 3276 inquit.

190 3275 334 3376 gloriam
361 3280 438 3356 Deo,
467 3211 541 3346 olli.
568 3281 638 3378 Ego
654 3289 810 3365 peccator
834 3299 923 3358 sum,
941 3290 975 3347 et
991 3299 1110 3350 servus
1131 3279 1281 3368 profecto
1305 3277 1438 3348 inutilis:

190 3386 265 3454 ipse
287 3377 349 3444 est,
372 3366 432 3451 qui
455 3366 536 3434 facit
562 3365 733 3436 mirabilia
765 3387 890 3455 magna
916 3365 1059 3436 solus.»
1091 3368 1174 3436 Inde
1197 3367 1277 3438 illos
1302 3383 1437 3437 seorsum

191 3467 346 3523 evocatos
369 3475 449 3522 cum
478 3453 613 3542 placida
629 3455 778 3540 quadam
804 3455 981 3526 severitate
1006 3455 1177 3538 admonet,
1197 3469 1237 3526 ut
1263 3469 1339 3546 post
1360 3471 1440 3523 acce·

215 3554 283 3612 tam
301 3541 455 3631 corporis
472 3541 630 3623 salutem,
649 3543 757 3612 enimi
774 3563 911 3629 quoque
928 3543 1073 3616 salutem
1091 3566 1159 3614 non
1177 3565 1219 3613 ne
1246 3544 1363 3634 ligant.
1387 3543 1440 3608 lla·

190 3563 292 3701 bebat
308 3631 400 3701 enim
418 3653 458 3700 ex
483 3633 612 3720 Spiritu
636 3635 769 3712 Sancto,
795 3653 896 3718 quem
914 3631 948 3700 in
971 3631 1068 3703 illum
1096 3639 1184 3705 Deus
1201 3568 1348 3703 ubertim
1370 3627 1440 3699 effu·

191 3717 298 3800 derat,
330 3733 367 3790 ut
394 3719 494 3790 alieni
520 3733 738 3809 cognosceret
761 3719 875 3790 cordis
899 3742 1036 3790 arcana.
1064 3727 1110 3792 Ex
1137 3743 1204 3808 quo
1230 3736 1350 3792 nautas
1372 3719 1439 3815 istos

190 3807 318 3878 sciebat
332 3810 479 3897 peccatis
493 3808 714 3895 quibusdam,
731 3823 764 3878 et
776 3809 796 3878 d
803 3808 913 3878 iabolo
929 3830 1003 3880 esse
1022 3810 1186 3880 obnoxios
1202 3833 1208 3878 :
1228 3815 1438 3901 «cognoscite

190 3895 306 3984 igitur,
326 3897 448 3984 inquit,
474 3898 680 3986 cognuscite,
699 3897 775 3979 fvlii,
796 3910 907 3968 errata
930 3911 1052 3980 vestra,
1079 3913 1111 3968 et
1134 3899 1249 3976 corda,
1277 3911 1438 3990 motusque

190 3995 319 4053 vestros
336 3985 368 4053 in
397 3987 553 4056 tutiorem
573 4000 708 4076 portum
734 3986 912 4068 traducite,
939 3991 1116 4076 Deumque
1138 3987 1347 4072 horrendum
1359 3980 1437 4077 jude

189 4093 263 4142 cem
291 4071 483 4144 formidate.
510 4075 596 4144 Estis
620 4075 711 4144 enim
731 4077 784 4164 (ut
804 4076 915 4163 inquit
938 4075 1081 4166 Paulus)
1098 4078 1154 4146 bei
1180 4076 1365 4166 templum:
1388 4088 1436 4156 qul

190 4181 269 4230 vero
293 4163 351 4231 Dei
381 4162 548 4250 templum
579 4165 794 4251 corruperit,
821 4179 858 4232 ut
881 4178 1080 4254 corrumpat
1109 4178 1141 4235 et
1167 4165 1319 4236 destruat
1350 4159 1433 4229 illum

190 4250 367 4331 Dominus
388 4272 535 4350 aequum
560 4263 621 4322 est.
649 4256 717 4341 Ego
739 4254 792 4341 (ut
816 4251 946 4343 dicitis)
968 4267 1099 4324 vestrae
1123 4253 1309 4344 corporalis
1331 4245 1434 4321 salutis

191 4338 338 4426 adjutor,
370 4339 560 4427 spiritualis
585 4361 677 4410 nunc
704 4339 846 4429 periculi
873 4342 1023 4412 nuncius
1049 4343 1193 4414 venio.»
1218 4347 1349 4414 Etcum
1371 4341 1433 4424 post
