2946 4798
32 284 97 347 DEC.
121 283 160 347 et
360 302 399 347 33
424 303 451 347 3.
481 301 602 349 tonnus
626 305 675 348 33.
704 304 741 350 cr
765 303 918 350 33333331.
1166 287 1230 351 177

29 385 241 476 Redemptoris
277 385 502 467 humanitaS,
533 386 577 456 ab
601 387 697 455 omni
734 398 952 477 peccatorum
988 388 1147 478 contagio
1182 399 1278 458 33313

28 495 147 560 prorsus
174 486 207 543 ct
237 473 401 543 inviolata
439 476 638 564 permansit.
667 475 842 563 Siquidem
875 489 1051 565 peccatum
1089 498 1156 546 non
1180 475 1271 557 13311,

26 561 192 634 necdolus
215 563 376 634 13333133
404 576 455 631 331
480 564 515 631 13
541 585 598 633 333
622 563 711 651 ejus.
734 564 928 654 sapphirus
950 577 1064 635 autem
1095 565 1126 634 13
1154 565 1184 636 13
1210 579 1272 648 331,

24 652 119 720 333331
140 650 222 720 33311
240 651 372 721 13313333
389 652 552 734 colorem,
570 652 663 722 unde
687 665 719 722 et
745 653 778 721 in
805 654 934 723 visione
963 654 1098 722 Domini
1125 587 1272 724 ‹liciturz

23 743 90 807 Erat
111 742 167 808 3313
189 741 329 830 pedibus
348 742 421 831 ejus
440 743 542 832 quusi
555 763 637 832 opus
663 743 787 833 lapidis
810 743 1014 833 sapphirini,
1031 752 1062 812 31
1085 746 1186 834 quasi
1203 766 1274 813 333-

23 831 354 907 1333,333333333333
378 840 425 898 est
448 829 690 918 (1333313333).
713 835 775 900 Per
798 831 982 921 sapphiros
996 853 1078 988 3333
1097 853 1200 922 opera
1224 831 1274 900 di-

21 917 156 986 vinitatis
171 917 425 1007 intelliguntur,
443 939 533 1006 quae
558 919 592 986 in
617 941 721 989 carne
746 919 912 989 Dominus
929 932 1023 990 osten
1050 920 1139 989 ebat:
1154 925 1276 989 Venter

20 1027 88 1095 ergo
110 1006 226 1094 sponsi
249 1005 434 1076 distinctus
469 1018 542 1076 erat
578 1007 775 1098 sapphiris,
797 1008 879 1097 quia
915 1008 1040 1078 Christi
1074 1008 1275 1079 humanitas

20 1093 132 1163 divinis
150 1095 333 1164 virtutibus
358 1094 558 1196 refulgebat.
586 1101 652 1166 Nec
685 1095 809 1186 plenus
836 1097 1011 1187 sapphiris
1034 1119 1110 1167 esse
1134 1098 1272 1179 dicitur,

20 1184 71 1250 sed
86 1183 276 1264 distinctus,
298 1184 344 1254 113
361 1183 529 1264 videlicet,
549 1195 587 1254 nt
611 1185 700 1254 inter
724 1185 907 1274 sapphiros
930 1185 1060 1255 candor
1083 1187 1196 1258 eboris
1215 1208 1275 1277 ap-

20 1284 151 1426 pareret,
169 1273 249 1359 quia
267 1272 318 1342 sic
340 1273 505 1343 Dominus
529 1295 567 1342 ex
590 1287 685 1364 parte
710 1272 862 1344 hominis
880 1275 1051 1364 assumpti
1069 1277 1278 1366 operabatur

30 1382 180 1442 cumana,
209 1372 247 1431 ut
270 1360 459 1448 aliquando
487 1361 717 1432 nihilominus
739 1383 779 1431 ex
805 1375 899 1451 parte
922 1362 1059 1432 deitatis
1082 1363 1275 1434 ostenderet

18 1461 45 1516 31
61 1449 183 1518 divina.
203 1455 285 1520 llam
316 1451 459 1531 esurire,
478 1451 585 1532 sitire,
605 1452 698 1532 llere,
719 1463 892 1540 postremo
914 1451 1095 1543 cruciligi,
1117 1465 1149 1522 et
1173 1453 1272 1533 mori,

19 1537 230 1608 humanitatis
264 1551 363 1608 erant
393 1561 521 1629 opera:
547 1539 716 1610 miracula
752 1538 986 1620 3333133333,
1012 1552 1136 1610 31333
1162 1541 1274 1612 solum

18 1626 103 1706 31133,
130 1627 310 1697 sedetiam
340 1629 562 1718 semetipsum
593 1651 613 1698 3
645 1628 790 1698 mortuis
814 1629 992 1710 suscitare,
1018 1628 1276 1701 evidentissima

19 1715 566 1787 333313131311311313311313.1133
591 1718 705 1818 itaque
734 1717 835 1787 modo
860 1717 980 1789 beatus
1003 1723 1154 1788 loannes
1172 1720 1274 1806 quasi

19 1803 196 1874 eburneum
222 1817 372 1874 ventrem
399 1805 518 1896 sponsi
538 1806 714 1896 sapphiris
745 1805 941 1896 distinguit,
971 1805 1055 1874 dum
1088 1806 1276 1894 aliquando

18 1891 192 1964 divinitatis
216 1893 296 1974 3113,
315 1894 502 1981 3113333313
527 1893 753 1964 humanitatis
778 1894 917 1964 infirma
940 1894 1120 1965 describit.

55 1983 127 2067 58.
150 1983 237 2065 Quia
262 1983 367 2072 igitur
392 1983 447 2053 hic
473 1983 591 2052 beatus
618 1988 768 2053 loannes
792 1984 834 2053 dc
859 1988 925 2052 Deo
950 1983 1154 2054 mirabiliter
1173 1994 1275 2070 atque

19 2069 321 2159 incomparabiliter
336 2072 479 2142 caeteris
504 2071 707 2142 mortalibus
723 2071 888 2158 loquitur,
902 2072 982 2162 jure
1001 2071 1130 2142 sactum
1155 2083 1216 2152 est,
1236 2084 1275 2141 ut

20 2179 77 2224 non
100 2160 208 2229 solum
240 2181 258 2228 3
285 2161 445 2241 Graecis,
475 2159 659 2230 sedetiam
686 2182 706 2230 3
743 2161 872 2230 Latinis
905 2160 1060 2247 undique
1084 2159 1275 2250 Theologus

21 2247 207 2333 appelletur.
225 2248 411 2320 Theotocos
430 2247 552 2329 113313,
571 2249 653 2335 quia
671 2253 776 2320 Deum
796 2249 959 2318 veraciter
978 2251 1113 2340 genuit;
1133 2248 1274 2318 Theolo-

20 2355 78 2422 333
98 2341 256 2418 loannes,
274 2338 355 2424 quia
381 2339 439 2406 Dei
463 2337 610 2406 Verbum
635 2349 715 2407 ante
738 2338 854 2408 secula
870 2337 962 2427 apud
988 2343 1120 2407 Patrem
1141 2359 1227 2418 esse,
1242 2351 1275 2407 et

19 2425 109 2493 Deum
127 2447 215 2501 esse.
237 2447 303 2494 non
329 2425 440 2500 solum
468 2426 744 2496 inenarrabiliter
769 2427 863 2506 vidit,
883 2425 942 2495 sed
966 2439 999 2494 et
1024 2425 1275 2517 3331333333-

17 2509 171 2584 blimitate
194 2514 389 2602 descripsit.
410 2514 505 2584 Unde
530 2536 598 2584 non
618 2515 791 2584 immerito
817 2527 925 2604 potest
952 2514 1066 2584 dicere
1090 2537 1170 2584 cum
1196 2519 1274 2584 Pro-

16 2599 126 2686 pheta:
155 2605 331 2673 Eructavit
354 2627 410 2673 cor
438 2626 549 2674 meum
573 2604 707 2673 verbum
731 2603 1031 2693 13333333(Ρ3.11).
1063 2608 1162 2673 Recte
1193 2625 1275 2693 3333

16 2690 104 2780 11333
128 2691 255 2782 3133131
281 2691 322 2760 331
345 2692 549 2779 obsequium
570 2691 729 2774 traditur,
750 2704 783 2762 31
808 2714 868 2783 pro
894 2692 1040 2762 Domino
1065 2693 1275 2761 3333333133

15 2777 68 2848 filii
91 2782 324 2870 subrogatur,
355 2793 392 2850 ut
422 2780 601 2871 virginalis
637 2780 824 2869 pudicitiae
859 2780 1040 2870 splendor.
1066 2803 1106 2850 er
1129 2795 1275 2868 utraque

16 2886 151 2954 persona
177 2871 315 2939 sibimet
346 2869 491 2939 invicem
528 2881 718 2958 33333331,
749 2882 782 2939 31
805 2869 949 2940 lloridus
973 2870 1087 2938 intimi
1116 2869 1275 2940 candoris

14 2955 201 3116 pidspepltusd,
219 2957 311 3046 quod
328 2958 362 3026 in
381 2979 451 3028 uno
470 2958 577 3028 virere
601 2956 807 3040 considerat,
828 2958 892 3028 hoc
911 2979 1050 3028 3333333
1066 2971 1099 3028 31
1118 2960 1153 3028 13
1170 2959 1275 3030 311333

34 3066 106 3114 333
134 3067 176 3115 33
206 3060 251 3116 31.

48 3068 70 3222 l)
86 3139 132 3204 t).
163 3134 259 3206 Libet
281 3135 351 3217 hic,
370 3130 492 3204 fratres
516 3135 595 3216 mei,
617 3135 772 3225 pulcram
790 3136 985 3207 varietatem
1003 3135 1140 3205 divinae
1160 3136 1275 3226 dispo·

14 3221 136 3293 sitionis
162 3245 279 3294 coram
299 3224 465 3294 charitate
483 3235 591 3294 vestra
616 3222 838 3314 perpendere,
858 3236 889 3295 31
916 3245 996 3314 3333
1022 3223 1072 3295 133
1097 3224 1274 3296 31333113-

14 3307 78 3378 dem
106 3313 192 3382 toris
217 3313 324 3385 nostri
351 3311 554 3402 discipulos,
573 3312 722 3400 qualiter
745 3312 833 3382 inter
860 3335 897 3384 33
919 3247 1070 3400 qualem
1095 3313 1274 3402 dignitatis

14 3335 233 3472 similitudine
249 3413 453 3492 congruant,
471 3421 684 3491 comparare,
704 3406 840 3471 Petrum
858 3401 1025 3482 videlicet,
1045 3414 1077 3471 et
1090 3406 1270 3501 loannem.

14 3489 182 3560 Commisit
205 3511 356 3578 namque
381 3489 547 3559 Dominus
564 3494 660 3559 Petro
675 3491 788 3561 313333
804 3489 986 3573 Ecclesiae,
1008 3489 1114 3560 331311
1128 3501 1161 3560 31
1177 3489 1275 3559 beato

13 3578 126 3648 loanni
143 3577 339 3650 custodiam
355 3579 479 3648 11133133
498 3576 667 3669 delegere.
684 3583 831 3666 Utraque
847 3579 1012 3649 nimirum
1032 3590 1151 3660 mater,
1168 3589 1275 3648 mater

16 3665 119 3748 113313,
147 3681 258 3737 mater
282 3666 445 3737 Ecclesia.
472 3665 535 3736 Sed
562 3669 667 3738 113313
696 3679 803 3738 mater
826 3668 962 3750 Christi,
991 3667 1142 3738 Ecclesia
1167 3680 1275 3738 mater

17 3756 121 3841 populi
147 3755 347 3826 Christiani.
367 3760 412 3826 De
436 3755 541 3825 113313
565 3757 720 3826 Christus
743 3778 881 3826 carnem
908 3757 1071 3844 suscepit,
1087 3755 1273 3826 Ecclesiam

17 3859 83 3911 3333
104 3845 147 3914 de
171 3845 289 3914 1313313
323 3845 378 3914 331
405 3866 508 3914 33333
544 3844 716 3945 produxit.
743 3849 790 3915 Ex
825 3847 890 3915 ista
927 3845 1053 3934 prodiit
1081 3845 1273 3916 secundum

16 3949 140 4002 carnem
167 3945 282 4014 natus,
309 3932 404 4003 illam
430 3931 572 4024 protulit
595 3956 698 4005 carna
723 3935 797 4024 jam
825 3944 995 4004 mortuus.
1014 3939 1060 4004 Er
1084 3935 1148 4006 ista
1170 3933 1277 4003 voluit

17 4022 123 4103 nasci,
154 4044 218 4113 pro
248 4023 308 4092 1113
340 4021 578 4113 dignatusest
603 4024 701 4093 mori.
730 4027 776 4093 Er
799 4043 870 4093 una
894 4021 1000 4094 semel
1034 4033 1209 4094 natusest
1240 4023 1275 4090 in

20 4123 151 4188 persona
166 4134 241 4193 sua,
259 4133 301 4182 ex
324 4110 430 4180 altera
453 4111 606 4198 quotidie
630 4124 821 4183 nascuntur
841 4111 996 4182 membra
1011 4133 1086 4181 sua.
1106 4112 1219 4182 Traxit
1237 4133 1277 4181 cx

20 4189 111 4267 altera
137 4200 229 4287 quod
256 4221 319 4290 pro
347 4199 453 4269 311333
478 4213 689 4284 moreretur,
717 4213 749 4270 31
778 4221 847 4288 333
877 4212 1023 4289 utraque
1047 4200 1277 4271 communiter

21 4279 205 4380 salvaretur.
232 4294 357 4380 113333
381 4289 487 4379 131133
506 4301 538 4358 31
557 4289 637 4360 13113
661 4301 769 4360 mater
792 4290 961 4361 33133313
985 4290 1081 4380 31333
1106 4289 1221 4371 113313,
1236 4311 1277 4359 33

22 4387 109 4456 cujus
131 4377 319 4449 visceribus
348 4400 427 4448 3333
452 4378 576 4451 Christi
600 4389 780 4470 assumpta
803 4391 865 4461 cst,
895 4401 936 4450 33
962 4401 1033 4467 333
1064 4399 1187 4450 333333
1215 4399 1277 4469 per
