2932 4812
257 300 320 362 592
531 318 570 364 na
594 319 621 366 s.
650 319 824 367 suevusrno
849 321 927 366 rara
951 323 988 367 ar
1010 269 1100 372 aas
1141 339 1166 366 ι.
1305 291 1382 362 buc.
1408 291 1433 354 ct

211 401 364 488 quidem,
387 401 447 489 qui
471 401 658 472 simulacra
682 403 882 486 adorabant,
905 391 1049 493 timoyj‘
1100 425 1144 473 ‚rc
1173 397 1296 486 quidem
1318 395 1438 492 abstine-

212 503 326 558 autem
349 491 438 561 bono
463 503 495 559 et
513 491 700 562 considenti
724 494 841 562 animo
864 505 1011 574 essentq
1095 506 1127 562 et
1158 487 1369 578 amplectemur
1393 505 1439 548 im·

213 578 314 647 solvit
337 600 355 647 a
378 578 536 659 vinculis,
553 581 650 651 etsie
675 581 839 652 liberatus
863 581 927 652 luit

212 665 299 736 lecto
317 666 570 750 ministrabant,
589 690 668 738 cum
691 691 730 739 er
758 691 809 750 eo,
834 670 957 758 quo.·'“‘
1020 725 1025 737 .
1049 681 1146 738 erant
1163 673 1281 736 Romae
1297 661 1403 732 fideles.
1421 679 1437 726 e:

213 770 299 836 sent,
319 768 437 826 sancto
457 755 682 845 procidebant
705 757 871 860 supplice
892 783 900 804 ³
994 779 1060 837 rm,
1086 771 1119 827 et
1142 769 1180 825 ut
1203 765 1343 844 rogarent
1364 755 1438 818 [toru-

141 871 143 878 ·
215 847 434 935 rogabantut
457 844 574 915 divina
592 846 643 916 ira
667 847 710 917 ab
729 868 779 916 ers
798 869 835 916 a*
873 866 883 896 -’
971 845 1264 916 ericordiamcum
1281 841 1436 910 servisses.

212 954 333 1002 omnes
358 931 550 1004 adducente
565 935 600 1005 in
621 934 799 1006 admiratio
935 933 1068 1016 salutis,
1091 935 1164 1024 ipse
1184 947 1290 1003 autem
1305 941 1371 998 ante
1387 928 1436 994 ab*

214 1022 280 1090 dus
295 1021 470 1104 fidelibus,
497 1021 674 1094 sedetiam
693 1025 760 1114 ipsi
814 1052 819 1061 ·
848 1020 857 1039 ’
893 1035 1034 1092 autem
1058 1036 1215 1112 peracto,
1243 1019 1324 1178 pund
1345 1039 1438 1106 prae.-

256 1113 274 1198 §
297 1114 340 1181 ὅ.
359 1115 437 1180 Jam
454 1123 569 1181 autem
596 1112 731 1183 tricesir
843 1133 977 1182 ammas
993 1111 1229 1201 Apostolorum
1274 1109 1324 1178 uic
1342 1122 1436 1177 sanct·-

212 1211 265 1270 cto
281 1197 450 1280 llrlciade,
477 1221 580 1287 quem
606 1201 699 1291 prin
738 1220 743 1234 ¹
798 1256 805 1283 ,
826 1201 953 1290 jubens
982 1213 1019 1270 ut
1042 1223 1081 1270 ex
1110 1198 1338 1272 Sacerdotibus
1358 1199 1436 1289 stlta·

213 1308 277 1356 nae
301 1286 483 1369 Ecclesiae,
511 1288 658 1360 ordinae
750 1326 771 1372 t,
789 1311 875 1379 quos
893 1288 1032 1358 vocabat
1048 1290 1262 1366 nominatim,
1282 1300 1310 1357 et
1323 1306 1388 1356 curn
1402 1281 1435 1348 ι·

212 1397 308 1533 gum:
328 1389 361 1446 et
384 1389 456 1448 erat
476 1392 626 1466 tamque·
696 1380 871 1468 peluncae,
893 1389 923 1446 et
943 1375 1014 1446 illic
1039 1382 1104 1448 beo
1129 1381 1337 1447 incruentum
1353 1375 1426 1442 otl‘en

236 1462 387 1535 educens
411 1465 453 1536 ad
477 1467 565 1536 riam
641 1469 765 1544 ,abiret
783 1490 843 1557 per
862 1466 1005 1553 eosqui
1026 1469 1155 1537 suntin
1173 1469 1258 1556 ipsa,
1279 1461 1396 1556 gradus,

213 1553 320 1636 labro,
341 1567 378 1624 ut
404 1555 453 1625 sic
479 1555 553 1646 ejus
594 1557 882 1640 ,eturdraconenn
898 1555 956 1642 qui
969 1554 1158 1640 dicebatur,
1176 1569 1209 1626 et
1222 1568 1328 1644 portas
1343 1551 1416 1620 hain

212 1641 276 1712 luit
301 1643 477 1732 positum,
505 1645 602 1746 effla
617 1647 744 1714 clavem
762 1645 863 1715 lerret
881 1643 1052 1724 nrauibus,
1070 1658 1101 1714 et
1116 1646 1253 1716 nomine
1268 1639 1423 1712 ltominite

211 1735 294 1830 llam
321 1753 401 1802 cum
419 1731 488 1802 llil‘
515 1739 564 1832 df,
587 1735 627 1806 ad
657 1755 693 1803 se
717 1746 832 1823 portas
856 1735 1013 1811 traheret,
1039 1747 1071 1802 et
1096 1733 1129 1803 in
1150 1733 1320 1823 adaptatos
1341 1750 1431 1798 annu

212 1841 323 1920 simus
350 1819 448 1921 Splue
492 1827 564 1920 ,lau
589 1836 722 1892 etcum
749 1822 947 1900 clausisset,
979 1819 1127 1892 diceret:
1155 1847 1171 1890 ιι
1188 1827 1275 1892 Haec
1301 1819 1373 1888 dicit
1392 1824 1415 1896 tt·

212 1907 416 1978 dicebatrll·
442 1921 521 2007 2:5³:
555 1917 624 1982 Hae
661 1924 776 2001 portae
818 1933 883 1981 non
918 1909 1116 1998 aperientur
1146 1909 1318 1999 usquead
1351 1923 1423 1988 resp·

211 2019 248 2066 se
270 1995 474 2094 excus',.1„t'2‘,
495 1999 688 2075 horribilem
718 2000 809 2068 diem
832 1999 967 2088 judicii.
993 2021 1010 2064 ιι
1036 2005 1142 2090 Atque
1168 2003 1251 2070 baec
1276 1997 1392 2086 quiden
1411 2023 1423 2038 κ

211 2083 333 2178 fragia,
408 2091 522 2194 'jjfflata
548 2089 681 2159 fuerant
705 2100 823 2159 sancto
847 2089 1015 2178 sylvestro
1039 2091 1083 2159 ab
1110 2088 1274 2177 apostolo.
1299 2092 1327 2156 Is
1348 2100 1414 2153 anter

210 2197 287 2246 cum
353 2169 421 2277 tell,
441 2188 556 2259 tuerat,
575 2190 607 2248 et
624 2177 755 2248 cultum
783 2177 921 2268 peregit,
940 2193 971 2250 et
991 2175 1179 2260 descendit,
1194 2179 1342 2278 etportis
1356 2172 1410 2240 cto·

210 2263 284 2334 sud
324 2261 540 2372 ,fiztjf'rr'dentes
560 2278 673 2335 antem
692 2266 841 2336 Gentiles
856 2289 934 2336 eum
951 2267 1211 2337 descendentem
1229 2289 1261 2334 ιιι
1278 2263 1417 2354 spelunca

210 2373 251 2440 Ρθ
310 2356 472 2459 ,lustrabant
491 2355 573 2436 sore,
593 2367 629 2425 ul
650 2356 722 2445 ipse
742 2367 773 2424 et
795 2357 949 2442 quicum
970 2379 1010 2428 eo
1034 2368 1142 2437 erant,
1165 2357 1275 2426 statim
1294 2364 1421 2445 vorarent

211 2456 233 2510 cv
297 2439 425 2540 (flaons,
444 2459 503 2514 aut
524 2443 696 2513 mortilero
713 2445 889 2514 interirent
902 2446 1068 2516 anhelitu.
1090 2450 1268 2533 Postquam
1291 2448 1440 2533 autenm,¹

284 2505 344 2628 ills
363 2533 469 2619 etqui
495 2554 573 2602 cum
592 2554 631 2601 eo
650 2545 747 2603 erant
764 2532 993 2606 ascenderunt
1013 2533 1134 2616 illaesi,
1153 2557 1210 2604 eos
1224 2533 1282 2621 qui
1295 2535 1427 2624 spectaui

263 2611 322 2742 ffiu
343 2621 536 2701 admiratio,
563 2633 595 2690 et
619 2620 814 2692 fatebantur
840 2623 907 2690 vim
928 2622 1104 2710 quandam
1124 2622 1273 2692 divinam
1298 2639 1375 2714 sequi
1389 2615 1428 2694 lp·

253 2733 385 2822 popum.
413 2715 496 2811 Cum
517 2711 631 2798 itaque
647 2711 690 2780 ab
707 2731 746 2780 eo
763 2722 913 2800 tempore
937 2714 1019 2782 satis
1037 2712 1229 2782 transiisset
1252 2724 1398 2798 temporis.
1412 2712 1424 2739 ·'

142 2829 150 2852 ·
244 2813 396 2895 ,essesset
412 2820 472 2884 qur
490 2822 509 2868 a
526 2799 674 2868 dracone
699 2799 906 2870 afferebatur
929 2801 1100 2880 interitus,
1118 2813 1150 2870 et
1175 2799 1287 2870 illaesa
1310 2811 1418 2879 manas

236 2897 359 2974 atritas,
381 2887 480 2956 multi
499 2911 538 2959 er
556 2887 766 2969 infidelibus,
794 2901 825 2957 et
842 2888 909 2977 ipsi
927 2892 987 2976 qui
1006 2911 1117 2980 nuper
1136 2891 1318 2960 serviebam
1331 2885 1425 2952 dracoi.

231 2989 452 3056 accurrerunt
468 2977 510 3046 ad
529 2989 699 3059 sanctum,
717 2988 750 3046 et
769 2975 963 3048 latabantur
976 3001 1051 3048 esse
1075 3000 1242 3068 magnum
1258 2981 1357 3052 Deum,
1371 2979 1427 3054 qna

228 3076 301 3158 ipse
326 3063 557 3154 praedicabat,
583 3079 616 3136 et
633 3065 798 3156 rogabant
817 3077 855 3136 ut
873 3066 1030 3138 divinum
1048 3067 1257 3157 baptismum
1272 3075 1425 3148 assequere·

227 3171 295 3226 tur.
322 3159 428 3253 Quem
446 3154 586 3240 quidem
604 3168 685 3224 sunt
708 3156 866 3235 assecuti,
886 3168 918 3225 et
932 3159 976 3226 ab
1000 3157 1175 3246 impietate
1193 3153 1326 3226 traducti
1347 3147 1377 3217 ad
1392 3159 1425 3230 pl·

226 3256 342 3315 tatem.
370 3247 424 3311 Suc
447 3242 587 3329 quidem
614 3244 678 3312 luit
702 3244 753 3312 vir
776 3242 833 3312 ille
849 3257 990 3315 sanctus
1009 3245 1130 3314 multis
1145 3267 1252 3315 cansa
1272 3239 1376 3314 salutis.

270 3337 288 3421 ᾗ
313 3335 360 3404 θ.
388 3335 469 3400 dum
488 3344 600 3402 autem
618 3331 733 3402 adbuc
751 3333 877 3423 vigeret
893 3354 987 3404 error
1006 3333 1201 3424 gentilium,
1221 3347 1254 3404 et
1269 3331 1320 3420 qui
1334 3329 1424 3412 impen-

226 3420 321 3521 bant,
341 3420 448 3490 errori
464 3420 667 3501 serviebant,
686 3434 719 3489 et
735 3421 935 3492 bominibus
953 3423 1094 3510 quidem
1110 3422 1363 3496 dominabantur,
1381 3420 1438 3496 stt,

222 3513 304 3596 Jecti
324 3531 401 3579 vero
429 3522 525 3578 eraut
551 3508 791 3590 daemonibus,
818 3509 992 3582 decretum
1022 3511 1151 3598 ubique
1179 3503 1423 3601 proponerent

226 3599 420 3668 colerentur
443 3597 654 3680 simulacra,
681 3610 712 3668 et
736 3598 785 3668 eis
808 3599 851 3668 ab
875 3600 1038 3670 omnibus
1071 3601 1274 3672 offerrentur
1297 3589 1421 3682 sacrifict-

225 3701 257 3758 et
274 3709 420 3778 magnus
438 3687 525 3755 inter
545 3691 771 3776 Imperatores
790 3701 821 3756 et
848 3688 999 3778 inclytus
1026 3689 1279 3771 Constantinus,
1301 3681 1374 3755 modo
1390 3691 1421 3740 m·

225 3778 320 3868 perio
338 3777 477 3878 potitus,
496 3786 528 3844 et
548 3777 653 3846 errori
679 3776 794 3846 adbuc
818 3777 981 3858 servieus,
1006 3778 1080 3868 ipse
1104 3799 1243 3866 quoque
1270 3779 1422 3864 nequeant

223 3869 260 3950 ii,
287 3889 346 3955 qur
371 3886 450 3934 enm
478 3877 745 3952 praecesserant,
773 3865 874 3955 plane
891 3866 925 3935 in
946 3888 1061 3936 errore
1085 3880 1278 3940 versaretur
1293 3855 1418 3956 genutnn

222 3971 255 4027 et
277 3957 412 4054 decreta
434 3954 678 4052 proposuisset,
705 3968 743 4023 ut
765 3955 971 4043 punirentur
998 3955 1194 4038 Christiani,
1219 3958 1286 4030 nisi
1305 3937 1420 4046 persuade

223 4059 341 4116 rentur
366 4043 533 4112 libamina
547 4043 669 4114 ollerre
686 4043 895 4126 simulacris,
918 4057 1000 4116 tunc
1016 4067 1098 4135 ergo
1118 4045 1175 4115 bio
1191 4067 1317 4135 quoque
1331 4045 1418 4118 magne

223 4147 338 4220 paler,
366 4153 446 4201 cum
462 4129 654 4219 judicasset
678 4153 745 4201 non
771 4145 926 4222 oportere
954 4134 1107 4224 seipsum
1131 4134 1283 4222 objicere
1299 4127 1420 4224 persecuti]

221 4221 330 4300 ribus,
354 4240 421 4288 non
443 4218 534 4305 quod
564 4241 630 4290 non
651 4233 763 4311 posset
783 4224 857 4311 ipse
876 4222 964 4292 lerre
984 4223 1155 4312 supplicia
1177 4245 1238 4313 pro
1263 4225 1369 4314 pietate.
1387 4214 1419 4270 stt

222 4327 367 4393 parcens
392 4309 680 4396 persecutoribus,
699 4315 806 4380 Roma
831 4310 971 4396 quidem
988 4311 1130 4392 excedit,
1149 4313 1184 4381 in
1205 4326 1334 4383 montem
1351 4307 1418 4369 tul-²¹¹¹

222 4393 352 4474 abiens,
372 4395 421 4465 ibi
442 4419 477 4468 se
497 4398 688 4480 abscondit,
718 4396 788 4470 illic
812 4400 907 4472 solus
930 4423 1007 4472 cum
1032 4405 1097 4472 [teo
1114 4423 1267 4472 versans.
1288 4396 1335 4484 Qui
1352 4395 1418 4457 anteit
