2954 4816
23 249 89 314 DDC.
112 253 152 316 20
354 270 393 316 nn
417 270 443 316 s.
471 268 659 317 rnraonnnro
683 271 732 315 nr.
759 267 904 317 rrrrrocn.
1154 251 1218 315 aab

21 374 72 421 non
97 359 182 423 Dens
205 353 342 444 procul.
373 359 411 423 Et
435 354 598 424 Dominus
624 375 729 444 prope
758 365 809 424 est
832 352 993 424 omnibns
1023 352 1263 424 invocantibus

21 441 113 530 ipsum
138 443 172 510 in
197 446 351 511 veritate.
398 493 405 504 .

51 531 66 615 ξ
85 535 154 602 12.
179 534 281 601 llunc
299 542 413 600 autem
432 530 533 601 multi
551 530 822 601 Christianorum
843 531 877 599 in
904 541 1032 600 tantam
1054 529 1260 610 vecordiam,

21 627 198 706 tantumque
223 620 348 688 venere
371 631 618 709 contemptum,
637 633 688 701 ut,
709 641 788 689 cum
810 619 1003 688 innumeris
1027 631 1178 688 scateant
1193 641 1264 687 ma-

20 703 62 786 lis,
78 706 204 776 nnllam
223 719 339 776 tamen
365 707 451 777 vitae
467 729 549 778 suae
571 729 690 778 curam
716 707 874 777 habeant:
892 707 950 776 scd
976 707 1010 775 in
1032 703 1153 776 diebos
1170 706 1264 776 lestis

20 794 210 884 negligenter
234 818 276 866 ac
306 807 431 866 temere
454 803 495 866 ad
522 817 676 866 mensam
703 797 791 866 lranc
815 797 994 874 accedant,
1022 795 1113 865 lraud
1139 795 1265 865 intelli-

20 897 129 972 gentes,
154 884 247 972 quod
275 885 532 954 communionis
558 897 693 976 tempus
717 905 784 956 non
809 897 859 956 est
878 884 1014 967 festum,
1041 905 1151 971 neque
1180 883 1265 954 cele·

21 971 120 1054 butas,
139 973 194 1043 sed
223 974 437 1043 conscientia
455 995 553 1132 pura,
571 973 706 1062 vitaque
725 995 744 1042 a
765 975 912 1064 peccatis
930 986 1125 1063 repurgata.
1141 976 1264 1056 ouem-

21 1058 186 1131 admodum
213 1061 324 1142 enim,
343 1062 403 1149 qui
427 1063 454 1132 si
484 1063 493 1130 i
515 1062 647 1132 nullius
672 1061 754 1131 mali
774 1062 932 1132 conscius
949 1075 1010 1144 est,
1026 1063 1119 1132 hunc
1134 1073 1266 1151 oportet

21 1147 148 1236 singulis
170 1150 299 1220 diebus
325 1150 510 1220 accedere:
547 1152 596 1220 sic
629 1151 690 1238 qui
721 1151 867 1240 peccatis
898 1162 1085 1240 occupatus
1115 1164 1176 1232 est,
1204 1171 1264 1219 nec

23 1238 166 1324 poenitet,
193 1260 277 1308 eum
313 1260 356 1308 ne
390 1240 425 1308 in
457 1239 551 1308 lestis
580 1239 717 1328 quidem
744 1239 904 1309 accedere
928 1251 1038 1309 tutum
1064 1251 1125 1308 est.
1152 1243 1265 1326 Neque

22 1325 108 1394 semel
128 1327 161 1395 in
186 1347 282 1396 anno
302 1327 474 1409 accedere,
497 1326 618 1398 liberat
642 1350 739 1398 nosa
761 1329 919 1417 peccatis,
940 1328 968 1398 si
993 1327 1135 1417 indigne
1151 1349 1265 1396 acces-

22 1413 166 1484 serimus:
191 1416 280 1502 quin
306 1415 370 1485 lroc
387 1417 500 1505 ipsum
520 1417 633 1506 potins
656 1428 758 1507 auget
774 1416 1042 1498 damnationem,
1061 1415 1165 1504 quod,
1184 1438 1263 1486 cnm

23 1501 109 1570 semel
142 1514 278 1573 tantum
316 1504 545 1587 accedamus,
579 1526 622 1575 ne
654 1518 726 1575 tum
763 1504 902 1592 quidem
936 1525 1026 1594 pure.
1057 1504 1264 1574 accedimus.

22 1592 213 1681 Quapropter
239 1590 405 1663 adhortor
424 1615 482 1664 ros
502 1614 633 1678 omnes,
657 1615 699 1663 ne
724 1592 946 1684 negligenter,
971 1592 1074 1663 veluti
1106 1592 1190 1663 lesto
1213 1591 1268 1661 die

24 1691 153 1766 cogente,
171 1681 214 1750 ad
241 1681 362 1750 divina
386 1703 418 1750 m
446 1681 548 1751 steria
577 1681 763 1752 accedatis:
792 1681 849 1750 sed
882 1681 1075 1768 siquando
1106 1681 1268 1772 parabitis

25 1763 112 1852 hujus
130 1790 246 1840 sacrae
264 1770 396 1840 hostiae
413 1704 486 1839 deri
503 1771 697 1860 participes,
715 1769 832 1841 multis
849 1781 927 1839 ante
941 1769 1064 1839 diebus
1079 1770 1269 1871 repurgatis

26 1856 170 1945 vosipsos
186 1879 249 1948 per
266 1859 525 1948 poenitentiam,
540 1859 767 1960 precationem
790 1870 822 1928 ει
836 1858 1100 1947 eleemosynam.
1121 1863 1270 1945 Demque

28 1963 74 2029 per
90 1944 158 2028 hoc,
177 1961 215 2018 ut
232 1947 362 2016 vacetis
377 1947 627 2037 spiritualibus,
645 1969 706 2018 nec
730 1947 845 2018 denuo
860 1946 1108 2016 convertamini
1125 1947 1220 2015 canis
1236 1947 1268 2014 in

29 2049 135 2101 morem
152 2034 194 2104 ad
214 2035 395 2125 proprium
414 2034 591 2105 vomitum.

63 2120 163 2204 tto.
189 2127 238 2192 An
270 2145 340 2193 non
365 2124 457 2194 enim
483 2123 686 2206 absurdum,
709 2136 836 2195 tantam
861 2123 987 2194 habero
1010 2144 1130 2193 curam
1156 2143 1269 2192 rerum

30 2210 249 2306 corporalium,
277 2223 317 2281 ut
341 2225 519 2303 appetente
549 2212 645 2294 testo,
677 2211 796 2285 multis
825 2225 903 2283 ante
937 2212 1060 2283 diebus
1093 2224 1219 2283 vestem
1254 2232 1272 2280 e

31 2297 144 2367 scriniis
159 2299 399 2389 depromptam
416 2300 598 2390 diligenter
614 2322 772 2390 appares
787 2322 881 2371 emas
896 2301 1137 2383 calceamenta,
1154 2321 1274 2369 mensa

33 2379 134 2482 largior
147 2387 431 2478 splendidiorque
451 2402 600 2489 paretur,
618 2389 766 2477 deniqne
779 2390 906 2458 variam
923 2389 1144 2478 undiquaque
1159 2409 1270 2457 rerum

33 2489 141 2559 coptam
164 2477 596 2566 excogite5,·omn1bnsquc
618 2477 727 2548 modis
745 2478 961 2568 temetipsum
978 2501 1089 2556 ornes,
1107 2475 1273 2546 nitidum-

33 2577 83 2642 que
103 2563 241 2635 reddas:
269 2567 407 2635 animee
431 2588 509 2636 vero
534 2565 717 2658 neglectae,
738 2564 919 2648 sordentis
942 2566 1144 2655 squallidae,
1163 2564 1274 2634 famae

34 2650 281 2726 contabescentis
308 2654 441 2723 nullum
469 2655 594 2724 babere
623 2668 826 2745 respectum,
845 2677 952 2742 quum
971 2656 1042 2726 sola
1059 2666 1194 2724 maneat
1211 2655 1275 2723 im-

36 2755 124 2820 pura:
149 2763 186 2810 ac
209 2764 339 2833 corpus
366 2743 507 2829 quidem
533 2743 680 2813 nitidum
715 2743 784 2814 huc
807 2743 989 2824 adducore,
1015 2743 1167 2812 animam
1198 2762 1276 2812 vero

37 2823 144 2922 nudam
160 2829 419 2917 incultamque?
433 2833 533 2932 Atqui
548 2853 675 2922 corpus
690 2832 829 2919 quidem
848 2832 936 2901 videl
952 2853 1148 2912 conservus,
1168 2851 1277 2918 neque

37 2929 194 3001 quicquam
218 2931 271 2989 εει
296 2919 501 3002 detrimenti,
520 2919 845 3008 quomodocumque
869 2920 970 2991 luerit
994 2920 1162 2990 habitum:
1181 2920 1275 2990 illam

39 3011 129 3070 autem
152 3006 239 3077 ridet
261 3008 454 3090 Dominus,
484 3009 543 3096 qui
577 3009 778 3099 gravissime
812 3010 912 3099 punit
945 3009 1203 3100 negligentiam.
1229 3013 1276 3078 ln

40 3091 154 3162 nescitis
172 3096 261 3180 quod
288 3095 372 3166 lraec
396 3118 516 3166 mensa
539 3095 640 3187 plena
656 3111 706 3169 est
731 3098 802 3188 igni
823 3097 1022 3188 spirituali?
1051 3104 1089 3168 Ει
1112 3097 1278 3185 quemad-

41 3177 156 3250 modum
179 3181 288 3254 lontes
312 3206 421 3271 aquae
438 3186 505 3254 vim
531 3183 718 3256 exundant:
736 3186 783 3256 ita
804 3186 887 3256 haec
907 3187 1082 3256 flammam
1103 3185 1277 3274 quandam

42 3261 122 3335 labet
134 3292 305 3343 arcanam.
323 3277 369 3344 lle
392 3275 499 3364 igitur
514 3275 700 3346 accesseris
716 3274 879 3365 stipulam
897 3273 1065 3356 adserens,
1084 3297 1151 3345 non
1170 3274 1276 3364 ligna,

44 3369 94 3420 non
114 3355 258 3454 laenam,
282 3383 326 3431 ne
351 3383 478 3452 augeas
502 3363 715 3446 incendium,
734 3376 920 3450 exuratque
944 3363 1095 3434 animam
1120 3362 1163 3433 ad
1188 3383 1280 3433 com·

45 3457 214 3517 montonem
238 3449 476 3533 accedentem;
503 3451 562 3521 sed
580 3452 703 3522 accede
730 3451 841 3521 serens
862 3451 993 3541 lapides
1017 3452 1195 3542 pretiosos,
1218 3472 1279 3520 au·

46 3545 116 3611 lum,
131 3551 318 3636 argentum,
341 3561 410 3626 qno
436 3540 607 3640 puriorem
634 3539 756 3610 reddas
781 3543 972 3623 materiam,
1000 3539 1177 3628 multoque
1200 3561 1279 3610 cum

46 3609 124 3720 lutto
141 3623 306 3698 drscedas.
333 3631 367 3698 Si
389 3628 472 3716 and
498 3627 579 3698 mali
605 3641 666 3710 est,
689 3628 808 3717 abigas
838 3630 881 3700 ab
905 3630 1032 3698 animo.
1066 3629 1175 3698 Habet
1203 3629 1281 3715 quis

49 3720 211 3796 rnrmrcnm,
237 3717 386 3806 graviter
412 3717 538 3799 laesus,
565 3717 673 3788 solvat
696 3716 924 3798 simultatem,
948 3719 1101 3787 coerceat
1124 3717 1281 3786 animum

50 3797 305 3885 exardescentem,
326 3805 688 3892 intumescentemque,
716 3827 758 3875 ne
774 3806 854 3895 quis
873 3806 917 3875 sit
938 3805 1106 3876 tumultus
1131 3819 1190 3875 ant
1210 3827 1283 3894 per·

52 3881 181 3958 turbatio.
210 3897 335 3984 Regem
359 3893 450 3962 enim
475 3909 680 3984 excepturus
704 3915 740 3964 es
764 3916 824 3984 per
846 3895 1150 3964 communionem:
1176 3915 1283 3980 quum

53 3981 141 4041 ¹le
158 3981 222 4050 Rex
245 3982 437 4072 ingreditur
461 3984 626 4063 animam,
653 3995 783 4070 oportet
807 4005 967 4072 magnam
992 4005 1066 4054 esse
1091 3980 1286 4069 tranquilli-

56 4063 142 4142 ¹³llm2
162 4068 375 4158 multumque
397 4070 585 4151 silentium,
614 4070 819 4160 profundam
851 4073 1096 4161 cogitationum
1122 4071 1283 4158 quietem.

58 4141 102 4240 led
116 4156 258 4226 atrociter
274 4159 389 4230 laesus
411 4182 459 4242 es,
486 4181 548 4230 nec
567 4171 659 4250 potes
679 4161 764 4228 iram
787 4159 968 4229 remittere.
985 4160 1073 4243 Quid
1093 4161 1225 4250 igitur?
1239 4165 1285 4230 ln

62 4244 291 4336 ¹t¹ttrteipsum
317 4249 428 4340 magis
450 4250 552 4318 etiam
571 4262 603 4318 et
619 4249 756 4339 gravius
777 4247 913 4317 laedes?
933 4254 1047 4337 Neque
1070 4252 1161 4319 enim
1186 4252 1289 4320 tantis

64 4321 137 4393 tulrs
166 4341 195 4400 te
225 4336 346 4407 afficiet
369 4338 545 4420 inimicus,
572 4358 810 4425 quaecumque
834 4337 961 4419 lecerit,
989 4338 1116 4426 quibus
1141 4337 1288 4428 teipsum

118 4446 250 4510 flarius·
267 4453 351 4516 Vitae
366 4455 418 4519 SS.
434 4487 447 4502 ·
464 4455 530 4516 Vol.
545 4452 608 4516 Xll.
1172 4452 1211 4515 ²4
