2932 4812
6 319 84 382 odd.
113 317 153 381 3t
323 335 361 381 nr
385 335 412 382 s.
440 335 614 382 svtvssrno
640 332 717 380 rara
742 336 778 381 nr
803 335 951 382 nonense.
1167 321 1230 384 603

5 427 73 488 tam
100 439 186 488 vero
214 418 327 520 ipsum
350 419 489 509 signum
511 418 611 506 quale
635 419 722 488 erit?
746 420 870 507 inquit,
892 425 973 489 Eece
997 423 1093 510 vt'rpo
1119 425 1154 490 in
1180 434 1275 493 utero

4 510 178 598 »corrpiet
204 511 238 576 St
258 529 326 576 non
348 529 429 597 ergo
447 507 634 577 dicendum
661 509 716 589 sit,
739 508 1031 578 adolescentulam
1059 532 1080 579 a
1105 512 1276 601 Propheta

3 598 127 666 dictam
159 617 233 666 esse
265 597 447 684 virginem,
465 596 637 684 quomodo
662 598 801 686 signum
826 619 900 668 esse
925 598 1169 687 reputabitur?
1192 605 1274 669 Eam

1 687 88 754 enim
117 706 208 772 quae
232 696 283 754 est
307 685 379 754 viro
403 686 611 773 conjuncta,
638 699 677 755 ut
700 709 718 754 a
744 685 839 756 vobis
867 699 1046 775 acceptum
1072 701 1123 757 est
1149 709 1290 759 nomen

2 773 290 855 adolescentulae,
316 775 352 842 in
376 787 473 845 utero
497 775 707 864 concepisse,
740 797 807 845 non
836 789 887 846 est
915 775 1068 866 signum,
1091 775 1150 846 sed
1176 789 1275 848 natu·

1 865 81 932 ralis
101 863 383 950 consequentiae,
402 876 434 933 et
457 885 577 933 eorum
600 885 690 951 quae
705 864 793 934 siunt
809 864 960 934 assidue.
989 865 1133 955 Signum
1158 878 1274 936 autem

4 966 51 1021 est
66 974 190 1021 eorum
208 972 296 1039 quae
312 952 387 1021 fieri
404 973 470 1020 non
490 951 611 1022 solent.
629 952 724 1036 Quod
743 953 773 1021 si
788 953 891 1022 etiam
909 952 1120 1035 dederimus,
1134 953 1169 1023 in
1186 954 1275 1026 libro

6 1041 205 1130 Prophetico
229 1041 397 1142 seriptum
418 1062 492 1111 esse
516 1041 821 1123 adolescentulam,
840 1041 890 1112 sic
913 1064 1051 1129 quoque
1075 1042 1275 1113 adolescen-

5 1130 75 1198 tula
89 1130 190 1222 virgo
206 1151 281 1199 esse
297 1129 558 1220 intelligeretur:
579 1143 618 1201 ut
636 1133 775 1221 signum
793 1131 837 1201 sit
860 1130 907 1212 id,
926 1130 1017 1218 qood
1042 1143 1092 1200 est
1119 1133 1269 1222 promis-

10 1239 94 1299 sum,
112 1231 144 1289 et
165 1240 234 1288 non
259 1239 300 1288 ex
324 1219 378 1301 iis,
396 1240 485 1305 quae
508 1218 598 1288 liunt
621 1219 834 1300 naturaliter,
862 1241 973 1307 neque
992 1220 1121 1290 habent
1140 1221 1275 1308 aliquid

11 1305 154 1376 alienum
181 1320 216 1377 et
234 1308 421 1378 insuetum.
441 1308 686 1377 Convenienter
704 1330 785 1398 ergo
811 1307 892 1379 huic
920 1310 1156 1399 promissioni,
1178 1311 1275 1401 virgo

11 1396 159 1487 concepit
176 1397 211 1465 in
234 1408 341 1468 utero.
359 1395 483 1466 Nullus
498 1409 612 1467 autern
637 1397 740 1467 homo
757 1399 916 1467 inventus
932 1409 994 1478 est,
1009 1399 1069 1484 qui
1086 1412 1188 1470 natus
1206 1421 1273 1470 non

9 1485 48 1552 sit
69 1507 108 1554 ex
124 1484 219 1555 virili
242 1487 374 1556 semine
395 1497 470 1575 post
495 1487 646 1576 primum
671 1499 859 1575 parentem,
881 1499 914 1555 et
936 1508 1013 1555 eam
1037 1509 1126 1573 quae
1156 1500 1207 1558 est
1236 1511 1276 1559 ex

10 1571 98 1642 illius
115 1575 221 1645 tatere
238 1577 440 1646 constituta:
461 1597 571 1662 neque
588 1575 719 1664 absque
734 1596 813 1645 cum
833 1576 905 1644 viro
920 1577 1162 1664 congressione
1175 1577 1276 1648 audi·

10 1673 73 1730 tum
99 1675 149 1733 est
173 1686 332 1751 unquam
358 1665 530 1753 peperisse
555 1663 748 1734 mulierem.
773 1668 857 1733 Cum
882 1676 994 1733 autem
1026 1678 1144 1734 sancta
1171 1667 1274 1756 Virgo

12 1754 199 1841 conceperit
216 1775 258 1822 ex
273 1757 396 1822 Sancto
421 1753 561 1843 Spiritu,
581 1766 613 1822 et
630 1753 799 1842 pepererit
813 1753 943 1839 absque
958 1756 1189 1842 corruptione,
1209 1755 1277 1825 luit

13 1839 184 1911 nobiscum
214 1847 303 1912 Deus
327 1863 368 1910 ex
392 1841 630 1931 promissione.
660 1864 678 1907 v

51 1929 169 2013 lm.
196 1932 327 2018 «Atqui
353 1952 419 2000 non
447 1929 662 2011 Emmanuel,
690 1929 749 2000 sed
772 1936 874 2000 lesus
898 1942 948 2000 est
969 1931 1187 2012 nominatus,
1215 1933 1276 2019 qui

17 2030 179 2089 natusest
203 2041 243 2089 ex
268 2020 384 2100 Maria,
411 2019 532 2088 ludaei
556 2031 674 2088 eontra
699 2018 869 2089 dixerunt.
897 2025 1011 2089 Restat
1035 2040 1127 2109 ergo,
1149 2033 1276 2090 utnon

15 2105 67 2187 qui
89 2121 137 2176 est
161 2109 356 2198 promissus
380 2131 399 2177 a
423 2109 602 2198 Propheta,
630 2108 737 2189 sitia,
765 2109 823 2194 qui
848 2130 868 2178 a
892 2109 987 2178 vobis
1015 2107 1139 2178 colitur
1163 2114 1274 2188 Jesus,

19 2193 69 2259 sed
92 2195 190 2267 alius.
223 2197 311 2266 Hinc
335 2197 396 2277 fit,
422 2209 460 2267 ut
484 2218 596 2284 neque
618 2196 721 2266 fuerit
744 2219 822 2266 cum
858 2197 1059 2267 hominibus
1085 2202 1223 2268 Deus.»
1253 2203 1277 2267 d

20 2282 78 2377 Deo
99 2298 208 2356 autem
237 2298 352 2357 motus
376 2284 567 2374 sylvester,
594 2285 710 2356 intulit
733 2285 898 2355 adversus
923 2286 1011 2355 hane
1029 2285 1274 2376 objectionem,

22 2365 134 2442 drotum
157 2395 246 2456 esse,
273 2374 365 2462 quod
390 2374 507 2464 populi
533 2375 662 2446 scilieet
681 2397 760 2444 eum
778 2375 959 2444 vocabunt.
976 2374 1166 2446 «videntes
1183 2375 1276 2444 enim

21 2475 64 2534 ta,
87 2481 168 2545 quae
193 2462 238 2533 ab
263 2464 338 2552 ipso
366 2463 454 2532 fiunt
484 2463 682 2544 mirabilia,
719 2469 824 2532 ileum
855 2465 1048 2543 vocabunt,
1074 2477 1107 2533 et
1138 2463 1278 2532 credent

21 2565 122 2617 sorum
146 2573 222 2622 esse
252 2557 371 2620 Deum.
408 2557 478 2621 Mos
506 2564 556 2624 est
584 2565 696 2622 autem
728 2552 950 2640 scripturae,
983 2573 1044 2641 pro
1075 2552 1277 2622 nominibus

21 2653 257 2728 nonnunquam
291 2640 342 2710 uti
376 2662 490 2710 rerum
522 2641 722 2710 eventibus:
755 2640 927 2730 quomodo
959 2642 1060 2710 etiam
1091 2653 1141 2710 est
1165 2639 1275 2720 illud,

24 2725 173 2798 l'orodurtt
191 2751 351 2821 puerum,
381 2732 452 2800 Cito
466 2733 588 2830 spolia,
611 2731 770 2800 Veloer'ter
789 2731 958 2820 praedare
975 2729 1058 2819 (lau.
1078 2732 1161 2816 vm).
1179 2730 1279 2817 Atqui

21 2830 176 2900 nusquam
199 2819 359 2887 inventus
378 2831 429 2888 est
443 2817 582 2905 aliquis,
601 2819 659 2906 qui
686 2819 735 2888 sic
754 2817 855 2888 suerit
872 2831 1023 2888 vocatus.
1045 2818 1141 2901 Quod
1163 2830 1278 2888 autem

20 2896 223 2987 depraedatio
241 2907 472 2987 inimicorum,
490 2918 523 2977 et
536 2906 734 2976 distributio
747 2906 935 2996 spoliorum
949 2906 1037 2976 lacta
1049 2908 1093 2977 sit
1109 2929 1169 2997 per
1184 2907 1279 2977 dhri-

22 2998 112 3072 stum,
131 3008 310 3086 propterea
333 2995 464 3066 dictum
483 3009 533 3065 est
550 3018 569 3065 a
589 2995 755 3084 Propheta
772 3012 947 3085 tamquam
968 3017 1104 3077 nomen,
1133 2996 1167 3065 id
1185 2994 1278 3083 quod

22 3093 72 3158 Per
89 3082 201 3169 ipsum
222 3097 274 3156 est
297 3098 514 3154 eventurum.
537 3085 732 3167 Quinetiam
753 3085 836 3155 dicit
861 3084 903 3152 de
930 3084 1144 3155 Jerusalem:
1177 3091 1278 3154 Voco-

23 3161 99 3264 bitur
120 3172 237 3242 civiter
255 3176 425 3263 justitiae.
450 3177 557 3260 Atque
580 3194 750 3260 nusquam
779 3175 916 3242 inventa
937 3185 988 3242 est
1011 3173 1045 3242 in
1070 3185 1138 3243 tota
1163 3187 1279 3243 nostra

24 3253 180 3342 Scriptura
204 3262 325 3331 civitas
346 3263 521 3332 nominata
534 3262 714 3352 justitiae:
742 3262 800 3330 sed
824 3275 942 3331 vocata
965 3273 1015 3330 est
1036 3274 1199 3352 perpetuo
1222 3267 1278 3331 Je-

26 3344 169 3417 rusaten.
190 3351 358 3433 Quoniam
377 3363 490 3420 autem
509 3351 675 3420 mutanda
692 3353 814 3420 eratin
838 3350 974 3432 melius,
995 3363 1172 3442 propterea
1186 3350 1278 3419 diota

25 3440 72 3528 ast·
88 3435 202 3507 civitas
226 3439 381 3527 justitiae
409 3461 429 3508 a
451 3439 639 3528 Prophetae
666 3461 842 3529 responso.
866 3438 939 3508 hlia
955 3461 1091 3527 quoque
1111 3439 1279 3509 invenerit

27 3523 177 3616 lutspiam
203 3525 295 3598 dieta
311 3527 376 3599 hoc
394 3527 495 3597 modo
512 3529 546 3596 in
566 3528 638 3598 Scri
667 3540 755 3598 tura.
777 3529 854 3597 Tale
873 3527 956 3617 quid
981 3529 1085 3598 etiam
1107 3527 1278 3619 praedixit

28 3603 117 3704 lentas
129 3611 168 3682 de
182 3637 232 3696 eo,
251 3617 310 3706 qui
327 3628 399 3686 erat
415 3617 612 3687 nasciturus
653 3639 671 3686 e
690 3617 835 3707 Virgine.
853 3621 980 3686 Rerum
998 3619 1089 3686 enim
1104 3630 1275 3700 eventum,

30 3687 99 3764 dmt
118 3699 264 3774 futuram
285 3706 316 3774 ei
333 3706 556 3786 vocationem,
580 3727 648 3775 non
666 3727 686 3775 a
703 3720 822 3787 matre,
847 3727 957 3793 neque
980 3707 1024 3776 ab
1041 3727 1081 3775 eo
1100 3707 1160 3794 qui
1178 3718 1279 3796 puta-

31 3773 114 3852 batur
131 3804 234 3874 pater,
254 3793 349 3864 seda
369 3793 499 3863 multis.
522 3793 716 3877 Quinetiam
736 3795 852 3884 ipsum
872 3815 1014 3881 quoque·
1034 3815 1182 3876 nomen,
1209 3815 1279 3880 quo

31 3883 147 3961 vocatus
159 3894 218 3962 est,
238 3881 368 3952 scilicet
385 3883 562 3963 Dominus,
580 3905 651 3952 rem
666 3883 814 3954 ostendit
827 3895 1039 3952 eventuram.
1057 3889 1158 3953 lesus
1170 3884 1276 3961 enim,

34 3971 172 4060 Sllutros
188 3991 255 4040 non
273 3972 452 4061 ignoratis,
471 3970 592 4061 populi
617 3971 762 4041 salutem
780 3971 964 4061 significat.
988 3975 1145 4042 Servatur
1164 3982 1279 4039 autern

33 4035 84 4150 luit
95 4071 143 4132 ΗΞ,
160 4059 217 4144 qui
231 4081 312 4128 eum
329 4058 551 4131 erediderunt
570 4081 645 4130 esse
660 4060 845 4130 Christum.

70 4133 191 4214 lu«
210 4153 281 4218 Non
300 4148 409 4218 solum
426 4161 539 4218 autem
560 4149 667 4218 isaias
683 4148 779 4230 dixit,
800 4154 903 4218 Deum
918 4149 1089 4217 nobiscum
1100 4149 1257 4235 [uturum
1267 4172 1280 4226 ;
1330 4159 1333 4166 '

39 4217 82 4284 Sed
96 4229 250 4304 deremias
265 4257 402 4324 quoque
417 4237 494 4325 ejus
519 4235 562 4306 ad
580 4259 642 4306 nos
661 4237 844 4306 adventum
864 4237 1137 4328 praenunciavit:
1156 4236 1220 4304 Hr'c
1235 4245 1283 4305 est

40 4301 106 4376 ileu,
124 4335 250 4394 noster:
277 4347 341 4394 non
362 4328 576 4416 reputabitur
600 4329 690 4395 aliur
718 4337 853 4417 praeter
880 4327 1002 4416 aprum.
1036 4330 1074 4394 Et
1095 4336 1171 4414 post
1194 4345 1282 4394 non-

40 4393 136 4470 natta:
161 4415 233 4482 Post
254 4415 335 4482 haec
358 4417 393 4484 in
417 4427 508 4485 terra
532 4418 623 4484 orsus
640 4426 698 4496 ert,
719 4425 749 4484 et
765 4439 839 4484 eunt
863 4415 1050 4484 horninibus
1070 4425 1282 4484 convertatur
