2954 4816
261 301 326 367 l3l
639 319 678 368 ns
708 319 737 368 s.
763 315 904 367 nasama
927 318 1071 366 narrum:
1322 298 1392 366 bnt.
1408 299 1440 361 25

216 423 336 474 eorum
362 401 566 493 rigantibus,
585 415 629 484 et,
655 415 694 473 ut
717 403 835 473 omnia
858 401 921 473 tibi
945 401 1167 484 declararem,
1194 401 1385 496 vehementer
1402 422 1440 469 ro·
1474 434 1475 437 ¹

240 505 394 564 erunt.»
979 540 983 546 ·
1475 551 1476 564 ,

218 517 282 670 35
305 585 383 654 lt).
411 585 494 649 Cum
518 600 557 648 ex
583 579 639 648 bis
661 579 864 670 conjecisset
887 579 1060 650 somnium
1082 580 1208 650 ‘beatus
1224 577 1404 657 Helcanae
1417 591 1441 644 ut

217 671 405 772 oportebat,
429 687 489 758 pro
512 669 677 738 omnibus
700 673 764 738 Deo
787 667 913 760 egisset
936 669 1076 760 gratias,
1091 669 1192 758 jubet
1214 689 1271 738 eos
1290 680 1349 736 tres
1368 665 1439 734 sind
1475 695 1476 702 κ

207 782 248 828 -er
263 758 337 829 sisti
356 758 389 826 in
407 769 644 847 conspectum.
658 762 841 845 Postquam
859 769 974 827 autem
991 757 1229 839 accessissent,
1243 756 1347 826 statim
1359 753 1439 824 dextra
1475 801 1476 824 i

217 845 480 938 apprehendens
506 845 708 936 Eugeniam,
741 858 773 915 et
792 867 867 916 eam
895 845 1076 932 alloquens
1103 845 1265 926 hilarius,
1296 843 1407 936 placido
1421 856 1440 909 et
1464 850 1476 928 i

218 936 306 1006 laeto
330 934 426 1005 vultu
450 935 580 1024 rogarit
603 955 722 1004 eorum
758 935 922 1016 nomina,
949 955 1060 1024 genus
1078 945 1112 1004 et
1136 933 1292 1026 patriam.
1319 932 1374 1003 llla
1391 952 1441 999 nn
1467 935 1476 1011 ,³1

219 1023 421 1104 verecunde,
443 1035 476 1093 ot
492 1045 572 1093 cnm
588 1043 639 1104 eo,
656 1023 717 1109 qui
742 1023 909 1114 virginem
928 1023 1077 1092 maxime
1099 1023 1207 1105 decet,
1227 1024 1363 1093 rubore:
1377 1024 1440 1088 «rn-
1463 1018 1476 1093 l

218 1113 272 1184 bis
291 1112 445 1201 quidem,
472 1112 596 1199 inquit,
623 1111 818 1182 odirinum
839 1125 954 1202 caput,
976 1111 1086 1201 patria
1102 1125 1135 1182 et
1151 1133 1262 1203 genua
1273 1125 1322 1182 est
1334 1109 1441 1202 gloriosa

218 1207 350 1282 Homa;
376 1201 499 1271 iratres
512 1213 626 1270 autem
644 1217 768 1271 sumus
788 1201 947 1270 invicem.
969 1205 1097 1270 Nomen
1116 1222 1195 1271 vero
1220 1201 1327 1291 primo
1341 1198 1441 1287 quiden

217 1303 268 1360 est
284 1295 423 1360 Protus:
450 1288 603 1359 secundo
616 1301 743 1372 autem,
763 1289 978 1379 Hyacinthus
992 1289 1027 1356 *ε
1043 1289 1130 1359 mibi
1150 1310 1243 1367 vero,
1262 1288 1441 1380 Rogemus·
1475 1312 1476 1354 ς

217 1379 376 1460 iucunde
388 1391 501 1448 autem
516 1399 590 1448 eam
607 1377 746 1447 intuens
764 1379 883 1449 beatus
895 1377 1045 1448 Helenus
1057 1403 1065 1444 :
1076 1401 1094 1445 a
1105 1378 1223 1448 Herito
1236 1391 1267 1449 te
1282 1378 1440 1468 Eugenium.
1475 1382 1476 1412 ³

217 1467 341 1556 inquit,
362 1489 473 1548 vocaS,
499 1487 519 1534 o
540 1467 703 1558 Eugenia,
728 1478 766 1535 ut
782 1486 907 1536 nomen
926 1479 983 1537 tuo
1001 1469 1207 1557 respondeat
1231 1466 1371 1556 spiritui,
1392 1483 1441 1532 cun
1475 1497 1476 1508 κ

218 1555 350 1626 virilem
369 1555 497 1626 habeas
512 1557 678 1634 animam,
697 1568 730 1625 et
754 1554 851 1625 valde
868 1569 899 1626 te
923 1555 1113 1626 masculam
1135 1556 1299 1626 ostendas
1316 1555 1347 1624 in
1368 1553 1442 1622 omni·

202 1645 307 1715 bus:
333 1643 391 1715 sed
418 1645 592 1735 proposito
615 1643 730 1714 adbuc
754 1645 871 1715 vincas
895 1657 1069 1725 naturam,
1091 1658 1124 1715 et
1146 1646 1181 1714 in
1209 1645 1339 1716 Christo
1359 1639 1441 1712 conl:-

217 1735 322 1806 meris
345 1747 378 1804 et
402 1732 609 1803 invalescas:
636 1745 775 1822 propter
798 1753 900 1820 quem
926 1753 1031 1816 nunc,
1058 1755 1138 1803 cum
1160 1733 1210 1804 sis
1236 1731 1365 1812 mulier,
1380 1745 1403 1801 te
1418 1728 1442 1792 ti·

218 1845 295 1893 rum
329 1843 405 1892 esse
433 1821 601 1902 simulas,
655 1834 768 1910 ropter
790 1821 868 1910 ejus
891 1843 1042 1892 amorem
1078 1833 1210 1891 mutato
1233 1821 1441 1895 ethabitn,d

219 1911 370 1982 nornine.
387 1915 476 1980 Haec
492 1923 605 1980 antem
624 1843 713 1992 alico,
726 1925 794 1980 non
807 1909 869 1980 tibi
887 1931 1005 1982 sexum
1019 1911 1233 2000 exprobrans
1245 1909 1441 1981 foemininum.

219 2021 281 2071 nec
300 2014 329 2069 te
352 1999 470 2069 volens
487 1999 678 2080 traducere,
705 1998 762 2070 sed
785 2010 823 2068 ut
847 1999 947 2080 scias,
973 2013 1123 2086 quantae
1152 2001 1202 2070 sis
1229 2004 1295 2070 Deo
1317 2004 1442 2090 ouraejd

218 2087 512 2177 quemadmodum
532 2088 617 2156 mibi
635 2088 719 2157 haec
743 2087 873 2168 omnia,
897 2087 941 2156 de
957 2101 991 2156 te
1015 2087 1102 2157 nihil
1132 2089 1264 2171 celans,
1291 2085 1441 2158 ostendent
1475 2121 1476 2124 =

217 2181 378 2267 quisnam
399 2177 459 2258 sis,
478 2189 510 2246 et
524 2175 817 2264 quemadmodum
831 2176 986 2246 veneris:
1003 2189 1036 2246 et
1048 2177 1191 2263 quinam
1210 2179 1281 2248 sint
1298 2176 1382 2264 iiqui
1395 2185 1442 2242 snit
1475 2209 1476 2244 t

218 2281 344 2347 tecum,
361 2277 393 2334 et
408 2286 578 2355 quaenam
598 2264 658 2334 tibi
675 2265 711 2334 in
728 2265 792 2334 bac
809 2265 877 2334 vita
892 2265 1002 2356 gloria
1018 2265 1177 2356 obtigerit
1193 2279 1228 2335 et
1244 2288 1362 2356 genus.
1378 2257 1442 2333 stata
1475 2289 1476 2310 t

218 2375 310 2447 ergo,
333 2375 353 2424 o
373 2352 537 2444 Eugenia,
557 2373 624 2422 non
644 2353 761 2423 minus
779 2365 809 2424 te
825 2355 942 2423 animo
961 2375 1161 2446 generosam
1178 2355 1443 2442 ostenderequod
1475 2377 1476 2418 t

218 2465 370 2532 corpore.
397 2447 479 2512 llam
504 2441 570 2512 hoo
591 2462 729 2530 qnoque
753 2463 823 2513 non
848 2442 976 2524 minus,
994 2463 1098 2530 qnam
1119 2443 1200 2523 alia,
1223 2443 1310 2514 milri
1329 2448 1402 2512 Heus
1418 2457 1444 2532 st·
1475 2471 1476 2500 t

217 2531 404 2624 gnificavit,
421 2528 512 2619 quod
537 2542 569 2600 te
584 2531 615 2599 ei
639 2551 765 2620 purum
792 2530 1009 2621 praepararis
1033 2531 1313 2622 receptaculum,
1346 2527 1445 2618 virgin·
1475 2605 1476 2608 Ἴ

218 2634 319 2692 tatem
339 2619 479 2708 quidem
505 2639 713 2690 conservans
737 2619 1020 2690 immaculatam:
1040 2641 1100 2690 cor
1125 2642 1214 2704 vero,
1241 2623 1278 2691 in
1303 2617 1385 2708 quod
1405 2631 1445 2683 not

217 2709 308 2781 cadit
332 2709 571 2800 reprehensio:
589 2720 622 2778 et
638 2708 743 2798 hujus
758 2708 880 2779 mundi
892 2708 1033 2796 quidem
1047 2709 1192 2801 gloriam
1209 2723 1370 2801 reputans
1382 2707 1447 2794 ign·
1475 2779 1476 2786 χ

217 2799 374 2879 minium,
400 2797 537 2868 divitias
560 2807 673 2866 autern
697 2809 957 2887 paupertatem:
983 2797 1173 2888 voluptates
1191 2820 1273 2868 vero
1299 2795 1445 2868 molestias.
1475 2868 1476 2874 η

216 2899 249 2956 et
265 2886 351 2956 nihil
374 2886 490 2978 magni
510 2907 550 2956 ac
568 2883 735 2975 praeclari
760 2885 885 2956 babere
908 2907 997 2966 eam,
1017 2907 1105 2974 quae
1128 2899 1213 2957 esta
1241 2886 1289 2957 ud
1316 2883 1446 2956 bomine,
1475 2955 1476 2963 ,

217 2974 448 3044 nobilitatem:
475 2973 569 3044 illam
595 2995 674 3044 vero
699 2973 807 3045 solam
832 2995 965 3056 amans,
992 2997 1012 3044 a
1035 2997 1105 3065 qua
1127 2977 1199 3045 exri
1230 2976 1324 3047 imus
1350 2981 1476 3062 proptu

217 3064 382 3164 primum,
400 3076 432 3133 et
448 3062 611 3164 haeredes
634 3062 715 3132 facti
739 3085 862 3134 sumus
880 3085 940 3155 per
959 3064 1150 3135 secundum
1173 3065 1294 3135 Adam.
1315 3067 1382 3133 »Et
1394 3060 1449 3129 beet
1465 3101 1476 3163 p

216 3151 355 3240 quidem
373 3156 545 3242 Eugenrae
560 3151 722 3222 Helenus.
1465 3180 1471 3245 ,-

260 3243 278 3329 5
302 3245 368 3314 ss.
387 3245 485 3311 Proto
499 3251 612 3312 autem
630 3253 663 3311 et
679 3239 889 3330 Hyacintho:
905 3263 923 3306 «
938 3245 1002 3310 Vos
1020 3262 1108 3324 vero,
1127 3235 1449 3334 inquit(nequeenin

216 3329 346 3420 placuit
369 3329 512 3403 Christo.
530 3343 569 3400 nt
584 3351 643 3400 vos
658 3328 833 3420 latoretis),
852 3329 912 3416 qui
930 3328 1066 3400 fortuna
1082 3330 1223 3418 quidem
1246 3331 1347 3410 servi,
1370 3333 1450 3424 mente
1467 3331 1476 3411 l

215 3432 329 3491 autem
347 3420 429 3489 estis
447 3417 557 3500 liberi,
583 3431 616 3488 et
640 3417 727 3490 nulli
744 3417 885 3488 domino
905 3418 1093 3507 subjectam
1114 3421 1326 3492 conservatis
1347 3427 1451 3506 animat

214 3507 428 3599 dignitatem,
455 3507 614 3577 virtutem
638 3506 847 3589 extollentes,
861 3519 894 3576 et
907 3507 1025 3597 magni
1042 3506 1218 3590 iacientes,
1244 3508 1370 3596 quibus
1385 3502 1451 3572 Cbrt·

215 3609 289 3668 stus
304 3617 441 3688 quoque
457 3595 560 3667 dicit:
577 3601 650 3667 Non
664 3617 721 3666 oo:
737 3617 814 3666 voco
826 3598 975 3698 amplius
989 3618 1111 3678 aanor,
1125 3599 1184 3668 scd
1199 3595 1392 3685 amicosne.
1404 3584 1449 3668 nl

217 3686 306 3756 beati
331 3699 468 3776 propter
494 3684 710 3767 libertatem,
743 3685 794 3754 vel
825 3699 940 3772 potrus
964 3699 1103 3788 propter
1130 3687 1320 3756 amicitiam
1342 3695 1372 3753 et
1393 3693 1450 3775 cult

215 3773 347 3845 Christo
370 3775 662 3865 conjunctionem,
685 3772 777 3862 qnod
801 3795 881 3844 cum
906 3771 1003 3846 illins
1020 3795 1146 3866 Jugum
1171 3775 1290 3846 subire
1312 3772 1450 3859 elegenlt

213 3865 250 3934 in
273 3885 346 3934 uno
364 3863 453 3933 inter
477 3885 535 3934 ros
558 3884 731 3935 consensu
749 3875 783 3932 et
805 3863 1072 3953 conspiratione,
1099 3863 1205 3954 hujus
1221 3865 1338 3934 beatae
1359 3863 1450 3948 coepit

213 3953 350 4025 nullum
376 3952 520 4022 attulisti
544 3952 854 4043 impedimentum:
881 3950 940 4022 sed
968 3973 1061 4023 nunc
1084 3973 1221 4043 qnoque
1242 3973 1322 4023 cnm
1342 3953 1449 4042 mestit

215 4053 374 4132 prompto
396 4053 429 4110 et
451 4041 557 4111 alacri
576 4041 704 4122 animo,
723 4053 757 4110 et
778 4061 859 4109 cnm
884 4040 944 4110 illa
959 4061 977 4110 e
995 4041 1061 4111 vita
1085 4041 1267 4111 excedente
1289 4038 1382 4110 etiam
1398 4027 1449 4100 rlln

214 4129 318 4200 simul
343 4128 449 4209 eritis,
475 4141 508 4198 et
531 4129 668 4200 easdem
692 4150 778 4217 quas
802 4127 863 4197 illa
885 4150 1030 4200 coronas
1062 4143 1094 4200 et
1119 4131 1270 4220 praemia
1292 4136 1447 4206 conseque*

215 4220 348 4288 mini.»
365 4222 453 4288 Haec
478 4239 557 4288 cnm
577 4218 672 4289 nullo
696 4217 763 4289 alio
790 4229 966 4308 praesente
981 4217 1121 4289 dixisset
1144 4220 1338 4311 Episcopus,
1362 4215 1447 4298 Euge

215 4307 308 4375 niam
337 4307 475 4396 quidem
506 4308 670 4395 permittit
694 4327 833 4378 manere
857 4310 891 4377 in
917 4307 1039 4378 habitu
1062 4307 1164 4390 virili,
1194 4329 1270 4378 cum
1296 4305 1355 4374 boc
1380 4291 1445 4365 nullt

240 4433 254 4460 ⁸
269 4431 307 4473 ss.
317 4433 401 4474 Prota:
411 4434 638 4484 enexaerumenon
648 4435 672 4475 11
684 4433 824 4486 septembris
834 4437 1054 4478 commemorantur.
