2920 4810
263 267 327 334 tiit)
656 283 695 332 nir
719 285 747 334 s.
773 283 899 336 xiiius
924 284 1052 334 aciani
1311 263 1364 328 tiit
1390 265 1410 322 :ii

218 391 256 442 os
273 391 409 459 semper
431 369 585 440 adhaesit
614 370 710 440 carni
731 391 837 452 meae,
856 371 917 459 qui
942 370 1081 442 tenuisti
1106 369 1269 440 dexteram
1289 389 1380 444 neam,
1397 386 1416 432 e:

218 460 252 529 iii
274 457 419 530 consilio
434 469 493 530 tuo
509 458 679 530 deduxisti
698 481 762 542 me,
781 473 818 530 tu
832 481 969 550 quoque
985 483 1078 530 nunc
1090 457 1214 530 exaudi
1229 479 1326 528 vocem
1338 477 1415 522 meac.

217 561 249 620 et
265 549 329 619 liae
349 548 521 639 lacrymae
541 561 697 620 moveant
721 549 849 620 fluenta
873 561 953 620 tuae
978 549 1241 628 misericordiae,
1268 559 1296 616 et
1314 545 1410 614 oniiii

219 651 434 728 peccatorum
452 637 570 708 sordes
587 653 655 708 tam
680 637 890 710 voluntarias
913 661 1018 726 quain
1034 637 1279 709 involuntariae
1299 656 1414 724 expurei:

219 729 343 829 praebe
367 727 452 798 mihi
476 727 519 798 ad
536 739 567 798 te
591 729 653 798 iter
669 728 800 816 absque
823 726 895 797 ulla
925 728 1182 814 perturbatione
1208 739 1239 796 ei
1267 726 1339 796 citra
1355 725 1414 792 ulm

218 816 516 908 impedimentum.
542 821 588 888 ile
606 818 837 888 meretineant
853 817 959 908 hujus
976 817 1064 888 airis
1082 817 1165 886 mali
1182 817 1411 906 daemonesioti

219 905 371 987 mortale,
399 904 656 976 olmmortalis.
676 907 760 982 Scis.
787 930 807 978 o
832 907 1011 978 hominurn
1039 912 1187 988 Amator,
1216 904 1338 977 nullum
1358 903 1410 970 iii.-

220 1019 297 1066 nem
313 1017 387 1066 esse
411 995 486 1065 siiie
509 995 682 1068 sordibus.
701 996 823 1068 Nullus
841 1009 902 1082 est,
926 997 959 1065 in
985 1018 1086 1084 quem
1105 1017 1174 1066 nou
1208 995 1307 1086 possit
1326 993 1408 1078 arrian

218 1107 337 1156 ansam
362 1083 592 1168 adversarius,
611 1107 673 1156 nec
696 1085 726 1156 si
746 1086 849 1156 vitam
873 1086 1012 1174 quidem
1039 1085 1162 1156 lrabeat
1186 1106 1254 1156 uno
1277 1083 1326 1153 die
1342 1082 1416 1150 dina·

219 1197 305 1245 sam.
333 1173 396 1245 Sed
421 1185 459 1244 tu
481 1175 621 1263 quidem
646 1197 727 1247 cum
753 1197 829 1246 mea
850 1176 969 1246 omnia
992 1174 1198 1265 despexeris,
1218 1175 1296 1246 siste
1310 1189 1418 1241 menii-

219 1264 298 1334 dam
316 1276 394 1335 ante
417 1275 518 1334 tuum
534 1264 736 1336 tribunal.»
761 1269 806 1334 Ea
833 1264 882 1334 sic
912 1275 1071 1355 precante
1093 1286 1173 1334 cuin
1203 1263 1360 1353 iacrymis,
1380 1279 1419 1324 iii

221 1352 375 1424 nondum
393 1367 559 1424 cessasset
580 1375 696 1436 orare,
723 1353 844 1424 horror
874 1376 1001 1446 corpus
1028 1354 1101 1445 ejus
1135 1353 1286 1435 inradit;
1308 1365 1336 1420 et
1353 1351 1421 1448 incip

218 1442 358 1533 quidem
388 1456 575 1533 aegrotare,
609 1465 676 1514 non
697 1455 806 1516 cessat
835 1457 947 1514 autern
978 1443 1143 1514 laborare.
1172 1442 1236 1512 Sed
1263 1455 1421 1531 quamam

220 1545 308 1602 esset
327 1532 458 1614 allecta,
477 1533 547 1604 ibat
563 1531 606 1604 ad
622 1533 946 1615 consuetaoantica,
965 1544 997 1604 et
1021 1532 1124 1604 simul
1151 1531 1297 1621 hymnos
1319 1527 1414 1620 psalle

221 1621 426 1692 matutinos:
446 1644 596 1710 cumque
610 1622 653 1694 de
668 1623 785 1693 anima
798 1635 830 1692 et
843 1621 952 1692 salute
969 1621 1115 1692 multum
1129 1635 1218 1692 esset
1237 1617 1420 1712 philosopha·-

218 1724 251 1782 et
270 1733 372 1782 suum
389 1733 528 1802 gregem
553 1711 713 1793 allocuta,
732 1733 810 1780 euni
836 1711 878 1782 ad
907 1712 1066 1782 virtutem
1091 1711 1279 1793 incitasset,
1306 1709 1352 1780 bis
1367 1707 1421 1774 liii·

218 1823 298 1870 cum
324 1821 359 1870 se
383 1801 546 1872 sensisset
571 1801 675 1872 veluti
694 1801 921 1883 deiicientem,
942 1800 1082 1872 vidisset
1110 1813 1225 1872 autem
1246 1823 1320 1880 eas,
1339 1819 1413 1885 qia·

220 1891 397 2048 parebant,
417 1889 604 1962 monachas
629 1891 776 1980 graviter
797 1889 884 1961 serre
901 1912 936 1960 se
964 1889 1007 1960 ab
1031 1911 1070 1960 ea
1087 1889 1256 1980 disjungi,
1283 1887 1421 1981 multisu-

245 1979 275 2048 is
290 2001 348 2048 eas
371 1978 557 2062 consolata,
578 1979 696 2050 dicens
714 2001 781 2049 non
799 1992 954 2070 oportere
976 1979 1023 2049 ita
1042 2001 1194 2049 moerere
1209 1994 1241 2049 et
1265 1979 1413 2070 lugeam
1433 2027 1434 2038 ,

121 2136 124 2144 .
215 2069 289 2159 jain
306 2068 455 2158 desuper
470 2069 570 2159 signo
588 2069 837 2158 emigrationis,
861 2069 978 2140 divina
995 2069 1119 2140 Christi
1136 2069 1245 2139 sumit
1261 2076 1408 2139 sacranaii'·

265 2160 373 2245 §aa
396 2161 479 2228 Cum
505 2171 618 2229 autem
636 2181 715 2229 cum
748 2157 908 2248 pontifice
941 2157 1228 2247 Eleutheropolis
1261 2158 1318 2246 qui
1338 2155 1369 2224 ad
1388 2172 1412 2218 u·

221 2269 300 2318 cum
319 2259 388 2318 toto
406 2247 498 2318 clero
518 2260 667 2330 venerat,
686 2248 748 2318 diu
764 2247 889 2330 locuta,
911 2247 954 2317 dc
972 2248 1046 2318 suis
1070 2247 1236 2338 gregibus
1262 2247 1356 2318 multa
1374 2261 1414 2310 m.

220 2335 477 2418 datadedisset,
503 2349 631 2408 etcum
661 2337 760 2409 multi
787 2359 924 2425 quoque
956 2337 1016 2408 alii
1049 2337 1421 2426 confluxissenitom*

220 2427 313 2496 enim
344 2425 532 2496 admodum
554 2427 685 2516 paucis,
705 2448 824 2498 omnes
848 2427 909 2514 qui
935 2426 1161 2498 circumcirca
1185 2425 1377 2498 habitabant.
1392 2431 1433 2520 ¹³³3

220 2515 280 2603 qui
300 2537 337 2586 se
352 2515 536 2604 separatim
554 2519 766 2594 exercebant,
793 2537 899 2603 quam
929 2517 989 2604 qui
1014 2517 1246 2586 communiter
1273 2515 1433 2586 virebant-³

219 2606 430 2693 quicumque
446 2615 542 2676 erant
565 2607 691 2676 sacrati
706 2605 851 2686 ordinis,
870 2605 1142 2693 atqueadeoqui
1163 2618 1264 2675 erant
1286 2608 1403 2676 etiamn

220 2693 347 2784 oppida
364 2695 557 2764 habitantes
573 2694 615 2784 l)‚
643 2717 721 2765 cum
740 2693 783 2766 ad
798 2716 856 2766 eos
881 2695 915 2764 in
932 2717 1118 2766 commune
1133 2695 1255 2766 utilem
1277 2695 1382 2766 iecisset
1395 2721 1405 2748 ι·

221 2783 457 2865 monitionem,
478 2783 661 2874 praecipue
684 2805 762 2854 vero
788 2784 831 2854 ad
854 2785 1110 2866 consobrinam,
1142 2806 1233 2871 quae
1262 2793 1421 2876 propiaret·

221 2872 470 2962 separationem
487 2873 585 2944 valde
604 2884 676 2944 erat
692 2873 902 2963 perturbata,
919 2886 952 2945 et
979 2873 1103 2944 deinde
1127 2873 1169 2942 ad
1199 2897 1328 2955 omnes,
1343 2889 1382 2956 qut
1396 2881 1421 2956 p

222 2962 293 3030 lore
310 2959 561 3043 alliciebantur,
587 2974 772 3034 extremam
800 2962 889 3033 banc
914 2984 1030 3032 vocem
1051 2963 1171 3034 effata:
1199 2965 1407 3057 «siculum

223 3050 335 3120 visum
352 3063 413 3132 est,
431 3050 620 3122 itasactum
644 3063 706 3132 est,
732 3075 750 3119 e
775 3064 928 3124 sanctam
952 3052 1047 3122 illam
1064 3065 1097 3124 et
1123 3075 1256 3122 sacram
1286 3052 1405 3142 enisis

224 3160 328 3222 mam,
346 3139 469 3211 ultimo
493 3141 549 3210 dic
578 3143 706 3214 mensis
726 3141 933 3224 Decembris,
964 3164 1043 3212 cum
1073 3155 1163 3212 esset
1186 3141 1261 3212 dies
1281 3139 1415 3212 Domiiiri·

223 3233 265 3298 Ut
283 3242 396 3298 autem
431 3253 558 3320 eorpus
581 3244 659 3320 apte
687 3243 719 3301 et
742 3231 864 3301 decore
890 3243 1165 3320 componeretur,
1199 3231 1287 3302 nibil
1311 3247 1375 3318 opus
1394 3229 1414 3282 ¹³

222 3317 345 3388 alienis
371 3320 544 3406 manibus;
571 3319 629 3390 sed
658 3333 690 3390 et
717 3341 822 3390 manu
838 3343 901 3390 sua
928 3334 1047 3410 sponte
1074 3321 1200 3410 pectori
1229 3321 1353 3392 honeste
1374 3327 1404 3376 ui

224 3409 271 3478 im
299 3408 417 3488 ositae;
445 3410 548 3499 pedes
564 3424 677 3480 autem
700 3411 828 3480 extensi
854 3423 891 3480 ut
910 3409 1068 3490 decebam
1098 3409 1285 3500 supercilia
1310 3427 1366 3476 reio
1385 3409 1420 3482 pr·

225 3431 306 3566 indoe
325 3519 364 3568 ao
383 3498 412 3570 si
428 3499 542 3569 adbuc
567 3499 701 3581 viveret,
721 3513 799 3590 apte
814 3511 847 3569 et
862 3499 1036 3587 eleganter
1055 3511 1153 3570 erant
1168 3497 1299 3572 clausa.
1316 3502 1410 3566 lunii
1430 3533 1431 3574 ,

225 3597 293 3656 tota
317 3599 414 3658 nocte
432 3609 537 3678 super
559 3609 634 3658 eam
663 3611 723 3680 pro
751 3611 845 3660 more
863 3588 1080 3672 cecinissent,
1111 3589 1403 3660 circumrorans

224 3688 334 3746 terrae
360 3676 524 3748 mandant
541 3677 587 3745 *ἢ

250 3821 264 3847 ·
277 3821 355 3868 Deest,
364 3833 387 3861 eo
397 3824 538 3868 nrtceneraiit,
548 3824 588 3863 eut
598 3820 718 3873 quippiam
729 3821 812 3864 simite.
1363 3869 1365 3874 ,

250 3876 276 3902 **
292 3877 349 3916 'rain
363 3876 385 3914 8.
399 3874 552 3924 Augustinus.
565 3885 637 3926 quoin
652 3879 675 3918 ti.
690 3879 846 3928 Hieronymus
864 3889 910 3918 non
930 3881 1002 3920 semel
1018 3879 1042 3920 iii
1053 3881 1103 3920 ariis
1114 3879 1226 3930 Epistolis
1236 3881 1265 3920 de
1274 3881 1294 3920 S.
1304 3871 1394 3930 liciano*-

224 3927 266 3967 Hic
281 3929 415 3969 meminisse
431 3931 533 3970 aiiitieiat
547 3932 568 3972 S.
586 3931 754 3980 Hieronymum
770 3934 798 3972 cd
816 3930 924 3982 Alypium
942 3936 965 3972 et
975 3935 1132 3982 augustinum
1143 3930 1351 3980 scribentemliii'et

224 3983 324 4024 dixisse:
341 3985 351 4004 ¹·
367 3983 446 4024 sancti
456 3983 499 4023 tilii
508 3994 628 4031 comunes,
637 3983 742 4032 Albinus.
751 3987 881 4037 ipinicnus
892 3989 915 4026 et
924 3985 1025 4028 Melania
1035 3986 1163 4037 pirminium
1173 3997 1217 4028 ros
1225 3987 1339 4028 satutant·
1429 4015 1430 4022 ,
