2920 4810
251 268 354 338 toto*
599 289 862 338 rnnrrnonosrurr
892 291 1107 339 rnnnsrnnrnrr
1325 270 1407 336 rtbt.
1429 271 1451 329 l?

205 387 289 448 rum,
312 370 580 450 utaithpostolus,
601 379 719 451 peccata
742 373 839 434 meni·
868 375 1029 452 imperiosa
1045 372 1150 444 luerit,
1172 372 1219 434 rel
1233 386 1267 434 oa
1286 387 1354 449 qnae
1369 369 1455 432 diaeta:

206 451 278 514 testa
293 461 377 524 sunt,
399 451 562 528 dequibus
585 451 737 530 superlluo
758 453 840 530 quic·
867 453 1034 516 auctoriosa
1058 453 1116 514 rita
1137 451 1267 513 subditis
1280 451 1454 513 incolerent.

204 548 297 612 quam
328 533 521 605 diceremus,
548 531 585 594 ad
616 531 839 592 ostendendum
867 531 999 608 diligens
1021 532 1114 594 lector
1135 534 1167 593 in
1190 532 1283 610 ipsius
1301 527 1455 606 libriscrph

203 619 389 692 quantopere
409 611 488 672 circa
515 609 709 688 porrectiores
729 609 839 673 solliei-
868 611 958 676 rabit.
982 611 1099 674 Verum
1123 613 1182 690 (ut
1204 627 1294 692 supra
1313 611 1455 673 retribuis}

206 699 255 753 tus
266 692 414 762 extiterit,
434 690 494 750 duo
509 688 614 751 saltem
633 705 840 768 eorum,quos
868 691 1061 754 incommodo
1088 693 1227 769 corporis
1256 690 1404 770 trequentes
1427 687 1453 745 rt

204 771 244 833 ob
270 770 438 832 sanctitatis
465 769 598 846 insignia
635 772 684 830 rix
720 778 840 848 praeter
869 771 1016 848 injuriam
1029 769 1451 848 carnislatigabatnrzsclono-

204 849 387 927 Gregorium
415 848 526 926 aliquis
554 865 687 926 arguere
715 864 838 928 praesu·
870 853 926 912 ties
953 849 1191 928 corpusculum,
1224 850 1322 912 nimio
1350 853 1451 910 simron

204 938 315 1002 meret,
329 929 366 990 ad
377 930 515 990 medium
526 929 729 991 deducantur.
755 927 839 990 llaud
868 931 1016 992 exercitio
1043 928 1226 1008 fatigatum,
1249 930 1374 1009 languor
1393 926 1453 988 brie·

205 1007 295 1084 longe
325 1008 410 1070 enim
434 1013 498 1086 post
519 1008 584 1085 eius
613 1008 839 1071 ordinationem
869 1012 1003 1072 mentius
1014 1007 1202 1086 pulsavisset,
1228 1009 1328 1073 illaad
1341 1011 1453 1072 hanina

203 1085 839 1165 sanctusSenoohhbbasdecellaegressus,
867 1105 957 1151 suum
978 1089 1157 1162 decurrens,
1178 1091 1304 1152 concite
1329 1090 1448 1152 sanabat

205 1168 241 1230 ad
271 1182 341 1230 eum
371 1165 566 1229 salutandum
600 1167 751 1248 proiectus
782 1175 836 1228 est.
868 1167 1117 1248 llocsaepissime
1139 1169 1245 1232 tiebat.
1267 1167 1451 1242 Quandoantn

206 1244 303 1318 Quem
323 1251 445 1308 sanctus
460 1247 509 1308 rir
530 1249 642 1324 magna
664 1247 840 1309 reverentia
868 1256 899 1309 et
919 1248 1072 1327 qualiter,
1094 1249 1125 1308 in
1149 1248 1356 1326 descriptione
1374 1253 1452 1310 nina·

205 1332 390 1405 susceptum,
412 1333 581 1403 mutuoque
602 1325 658 1388 coll
700 1327 751 1388 uio
771 1341 839 1388 sen·
868 1327 968 1390 lorum
991 1329 1031 1388 ita
1052 1327 1212 1405 dirigitur,
1241 1337 1276 1389 nt
1296 1331 1399 1391 merito
1413 1326 1453 1384 dis

205 1405 265 1467 sim
287 1405 476 1483 exploratum
493 1413 575 1483 peste
595 1421 685 1484 super
710 1407 754 1468 iae
768 1421 837 1467 mor
867 1408 1000 1470 ctionem
1011 1406 1155 1469 delectet:
1178 1407 1335 1488 siquidem
1349 1407 1451 1469 ntdiszn

204 1487 352 1562 persensit
374 1485 535 1546 iniectum.
557 1484 615 1547 Sed
631 1487 741 1565 gratia,
763 1501 840 1564 quae
870 1493 958 1550 tuset
974 1487 1108 1560 humilis,
1123 1501 1267 1564 corporee
1286 1489 1452 1550 medicantes

204 1565 238 1625 in
263 1563 472 1628 discernendis
492 1564 653 1642 spiritibus
675 1565 745 1626 lruic
772 1581 841 1642 sup·
867 1566 923 1627 sibi
955 1567 1074 1646 primns
1099 1565 1277 1630 adhibebat.
1310 1568 1365 1631 Sed
1388 1579 1453 1644 pnes·

205 1643 369 1724 peditahat,
399 1642 487 1706 illum
512 1643 550 1705 ab
570 1643 675 1706 eadem
698 1644 838 1722 superbia
870 1646 919 1707 ille
936 1646 1081 1708 humilius
1100 1645 1269 1722 expetebat,
1294 1647 1453 1725 indignant

204 1726 327 1802 penitus
341 1725 533 1865 crgurgavlt.
547 1722 610 1785 Nec
624 1723 761 1786 dissimili
778 1725 839 1785 vir·
865 1725 1016 1802 judicans,
1038 1727 1086 1786 cui
1108 1726 1226 1788 medela
1250 1741 1310 1804 per
1323 1723 1451 1788 miracula

204 1811 271 1865 tute
292 1807 369 1866 circa
402 1801 837 1882 satumquonuebeohardum
867 1806 932 1867 dari
953 1805 1118 1876 debuisset,
1141 1812 1228 1866 tanto
1250 1807 1360 1868 divina
1381 1807 1451 1878 lar-&1³¹

203 1883 306 1946 extitit
326 1883 486 1945 sollicitus:
520 1897 613 1962 quem
630 1897 759 1959 nequam
780 1899 838 1961 spr·
868 1886 949 1946 hunc
963 1885 999 1948 ad
1021 1883 1117 1947 solam
1136 1900 1210 1948 suae
1233 1888 1388 1964 potentiae
1403 1901 1438 1946 mc

204 1964 282 2027 ritus
303 1965 343 2026 ita
367 1963 499 2025 sinistris
519 1961 755 2040 cogitationibus
775 1965 839 2040 agi·
866 1965 965 2027 cinam
985 1962 1197 2026 reservabat...

202 2043 293 2116 tabat,
310 2049 343 2105 ut
357 2047 481 2122 propter
499 2040 651 2122 quandam
673 2039 836 2106 verborum
912 2042 1030 2105 «llulte
1041 2041 1165 2124 quidem
1176 2041 1359 2121 Gregorius,
1370 2055 1452 2122 quaer

202 2122 435 2196 contumeliam,
456 2138 515 2201 qua
528 2139 559 2184 se
574 2120 688 2182 dudum
706 2119 837 2185 recluse-
865 2125 951 2201 sequi
966 2123 1091 2200 longum
1114 2131 1170 2196 est,
1193 2125 1226 2185 in
1241 2124 1342 2186 salute
1356 2127 1453 2200 lango:-

202 2211 261 2270 rat.
284 2203 416 2280 migrare
427 2201 621 2263 decrevisset.
644 2199 701 2262 Sed
714 2215 769 2263 nec
781 2202 837 2265 iste
866 2204 945 2264 tium
976 2201 1181 2280 operabatur,
1202 2219 1285 2280 quae
1314 2211 1410 2267 umen
1429 2210 1452 2250 ³¹·

202 2284 301 2360 potuit
324 2284 481 2344 incurrere
501 2295 625 2354 casum,
647 2281 699 2358 nui
721 2278 836 2358 Crago·
865 2282 992 2344 obtentu
1004 2288 1188 2354 sanctornm,
1210 2299 1347 2358 qnorum
1363 2287 1452 2356 retina

202 2363 285 2423 rium
317 2361 433 2424 meruit
469 2360 580 2423 habere
613 2359 834 2424 sublevantem.
866 2360 992 2438 perinde
1013 2360 1447 2433 terebat,asuismeritisnu·

201 2440 278 2504 Nam
299 2457 370 2503 cnm
394 2439 484 2501 solito
504 2439 540 2501 ad
568 2438 665 2514 majus
685 2448 837 2502 monaste·
865 2441 937 2502 dere
959 2441 1129 2504 nitebatur:
1162 2455 1237 2502 eum
1270 2446 1395 2522 quidem
1420 2443 1447 2496 tr

201 2522 308 2594 rium,
329 2520 414 2598 qnasi
444 2535 525 2582 sacra
554 2517 675 2581 Martini
705 2520 834 2596 vestigia
866 2519 1446 2600 tantorerlusperipsumliebantqnsr

202 2597 429 2664 deosculaturus
450 2598 557 2669 adiret,
573 2596 720 2660 sollicitus
736 2605 835 2677 pastor
865 2603 871 2659 i
896 2615 928 2662 se
950 2599 1097 2664 humilius
1127 2599 1193 2660 aliis
1215 2601 1379 2672 tribuebat,
1399 2615 1449 2660 ura·

201 2679 333 2760 qualiter·
347 2681 410 2741 oris
424 2679 536 2740 amoris
551 2675 662 2740 Christi
680 2676 833 2742 vinculata
864 2617 954 2742 tssnu:
977 2695 1046 2742 oum
1067 2676 1232 2756 aliquando
1258 2697 1317 2758 per
1337 2683 1450 2751 riamtt

200 2775 233 2820 se
248 2765 382 2836 gereret,
403 2758 439 2821 ad
449 2757 513 2834 ejus
524 2759 684 2836 tugurium
695 2757 833 2820 divertit.
863 2758 999 2832 deretur,
1020 2764 1052 2821 et
1064 2757 1192 2819 Crucem
1213 2775 1343 2824 auream
1361 2777 1420 2823 cun
1434 2770 1456 2814 r

200 2837 255 2900 Cui
272 2853 343 2900 mox
358 2836 533 2900 illesccreta
555 2838 663 2910 cordis,
685 2837 834 2916 quaedia·
863 2837 965 2918 liquiis
987 2839 1092 2900 beatae
1113 2837 1226 2900 itariae
1250 2855 1374 2920 semper
1391 2841 1445 2910 lira

201 2917 286 2980 bolus
312 2917 395 2996 quasi
425 2915 616 2981 rationabilia
643 2915 833 2992 confixerat,
864 2920 911 2978 nis
931 2917 980 2980 rel
1002 2917 1081 2979 beati
1103 2916 1238 2990 Martini,
1258 2919 1338 2982 eollo
1358 2928 1452 2998 gestau·

200 2999 300 3059 eidem
322 2999 479 3060 reserarit.
499 2996 555 3072 Qui
580 2997 729 3075 protinus,
752 3011 832 3074 saga·
865 2996 1220 3076 proculariacujusdam
1236 3005 1376 3078 pauperis
1396 3001 1444 3069 bro,

200 3078 321 3139 sissimo
342 3084 456 3139 uteret
471 3077 609 3154 ingenio,
631 3074 835 3138 diabolicum·
864 3076 941 3138 tium
963 3075 1105 3138 incendio
1132 3079 1284 3153 conspicit
1300 3091 1452 3142 concremar

200 3164 303 3219 menta
326 3155 540 3234 deprehendit,
561 3162 593 3217 et
614 3171 675 3216 non
705 3157 835 3217 minimo
864 3155 1458 3237 Cratautem(atestinusibnspanperm'

201 3237 302 3300 dolore
336 3237 516 3316 suspirans,
545 3238 704 3313 increpare
736 3235 835 3296 homi·
864 3237 940 3296 loliis
967 3243 1058 3312 atquo
1083 3234 1282 3298 surculorum
1309 3239 1434 3300 cremiis.

202 3333 272 3379 nem
283 3317 434 3392 coepitac
449 3315 628 3378 diabolicam
639 3313 833 3377 calliditatem
863 3317 971 3392 guium
989 3314 1130 3378 videlicet
1145 3314 1306 3391 lomentis,
1318 3327 1451 3380 conmuni·

202 3397 305 3458 verbis
318 3395 562 3475 competentibus
582 3393 761 3466 denudavit,
781 3396 834 3455 do·
863 3395 923 3458 Hae
938 3393 1063 3473 illacque
1085 3396 1180 3457 miser
1200 3411 1274 3458 enm
1296 3413 1390 3459 uxore
1406 3407 1427 3454 u
1442 3432 1453 3448 .-

200 3491 350 3555 mumque
377 3491 529 3548 reversus,
551 3473 645 3536 libros
666 3473 702 3535 ad
731 3489 835 3554 propo·
864 3475 942 3536 beris
968 3475 1115 3536 cursitare
1141 3479 1172 3536 et
1200 3481 1364 3554 strepere,
1388 3491 1442 3550 aas:

199 3557 292 3617 situm
315 3555 539 3618 monachornm
559 3553 588 3616 ei
612 3567 765 3628 congruos
786 3556 833 3632 pia
861 3553 1023 3616 advehere.
1047 3553 1187 3632 sedium
1209 3553 1357 3620 dammae
1372 3565 1448 3634 praru

195 3635 405 3699 sollicitudine
428 3634 607 3697 transmisit.
629 3631 835 3706 Quibusrele·
862 3633 993 3707 luerent,
1015 3648 1073 3696 nec
1088 3637 1385 3715 poterantmitigart.
1406 3633 1449 3692 lu·

199 3716 265 3788 ctis,
289 3731 349 3779 uon
372 3714 469 3777 solum
485 3714 523 3777 ab
543 3713 606 3788 illa,
626 3729 718 3791 quam
739 3713 833 3793 petie·
862 3728 936 3774 vero
962 3711 1128 3791 Gregorius
1151 3717 1312 3786 accurrit,
1344 3724 1374 3778 et
1391 3723 1449 3774 coru

201 3796 310 3863 batur.
334 3797 509 3857 incursione
536 3799 660 3856 curatus
688 3799 758 3866 est,
781 3793 832 3855 sed
861 3793 1054 3856 flammarum
1068 3792 1172 3870 globos
1194 3791 1328 3858 Crucem
1349 3796 1450 3858 etam:

198 3875 290 3938 etiam
309 3875 338 3934 in
351 3889 456 3936 sensus
469 3875 610 3937 acumine
622 3872 754 3935 multum
768 3888 832 3950 pro·
862 3887 995 3952 moxque
1016 3876 1047 3933 in
1063 3872 1205 3949 adspectu
1226 3881 1399 3938 sanctarum
1416 3886 1439 3930 re

197 3963 315 4018 rectus.
338 3953 421 4014 Nihil
443 3969 514 4030 ergo
535 3967 618 4014 nunc
638 3953 833 4030 magnificen-
860 3953 1002 4029 cularum
1022 3954 1064 4014 ite
1081 3959 1162 4013 totus
1175 3953 1257 4032 ignis
1278 3954 1432 4032 obstupur¹

197 4032 492 4112 tiusqnaeres‚nihil
505 4030 831 4108 inlaudeCregoriuna
862 4049 917 4094 nec
932 4049 978 4102 ea,
999 4047 1075 4110 quae
1093 4031 1152 4109 jnm
1177 4034 1454 4112 apprehenderant

199 4114 401 4186 praestantius
423 4121 574 4190 expectes.
597 4110 628 4173 Si
650 4112 753 4174 anima
769 4127 832 4174 cor·
863 4119 905 4173 tra
929 4111 976 4174 rel
997 4111 1032 4172 ad
1054 4111 1211 4174 modinum
1236 4113 1373 4176 ustulare
1391 4122 1456 4191 ptr-³1¹·

194 4203 267 4259 pore
288 4189 415 4262 molior,
439 4194 531 4252 satius
562 4207 627 4253 esse
648 4207 831 4271 quemquam
861 4189 954 4253 Causa
970 4191 1080 4265 inerat,
1096 4207 1153 4268 uua
1166 4190 1457 4271 anemenseoppu÷

198 4268 274 4326 inea
288 4271 440 4344 suscitari,
457 4287 513 4332 nec
525 4271 687 4350 quisquam
701 4272 830 4334 mendax
860 4272 944 4333 adire
965 4270 1121 4333 debuerat.
1144 4269 1286 4350 Cumque
1305 4273 1347 4336 ab
1370 4275 1458 4346 lert*

198 4355 311 4416 multe
332 4357 438 4423 potest.
460 4349 523 4414 Vox
537 4355 636 4413 autem
652 4352 718 4428 ejus
738 4367 830 4430 quam
861 4351 1002 4430 pontifice
1024 4350 1204 4414 humanitus
1217 4351 1312 4415 luisse
1327 4361 1455 4426 suscep?
