2954 4816
245 282 308 346 t32
624 299 663 346 aa
687 299 714 346 s.
742 297 880 346 acosma
903 299 1047 361 naariae
1308 279 1379 344 HEC.
1400 277 1433 337 25

201 384 261 470 qui
281 383 373 454 circa
393 404 428 454 se
451 393 548 452 erant
563 383 674 474 magis
698 381 855 452 accendit
868 381 911 453 ad
935 383 1113 471 pietatem:
1138 395 1172 451 et
1192 380 1297 451 multa
1317 381 1376 450 alia
1393 379 1435 448 di-

201 469 284 542 ce'us
300 493 387 560 quae
406 470 449 541 ad
474 483 611 561 tempus
629 470 855 561 pertinebant,
879 471 1022 558 locoque
1040 470 1307 541 conveniebant:
1322 468 1434 555 etqnod

202 583 270 631 non
289 560 374 630 sorte
390 559 538 641 fortuna,
558 559 617 628 scd
633 559 749 646 diuina
765 559 914 646 quadam
930 558 1141 649 providentia
1162 557 1247 630 haec
1265 557 1433 636 audivisset,

202 663 235 720 et
250 672 290 719 ea
306 671 394 736 quae
410 649 507 739 prius
531 647 743 718 canebantur
758 648 867 717 divini
892 649 1046 718 navidis:
1073 647 1132 718 scd
1153 647 1212 718 illa
1228 647 1360 735 quiden
1380 667 1436 714 esse

201 761 291 826 quae
310 759 383 808 eam
402 737 568 808 inducant
581 736 623 806 ad
641 737 819 838 pietatem:
837 759 925 824 quae
940 751 1053 806 autem
1072 758 1165 806 nunc
1180 749 1357 816 canuntur,
1371 753 1436 822 qnae

204 827 429 896 adhortentur
445 825 487 895 ad
514 826 601 894 viam
624 827 769 895 virtutis.
783 829 873 895 Haeo
892 846 972 895 cum
989 825 1140 906 dixisset,
1161 839 1193 894 et
1211 825 1255 896 iis
1268 826 1325 912 qui
1341 823 1435 914 psalle

205 917 298 996 bant,
317 937 354 985 se
370 929 403 984 et
417 937 499 986 suos
512 914 766 995 admiscuisset,
780 935 861 984 oum
877 913 948 982 illis
963 915 1050 984 viam
1068 914 1228 1004 perfecit:
1243 935 1310 1000 quo
1328 911 1436 1001 quiden

206 1017 357 1094 tompore
376 1016 408 1073 et
425 1003 532 1074 multa
553 1001 622 1072 alia
640 1002 859 1072 admirabilia
878 1001 1010 1072 audivit
1035 1002 1153 1073 turbas
1176 1003 1220 1072 de
1244 1001 1365 1072 Heleno
1383 1023 1438 1070 aar·

205 1106 331 1174 rantes,
359 1104 396 1162 ut
412 1091 629 1162 ostenderent
651 1106 802 1179 quantus
819 1103 907 1160 esset
930 1091 966 1159 in
993 1090 1183 1173 miraculis,
1210 1104 1244 1162 et
1262 1113 1360 1179 quam
1383 1109 1438 1158 cun

205 1181 236 1250 is
259 1203 361 1271 saepe
383 1203 471 1270 opus
495 1179 673 1250 habuisset
699 1180 790 1280 igne,
819 1180 913 1248 visus
931 1179 985 1249 sit
1011 1179 1171 1250 ardentes
1194 1182 1358 1252 carbones
1379 1177 1439 1247 lene

205 1270 240 1338 in
259 1270 421 1345 vestibus.
448 1269 517 1338 illis
546 1267 631 1338 nihil
656 1290 696 1337 ex
721 1288 800 1358 rgnc
824 1267 945 1338 laesis:
975 1282 1147 1358 praeterea
1171 1284 1287 1340 autem
1311 1281 1342 1338 et
1362 1287 1440 1354 quae·

206 1380 355 1447 cumque
374 1357 439 1428 alia
457 1357 595 1428 assidue
614 1355 758 1426 iaciebat
773 1355 958 1426 miracula:
979 1357 1179 1445 eujusmodi
1192 1372 1246 1429 est
1260 1356 1441 1447 hocqucqae

207 1447 241 1516 di
271 1469 352 1516 num
377 1446 467 1533 quod
490 1457 647 1516 narretur
662 1458 695 1515 et
712 1445 894 1514 mandetur
910 1446 1105 1516 memoriae.

245 1469 268 1621 ἓ
291 1538 329 1606 2.
356 1536 458 1625 ljunt
473 1533 657 1624 quemdam
685 1555 838 1624 magum,
859 1534 919 1621 qui
941 1537 1126 1605 vocabatur
1141 1541 1276 1617 Zareas,
1297 1555 1371 1604 cum
1393 1551 1442 1598 ma·

206 1623 324 1694 lelicae
348 1625 430 1693 artis
454 1645 631 1694 summum
649 1623 817 1713 attigisset
840 1621 1029 1712 fastigium,
1052 1625 1086 1693 in
1113 1624 1182 1694 illis
1203 1623 1290 1694 locis
1306 1644 1374 1693 esse
1394 1641 1442 1687 rer·

208 1727 319 1782 sctum
344 1712 385 1783 ad
414 1711 600 1782 multorum
626 1711 791 1793 critiam,
822 1733 947 1802 magua
971 1725 1004 1781 et
1030 1711 1122 1782 varia
1146 1711 1270 1784 fraude
1295 1722 1441 1782 aarum:

207 1823 308 1888 quem
336 1801 423 1870 inter
446 1814 578 1870 caetera
594 1799 715 1870 diount
730 1821 854 1870 ausum
872 1821 947 1868 esse
962 1801 1094 1889 aliquid
1118 1801 1294 1890 ejusmodi
1319 1805 1379 1870 Deo
1397 1817 1443 1893 na·

208 1890 297 1960 xime
317 1889 479 1970 invisum,
502 1910 636 1978 nempe,
662 1887 789 1959 lamam
815 1889 984 1978 sparsisse
1008 1891 1096 1961 inter
1118 1911 1177 1961 eos
1200 1891 1265 1977 qui
1289 1889 1357 1960 illio
1379 1885 1444 1956 habr-

207 1977 336 2059 tabant,
353 1977 445 2066 quod
464 1979 536 2068 ipse
552 1976 691 2064 quidem
709 1989 798 2050 esset
813 1999 832 2046 a
849 1977 980 2047 Christo
1000 1979 1343 2066 missusbenetactor
1364 1975 1444 2046 honl-

208 2089 292 2137 num
310 2079 343 2136 et
361 2067 478 2136 doctor
494 2067 617 2147 bonus,
637 2066 783 2135 mendax
813 2078 926 2135 autem
956 2066 1124 2149 Helenus,
1152 2069 1385 2138 auctoritatem
1406 2061 1444 2129 do·

208 2155 308 2225 cendi
337 2156 401 2226 sibi
426 2154 512 2225 salso
535 2155 703 2225 tribuens.
729 2155 952 2226 Existimabat
979 2156 1071 2225 enim
1107 2155 1198 2243 quod
1240 2158 1270 2228 si
1307 2169 1442 2245 pastoren

209 2243 375 2314 adversus
399 2265 535 2336 gregem
564 2243 604 2313 ad
635 2242 764 2330 bellurn
789 2243 985 2324 concitaret,
1008 2265 1067 2314 eos
1090 2244 1274 2334 deinceps,
1301 2257 1443 2328 tamquam

208 2354 287 2402 oves
311 2353 399 2420 quae
420 2355 486 2402 non
516 2345 597 2402 saut
619 2330 819 2412 custoditae,
850 2331 1066 2421 aggrediens,
1095 2355 1161 2402 non
1186 2329 1443 2403 contemnendam

209 2420 370 2510 praedam
399 2419 574 2510 praeberet
591 2421 678 2510 patri
702 2443 765 2490 suo
781 2419 929 2490 diabolo.
957 2425 1047 2491 Haec
1066 2419 1124 2490 ille
1147 2421 1282 2504 dicens,
1301 2421 1395 2490 fidem
1414 2415 1444 2482 la·

208 2510 320 2580 ciebat
344 2531 407 2580 sua
431 2508 659 2599 improbitate.
682 2509 781 2578 Scitis
809 2509 901 2578 enim
929 2531 1033 2596 quam
1066 2511 1109 2580 sit
1139 2509 1274 2580 malitia
1300 2507 1445 2584 ciliman

209 2621 313 2686 quam
333 2595 431 2668 facile
447 2596 574 2668 multos
591 2597 749 2678 attrabat,
767 2597 852 2667 adeo
869 2609 906 2666 ut
925 2598 967 2667 ad
984 2598 1152 2668 Helenum
1175 2599 1280 2668 turba
1300 2595 1445 2668 accedens.

209 2687 240 2756 ei
257 2686 390 2768 dixerit,
409 2696 446 2756 ut
459 2685 509 2754 vel
526 2687 638 2777 ipsum
655 2685 831 2756 doctrinae
841 2699 1032 2756 assumeret
1049 2687 1193 2768 socium,
1207 2701 1271 2758 aut
1287 2699 1373 2757 certe
1386 2686 1447 2752 inter

210 2797 246 2845 se
262 2775 496 2863 disputarent:
524 2788 562 2844 ut
578 2773 644 2865 ipsi
661 2775 691 2844 ei
707 2775 767 2861 qni
786 2774 945 2856 vinceret,
967 2775 1177 2846 accederent.
1201 2777 1342 2856 Lubens
1364 2775 1448 2866 itaque

209 2862 360 2932 Helenus
384 2863 455 2934 adit
479 2862 670 2953 periculum
696 2885 774 2932 curn
804 2884 844 2933 eo
872 2862 1085 2952 disputandi.
1106 2863 1309 2936 confidebat
1328 2863 1407 2934 euim
1426 2875 1447 2923 u

210 2951 353 3020 Christo.
374 2957 508 3022 Zaream
526 2964 639 3022 autern
652 2971 828 3022 assumere
839 2951 984 3034 socium,
999 2952 1172 3022 bominem
1188 2953 1251 3042 qui
1271 2951 1449 3045 gloriebatur

210 3039 418 3110 daemonum
438 3040 643 3131 praestigiis,
664 3041 727 3110 hoc
743 3039 959 3110 existimabat
983 3040 1033 3109 vel
1059 3041 1131 3111 solo
1154 3063 1231 3112 esse
1256 3042 1374 3114 auditu
1393 3037 1448 3130 aba·

212 3127 429 3198 minandum.
459 3135 639 3219 Postquam
658 3149 739 3219 ergo
755 3127 829 3198 dies
845 3127 943 3197 alluit
960 3128 1172 3217 praefinitus,
1198 3133 1344 3202 accessit
1365 3125 1400 3197 ad
1416 3121 1450 3190 dt·

212 3215 454 3305 sputationem.
475 3222 513 3287 Et
531 3217 683 3308 primum
701 3216 839 3304 quidem
857 3237 935 3286 eum
960 3218 1085 3288 acriter
1104 3231 1154 3287 est
1174 3219 1331 3300 adortus,
1351 3230 1380 3286 et
1398 3231 1449 3306 rrtj

213 3305 284 3376 bris
302 3327 440 3396 magum
464 3307 588 3377 invasit
611 3305 835 3396 argumentis.
863 3310 1045 3392 Postquam
1075 3320 1188 3376 autem
1215 3308 1303 3378 vidit
1326 3327 1396 3376 enm
1417 3309 1449 3366 ult

212 3395 408 3486 arrogantia
433 3410 465 3464 et
490 3395 671 3464 insolentia
696 3407 870 3479 tamquam
895 3394 1016 3475 armis,
1043 3407 1075 3464 et
1098 3396 1307 3466 contendere
1332 3392 1391 3463 sibi
1411 3408 1450 3476 pa·

213 3505 288 3553 rare
309 3484 497 3563 victoriam,
521 3506 587 3554 non
605 3505 646 3554 er
666 3482 814 3563 veritate,
838 3481 896 3551 sed
912 3503 951 3552 ex
970 3483 1198 3573 impudentia,
1224 3483 1375 3574 permisit
1388 3478 1450 3546 lacto

207 3571 405 3661 judicium:
430 3585 464 3642 et
492 3571 590 3655 jubet
615 3593 780 3662 magnum
806 3571 920 3661 ignem
946 3572 1090 3642 accendi
1120 3573 1154 3642 in
1185 3573 1301 3642 media
1325 3569 1448 3641 civitate:

212 3661 333 3731 ambos
356 3675 469 3731 autem
488 3661 664 3730 flammam
690 3659 844 3750 ingredi:
870 3661 985 3747 etqui
1014 3681 1132 3731 eorum
1162 3674 1316 3732 maneret
1339 3657 1449 3750 illaesus

212 3762 245 3818 et
269 3749 347 3838 igne
366 3748 496 3832 sortior,
515 3771 594 3819 eum
612 3770 686 3820 esse
701 3763 827 3839 aperte,
847 3748 908 3835 qui
934 3771 954 3818 a
985 3749 1116 3820 Christo
1138 3763 1190 3820 est
1206 3751 1346 3829 missus,
1369 3756 1396 3814 et
1415 3739 1450 3807 dt·

213 3859 320 3928 gnum
338 3859 424 3920 esse,
451 3839 510 3926 qui
526 3838 645 3908 doceat
665 3837 761 3908 illius
783 3837 927 3907 clerum.

258 3928 276 4013 ἓ
299 3928 338 3998 Θ.
365 3931 547 4015 Postquam
566 3949 643 3997 vero
659 3925 761 3996 rerba
776 3925 817 3995 ad
840 3947 910 3995 rem
929 3939 1011 3997 sunt
1028 3927 1186 4009 deducta,
1207 3938 1242 3996 et
1256 3920 1449 4007 flammajm

214 4014 278 4084 luit
298 4016 333 4084 in
359 4015 467 4085 altum
492 4015 644 4096 sublata,
672 4027 783 4085 metus
807 4013 946 4101 quidem
973 4015 1086 4085 statim
1116 4015 1240 4086 invasit
1268 4021 1409 4086 zaream,
1429 4012 1449 4102 ll

210 4102 353 4190 jubebat
379 4103 528 4194 primum
555 4103 689 4194 ingredi
705 4103 886 4184 Helenum,
911 4103 973 4174 boo
989 4104 1080 4192 apud
1101 4127 1148 4186 se,
1172 4117 1209 4174 ut
1224 4105 1365 4180 videtur,
1380 4115 1449 4184 cagr-¹

216 4206 304 4272 tanS,
326 4194 417 4280 qnod
446 4192 495 4262 vel
523 4215 590 4263 non
621 4192 771 4274 andana,
801 4191 967 4262 dedecore
991 4193 1140 4263 Helenus
1158 4193 1339 4262 afficietur:
1364 4199 1412 4254 aut
1430 4199 1448 4246 st

215 4301 322 4349 ausas
347 4281 459 4362 suerit,
486 4281 615 4350 emittet
638 4283 808 4350 animam:
830 4293 863 4351 et
879 4281 929 4351 sic
946 4280 1045 4351 lacile
1060 4281 1162 4350 luerit
1181 4283 1210 4350 ei
1238 4283 1372 4352 vincere,
1389 4286 1447 4338 cuffl

215 4364 334 4434 sortem
356 4371 508 4439 amiserit
525 4369 782 4442 adversarium:
807 4380 839 4440 et
859 4369 908 4441 sic
928 4391 1047 4441 omues
1069 4371 1189 4461 poterit
1208 4369 1249 4438 ad
1275 4390 1309 4440 se
1332 4362 1447 4434 trahere·
