2920 4810
45 305 151 372 NOV.
178 307 221 372 20
459 325 721 374 nauarentoetuu
745 327 959 376 inuusrnxrurx
1212 308 1312 376 l03l*

726 409 882 472 Maximini
900 411 980 486 jussa
995 409 1089 472 semel
1112 411 1285 489 iterumque
1305 411 1357 474 de·

108 482 160 546 SS.
179 483 372 548 AMPELlUS
393 503 429 548 nr
443 483 558 548 catus
574 487 642 550 MM.
726 487 825 550 cimus
838 505 943 552 eorum
965 490 1095 568 quisque
1111 491 1194 553 varie
1210 497 1307 554 tortus
1327 498 1358 553 et

238 591 366 654 sm,
392 593 518 654 inemo,
726 569 917 631 excruciatus
931 567 998 641 luit,
1023 579 1117 648 atque
1132 571 1270 632 universi
1294 587 1359 648 per·

725 650 897 711 secutiones
926 649 999 726 passi
1026 654 1122 722 sunt,
1153 648 1357 726 gladiatorum

96 724 282 788 Menelaon.
304 759 344 772 -
367 724 522 788 Messanae
543 729 574 788 in
596 726 696 790 Sicilia
726 729 1358 808 manassiasissereleruntur,onibusper

45 813 236 867 sanctorum
253 805 421 884 Martyrum
438 805 606 869 Auebtrxet
618 805 696 870 Gau.
726 806 1253 898 diversadispersis,quamplurimas
1264 812 1358 888 regio·

100 883 206 962 Aliqui
231 895 340 962 putant
365 888 512 962 martyrio
536 895 699 949 coronatos
727 901 781 948 nes
798 885 934 948 Christus
954 886 1102 949 Dominus
1123 887 1160 950 ad
1174 886 1357 964 religionem

49 964 157 1026 luisse
170 965 228 1026 sub
240 964 430 1027 Diocletiano
452 972 483 1027 et
503 965 696 1028 Maximiano.
726 965 856 1028 condere
882 966 1025 1043 dignatus
1051 973 1108 1040 est,
1128 983 1163 1030 ac
1184 970 1357 1044 patrociniis

52 1076 99 1089 -
115 1042 159 1104 lta
174 1041 335 1107 Batonius.
362 1043 511 1107 Sollerius
529 1053 644 1118 antem,
667 1048 699 1106 in
727 1045 868 1108 decorare
883 1044 1074 1108 Sanctorum.
1089 1046 1134 1108 Ex
1148 1046 1258 1125 quibus
1270 1045 1358 1109 Solu·

53 1121 151 1186 Notis
175 1123 211 1184 ad
236 1123 407 1186 Usnardnm
431 1124 605 1202 subjungit:
635 1125 699 1187 olle
729 1131 786 1199 tor,
813 1125 967 1188 adventor
987 1132 1018 1187 et
1030 1123 1170 1188 Octavius
1189 1127 1268 1188 sicut
1290 1142 1359 1206 pro-

54 1218 181 1280 genere
202 1211 255 1264 aut
278 1210 412 1282 tempore
433 1206 566 1282 ipsorum
591 1206 700 1283 passio·
728 1206 894 1284 pinnuitate
916 1206 1066 1267 viscerum
1095 1205 1296 1279 tenebantur,
1320 1213 1357 1266 tta

54 1285 111 1344 nis
126 1281 206 1344 nibil
223 1297 405 1361 magnopere
421 1284 535 1361 reperit
549 1283 699 1346 Florenti·
727 1291 758 1345 et
782 1284 905 1346 vinculo
919 1284 1075 1347 charitatis
1095 1292 1125 1346 et
1140 1285 1224 1359 lldei,
1245 1301 1305 1362 quo
1326 1287 1357 1346 in

55 1378 134 1434 nus,
167 1376 266 1440 neque
293 1364 371 1441 apud
395 1379 448 1424 nos
475 1371 600 1438 extant,
622 1380 700 1443 quae
726 1361 846 1424 Cirrislo
862 1361 1026 1441 pollebam,
1043 1366 1205 1426 unanimes
1218 1380 1357 1442 perman·

52 1442 697 1521 eorumgestamultumillustrarepneaut.
727 1449 846 1516 serunt,
874 1451 909 1504 ut
936 1458 1022 1521 pares
1050 1452 1151 1506 essent
1178 1445 1246 1517 lide,
1276 1459 1360 1521 pares

729 1521 830 1599 palmo
857 1524 1006 1602 martyrii.
1039 1521 1096 1596 Qut
1132 1531 1360 1603 persecutorum

145 1599 197 1664 SS.
220 1598 426 1676 octaviae,
449 1599 621 1666 solutori
729 1602 881 1678 fugientes
902 1603 1103 1678 ferocitatem,
1118 1619 1214 1680 guum
1228 1604 1265 1666 ad
1282 1603 1361 1666 Tau-

204 1707 242 1752 pp
257 1690 466 1754 ADVENTOR
491 1692 560 1754 pyt,
730 1682 886 1743 ripensem
911 1684 1122 1760 pervenissent
1146 1684 1278 1756 urbem,
1301 1681 1362 1745 illio

184 1797 277 1858 a...
301 1804 373 1860 ...2
402 1813 484 1860 a...
511 1797 580 1861 ²⁹⁷·
730 1777 817 1904 llll
821 1762 1080 1921 lcitltlltll
1090 1762 1363 1904 titillabit

102 1919 286 1982 Mauricos..
308 1954 347 1970 -
376 1921 504 1984 Taurini
526 1928 701 1984 sanctornm
730 1920 821 1982 lluxit
845 1918 981 1983 Civitatis
999 1889 1035 1984 'in
1050 1918 1161 1984 Christi
1179 1921 1271 1984 ladem
1295 1937 1361 1999 per·

59 2000 235 2076 Martyrum
257 1999 392 2074 &ravin
414 1999 577 2063 &turonis
597 2009 627 2064 et
645 2001 703 2062 An·
729 2008 911 2071 sauromates,
933 2003 1058 2080 ejusque
1083 2016 1195 2063 nomen
1217 2015 1286 2062 cum
1301 2017 1362 2064 ma-

58 2095 242 2153 ynardum,
274 2079 437 2143 Thebanae
464 2080 593 2158 legionis
627 2081 702 2142 Mili·
731 2079 1362 2155 gnaexultationeconlltentes,Advenlor

59 2167 151 2232 turm,
167 2159 220 2236 qui
236 2159 292 2221 sub
313 2159 495 2224 Maximiano
516 2159 703 2238 lmperature
730 2166 762 2221 et
784 2158 927 2222 Octavius
946 2158 1048 2235 gladio
1073 2159 1224 2222 interlecti
1250 2162 1362 2238 pretio·

59 2239 197 2314 egregie
219 2238 422 2316 decertantes,
451 2243 598 2318 martyrio
619 2255 702 2301 coro·
730 2254 800 2300 sum
815 2241 996 2317 sanguinem
1011 2238 1139 2316 gloriosa
1165 2249 1262 2303 morte
1278 2239 1363 2302 lude·

66 2316 133 2378 nati
150 2322 233 2378 sunt.
732 2325 816 2379 runt.
838 2317 960 2380 Solutor
982 2335 1057 2380 vero
1080 2326 1177 2382 aetate
1195 2321 1311 2397 junior,
1331 2327 1363 2380 et

107 2393 304 2461 Celeberrimi
319 2405 393 2461 sunt
409 2397 440 2460 bi
457 2397 612 2474 Augustae
627 2398 704 2460 Tau·
732 2413 836 2476 gressu
851 2396 995 2472 velocior,
1017 2399 1085 2460 licet
1101 2402 1160 2460 ictu
1171 2396 1362 2475 lanceaey'am

62 2479 209 2538 rinerum
238 2477 383 2556 patroni,
415 2493 545 2556 quornm
581 2493 703 2556 corpora
734 2474 925 2552 vulneratus,
948 2493 1039 2540 cursu
1064 2478 1364 2554 rapidissimoema·

60 2556 103 2618 ab
118 2553 194 2618 aede
215 2555 244 2617 S.
264 2557 405 2620 Andreae
420 2558 465 2634 lin
486 2573 543 2634 qua
558 2573 611 2636 pro
630 2565 702 2619 tem·
734 2556 822 2618 nibus
836 2569 1061 2635 persecutorum
1088 2558 1194 2631 evasit,
1215 2565 1246 2619 et
1268 2572 1362 2636 usque

59 2649 139 2714 pore
154 2633 294 2698 collocata
316 2636 452 2710 luerunt,
475 2653 544 2698 num
563 2637 597 2699 ad
621 2636 706 2698 urbis
732 2635 911 2713 Eporediam
929 2637 1073 2713 perrexit,
1088 2653 1181 2713 senne
1195 2637 1310 2700 abdidit
1332 2638 1361 2698 in

60 2712 215 2791 praesidia
240 2713 316 2777 Galli
338 2716 485 2795 templum
506 2715 536 2777 S.
558 2714 706 2778 Solutoris
733 2723 850 2794 crypta,
873 2717 924 2778 nbi
940 2716 1028 2778 aedes
1051 2731 1163 2779 arenae
1184 2716 1365 2779 videbantur

58 2793 307 2872 evertissentlad
321 2795 705 2875 templum,tuncSncieta·
732 2811 825 2874 opere
840 2795 1017 2874 magnilica.
1039 2795 1079 2857 At
1103 2795 1241 2874 proditus
1261 2811 1365 2876 aquo-

61 2870 706 2954 tislesu,annol575,solemnissimapom·
733 2876 800 2938 dam
827 2875 974 2952 parvarlo,
998 2875 1235 2955 comprehensus
1262 2884 1307 2936 est
1327 2875 1365 2938 ab

61 2954 116 3031 pa,
138 2952 186 3012 cui
208 2952 272 3016 ltux
295 2956 357 3032 ipae
375 2954 531 3017 Sabandos
552 2955 704 3028 interluit,
735 2955 840 3017 iisdem
863 2955 1125 3031 persecutoribus,
1149 2962 1180 3018 et
1202 2955 1306 3034 procul
1328 2955 1365 3018 ab

60 3030 211 3094 translata
240 3031 336 3096 luere.
367 3033 426 3096 llos
452 3035 599 3114 Martyres
617 3051 704 3097 sum·
734 3036 794 3113 ipsa
810 3039 999 3109 arenajuxta
1021 3034 1151 3097 Munium
1166 3034 1258 3098 Duria
1284 3050 1366 3098 nun·

61 3124 194 3188 mopere
205 3110 369 3178 laudavere
381 3113 412 3176 S.
425 3112 581 3176 Ennodius
593 3114 704 3192 epm-
733 3123 876 3192 cuparum
899 3115 930 3176 in
956 3113 1141 3192 palustribus
1162 3115 1234 3178 locis
1256 3114 1365 3192 perdu-

60 3191 241 3252 cinensiset
254 3191 286 3256 S.
303 3191 452 3256 Maximus
467 3192 520 3269 Ep.
536 3193 703 3256 laurinen·
734 3202 811 3264 ctus,
832 3194 908 3256 dum
923 3191 1131 3257 Glaristianum
1146 3210 1178 3256 se
1191 3195 1278 3274 plena
1290 3209 1365 3256 voce

60 3271 125 3332 sis:
145 3271 294 3334 vertrmS.
304 3273 424 3335 Maximi
434 3287 535 3334 sermo
545 3273 704 3336 deeisdem
734 3273 931 3336 confiteretur
944 3289 1035 3353 super
1056 3273 1217 3352 quemdam
1233 3273 1365 3352 lapidem

60 3349 104 3412 ab
115 3347 266 3426 aliquibus
277 3349 307 3412 S.
325 3349 484 3415 Ambrosio
501 3345 657 3414 tribuitur.
671 3351 704 3414 ln
734 3352 897 3416 decollatus
911 3361 968 3426 est,
983 3354 1068 3431 eujus
1082 3355 1242 3431 sanguinis
1255 3353 1365 3431 glorio·

60 3427 173 3490 Officio
196 3445 284 3506 porro
304 3433 425 3510 proprio
440 3431 518 3494 Eccl.
536 3432 705 3495 laurinen-
733 3433 870 3495 sissimus
889 3449 980 3496 cruor
1001 3433 1161 3496 manifesto
1186 3433 1297 3496 indicio
1319 3448 1365 3493 us·

63 3511 119 3578 sis,
132 3507 206 3572 haec
216 3510 254 3570 de
266 3511 314 3572 SS.
329 3510 478 3582 Solutore.
491 3511 667 3574 Adventare
678 3517 707 3572 et
734 3527 794 3590 qne
813 3511 849 3574 ad
872 3522 1061 3592 praesentem
1082 3511 1164 3574 diem
1187 3520 1365 3591 permanet,

62 3585 194 3650 Octavio
220 3589 382 3667 leguntur:
411 3591 531 3653 «Multa
546 3598 576 3650 ct
597 3605 705 3667 magna
735 3591 837 3668 ibique
851 3591 982 3656 Ecclesia
993 3591 1251 3670 superaedificata,
1269 3591 1367 3654 virtu·

64 3673 144 3727 sunt
165 3684 243 3746 quae
263 3672 301 3732 de
324 3670 508 3734 Sanctorum
536 3670 705 3748 Martyrum
735 3679 800 3732 tum
815 3686 849 3732 ac
861 3673 1025 3734 sanitatum
1047 3673 1235 3749 operationes
1257 3671 1368 3732 indesi·

65 3743 231 3821 Solutoris,
245 3748 431 3813 adventoris
446 3747 601 3813 etOctavii
611 3757 706 3814 cetta-
737 3757 846 3814 uenter
859 3749 1212 3814 divinitusexercentur.
1226 3750 1367 3829 Martyris

64 3825 207 3888 minibus
222 3827 352 3892 debeant
368 3829 606 3892 christianorum
619 3843 706 3890 man·
735 3845 842 3908 corpus
865 3830 1050 3893 venerabilis
1065 3829 1177 3894 mulier
1197 3831 1315 3892 Juliana
1330 3847 1364 3892 u-

66 3905 150 3966 tibus
172 3908 319 3972 imitanda
342 3909 480 3988 proponi.
504 3909 580 3972 Nam
601 3909 706 3970 sertio·
737 3911 828 3988 periri
855 3910 986 3983 curant,
1005 3917 1037 3971 et
1051 3926 1143 3990 quum
1158 3927 1174 3972 e
1190 3909 1369 3973 satellitibus

66 3999 141 4045 rum
155 3985 317 4050 traditione
332 3996 523 4067 compertum
535 3995 592 4063 est,
604 3988 708 4050 beatos
735 3989 886 4051 didicisset
900 3993 931 4050 et
947 3990 1152 4052 adventorem
1166 3998 1196 4052 et
1207 3986 1369 4052 Octavium

64 4061 217 4142 Martyres
238 4084 277 4129 ex
303 4067 352 4131 illa
378 4069 470 4132 luisse
492 4067 705 4146 gloriosissima
736 4069 769 4131 in
799 4068 968 4131 Territorio
996 4069 1180 4132 Taurinensi
1212 4069 1304 4132 luisse
1326 4070 1368 4130 in·

67 4139 254 4208 Sanctorum
284 4147 512 4226 agaunensium
547 4146 706 4211 Thebaeo-
736 4147 1174 4226 terlectos,Solutoriscorpus
1196 4150 1228 4210 in
1272 4148 1371 4210 uadri·

68 4235 140 4284 rum
157 4223 305 4302 Legione,
320 4229 359 4292 de
370 4229 480 4308 quibus
496 4225 597 4290 nullus
608 4227 706 4290 omui·
735 4243 790 4305 gae
803 4243 876 4290 suae
890 4227 995 4289 levans
1017 4227 1192 4289 vehiculum
1207 4222 1244 4291 ad
1285 4228 1369 4292 auri-

67 4315 108 4361 no
121 4305 228 4379 periit,
249 4307 325 4370 dum
346 4307 450 4370 nullus
474 4310 569 4370 evasit
595 4315 707 4385 marty·
737 4323 862 4370 oensem
878 4321 1008 4384 pergere
1024 4305 1187 4368 Civitatem
1212 4309 1370 4370 nocturnis

68 4380 161 4444 rium.
177 4381 441 4452 Enimveromulti
453 4402 490 4450 ex
504 4387 708 4465 ipsa,quando
737 4387 819 4448 boris
842 4388 1026 4464 properavit,
1048 4391 1079 4447 et
1099 4385 1214 4464 absque
1235 4385 1298 4448 ullo
1319 4386 1356 4446 ob
