2994 4832
247 275 289 340 92
566 293 605 340 nr
630 294 657 340 s.
684 291 811 340 annona
835 291 982 338 xncnrnr.
1008 291 1119 339 conon.
1333 271 1438 334 blut
1487 263 1488 316 ἶ

204 377 378 448 insonuit:
395 377 526 465 quibus
541 378 678 447 divinae
695 377 830 447 virtutis
848 377 996 478 potentia
1013 376 1173 446 meritum
1191 375 1340 467 martyris
1352 394 1386 441 ac
1399 393 1442 440 sa·

203 467 351 536 cerdotis
366 477 461 536 tanto
481 465 678 556 gloriosius,
696 478 825 553 quanto
841 465 1034 553 Jucundius
1051 464 1217 554 patefecit.
1236 463 1337 552 Hujus
1350 462 1443 547 itaque
1487 469 1488 472 ’

204 555 351 625 laetitiae
375 555 543 624 suavitate
568 553 728 644 perlusus
743 575 840 624 sacer
856 555 1009 634 antistes,
1029 554 1211 623 brachium
1229 563 1373 624 sanctum
1387 570 1444 616 ma·

207 644 311 714 nibus
335 665 489 723 sumens,
515 642 696 713 ecclesiam
722 643 901 732 ingressus
926 656 988 720 est,
1015 641 1256 712 resonantibus
1278 641 1311 708 in
1328 637 1444 728 hymnis

203 745 236 802 et
251 731 545 822 supplicationum
564 731 704 801 vocibus
724 731 806 800 hinc
822 731 925 812 clero,
946 731 1042 800 illinc
1058 729 1197 822 populo.
1217 735 1341 799 Interea
1354 724 1444 816 splen·
1487 737 1488 810 t

203 821 266 890 dor
285 821 295 888 i
324 841 409 890 neus
424 819 568 890 coelitus
588 820 786 900 adveniens
807 820 1056 921 ingredientem
1074 842 1154 891 cum
1173 818 1298 889 sanctis
1314 827 1445 885 sanctum

203 843 401 998 pontiiicem
428 920 630 1000 prosecutus
655 923 728 989 cst,
763 909 942 978 visibiliter
976 909 1009 977 in
1042 907 1209 998 templum
1234 904 1443 980 descendens,
1487 967 1488 1004 ¹

204 998 389 1088 perpaucis
411 1019 548 1078 eorum,
575 998 636 1085 qui
655 997 738 1068 loris
761 1009 877 1077 erant,
905 1009 937 1066 et
964 1019 1069 1088 prope
1093 995 1200 1066 nullis
1222 996 1265 1065 ab
1290 995 1349 1064 hac
1369 1011 1446 1061 exce-

206 1087 272 1176 ptis
293 1087 433 1156 visione.
461 1091 534 1168 Qua
558 1086 601 1156 de
624 1108 660 1155 re
684 1086 764 1176 plus
788 1087 822 1155 in
848 1085 1067 1156 exultationis
1085 1106 1164 1154 voce
1179 1083 1311 1156 cunctis
1326 1093 1446 1173 perstre·

205 1175 377 1264 pentibus,
404 1176 477 1264 ipse
502 1187 548 1244 tot
572 1176 708 1244 divinae
732 1176 944 1264 praesentiae
968 1176 1077 1265 signis
1103 1173 1322 1252 exhilaratus,
1346 1188 1449 1265 magna

204 1285 283 1334 cum
300 1264 493 1344 securitate,
512 1285 729 1354 magnacum
744 1263 921 1334 devotione
938 1265 1042 1334 totius
1054 1262 1277 1352 ecclesiastici
1294 1259 1448 1330 ministem

204 1352 335 1421 cultum
363 1354 504 1443 peregit.

250 1443 267 1527 ξ
292 1443 365 1512 18.
393 1440 520 1510 Deinde
544 1463 623 1510 curn
651 1452 740 1510 totus
761 1441 796 1509 in
817 1441 986 1510 anteriora
1013 1440 1217 1530 respiceret,
1247 1453 1451 1521 eorumquae

205 1541 294 1598 retro
318 1542 411 1609 sunt,
439 1529 567 1600 oblitus
583 1577 596 1610 ,-
614 1531 647 1596 in
674 1542 802 1599 secreto
826 1530 1009 1620 quusdam
1036 1529 1146 1598 noctis
1170 1527 1340 1618 profunda
1361 1523 1452 1620 quiete

204 1617 364 1688 resolutis
388 1619 563 1697 omnibus,
583 1639 677 1686 more
702 1640 766 1688 suo
790 1619 996 1689 coenobium
1022 1623 1053 1686 S.
1074 1617 1209 1686 Martini
1227 1616 1399 1693 transiens,
1416 1633 1452 1677 n-

204 1707 299 1864 giliis
320 1708 497 1776 nocturnis
522 1707 709 1776 monachos
734 1707 930 1778 insistentes
953 1729 1036 1776 aure
1059 1706 1174 1776 cordis
1196 1718 1229 1775 et
1248 1702 1452 1794 corporisau·

230 1795 311 1876 ivit,
338 1796 553 1885 graviterque
584 1795 787 1884 suspirans,
815 1795 857 1864 ad
884 1797 1120 1886 presbyterum
1146 1795 1332 1882 quemdam
1360 1787 1453 1860 occul-

205 1897 317 1952 torum
339 1906 481 1954 suorum
506 1884 791 1964 scientissimum,
811 1885 877 1954 ait:
905 1884 1095 1972 «Numquid
1122 1883 1236 1954 cordis
1262 1884 1311 1952 tui
1331 1884 1451 1969 januam

206 1994 273 2041 non
302 1973 425 2061 pulsat,
442 1971 534 2059 quod
556 1973 676 2042 inlota
699 1973 836 2042 Colonia
856 1974 976 2064 sopitis
996 1973 1170 2054 omnibus,
1199 1971 1235 2040 hi
1257 1971 1321 2042 soli
1340 1967 1453 2038 divinae

205 2062 378 2131 servitutis
406 2060 673 2131 sollicitudinem
700 2061 888 2143 habentes,
917 2062 1157 2152 hoctempore
1186 2062 1296 2132 noctis
1323 2057 1364 2129 ad
1385 2051 1454 2152 psal·
1487 2137 1488 2150 ἶ

205 2149 344 2219 lendum
379 2155 445 2220 Deo
467 2149 685 2220 consistunt?
708 2155 746 2219 Et
774 2172 828 2220 me
858 2151 998 2238 quidem
1024 2150 1111 2220 nihil
1138 2150 1284 2240 dignum
1313 2146 1456 2216 ministris
1487 2153 1488 2218 ζ

205 2240 279 2340 ejus
303 2239 532 2318 exhibentem,
550 2261 631 2308 cum
649 2239 681 2308 in
703 2240 866 2309 omnibus
892 2239 1120 2330 negligentem
1152 2261 1226 2307 mea
1251 2237 1366 2307 tulerit
1387 2229 1455 2301 inl·

206 2326 328 2409 hortae,
347 2349 450 2415 quam
474 2328 621 2396 maxime
650 2328 829 2398 monachis
854 2328 1020 2398 hactenus
1040 2326 1173 2396 inutilis
1197 2327 1314 2395 vixi.»
1336 2329 1455 2394 Etcum
1487 2357 1488 2364 ι

207 2429 325 2506 pectus
351 2415 475 2486 seriens
500 2415 583 2485 hacc
606 2415 759 2498 dixisset,
781 2416 892 2486 oculis
916 2417 957 2486 ad
980 2416 1093 2485 sidera
1113 2415 1231 2484 levatis
1251 2437 1332 2485 cum
1352 2429 1457 2500 expan-

208 2507 304 2576 sione
322 2526 502 2585 manuum‚
529 2504 631 2594 corde
653 2516 686 2574 et
711 2527 769 2575 ore
792 2506 991 2595 subjunxit:
1019 2511 1094 2574 «Te
1119 2525 1250 2594 precor,
1279 2503 1366 2572 vitae
1389 2515 1458 2568 mor·

206 2595 315 2680 lisque
340 2593 545 2674 dominator,
572 2607 604 2662 et
620 2598 761 2664 Summe
777 2599 885 2675 Pater,
908 2607 943 2664 te
967 2614 1099 2684 precor,
1126 2605 1165 2662 ut
1189 2591 1297 2682 hujus
1323 2589 1404 2660 lucis
1422 2585 1458 2682 in·

205 2681 325 2752 ducias
350 2681 436 2750 mihi
465 2681 657 2764 concedar,
674 2683 782 2752 donec
807 2696 865 2754 tuo
893 2705 1036 2752 munere
1062 2683 1255 2772 proficuum
1282 2679 1459 2770 quidelm

206 2769 312 2856 hujus
336 2769 513 2859 religionis
545 2772 635 2838 viros
662 2770 885 2842 elaborem.»
910 2777 984 2855 Oua
1008 2793 1088 2842 voce
1118 2770 1231 2840 coelos
1259 2775 1458 2860 penetrante,

205 2858 348 2926 donrum
363 2871 556 2948 regressus,
568 2859 680 2947 primo
693 2881 793 2929 mane
808 2860 911 2930 limen
924 2861 1013 2930 beati
1027 2861 1114 2930 Petri
1128 2859 1232 2938 adiit;
1252 2859 1314 2928 ubi
1330 2853 1461 2947 residens

206 2948 240 3014 in
262 2958 381 3036 crypta
397 2948 561 3016 secretius
583 2958 616 3016 et
638 2948 799 3038 psallens,
827 2949 1013 3036 aquodam
1039 2948 1301 3038 superveniente
1327 2965 1403 3016 sene
1421 2941 1461 3008 lns

207 3035 318 3104 verbis
342 3047 392 3104 est
408 3035 629 3106 admonitus:
655 3042 737 3106 «Ne
765 3059 858 3106 mora
884 3037 938 3118 sit,
966 3037 1158 3107 venerande
1184 3035 1336 3126 praesul,
1364 3035 1396 3102 in
1418 3047 1461 3096 ct·

206 3124 352 3195 truendo
376 3125 505 3211 requiei
530 3137 608 3194 tuae
631 3123 727 3206 loce,
753 3147 856 3213 quem
883 3131 948 3196 Deo
974 3127 1249 3216 praedestinante
1276 3127 1310 3194 in
1340 3131 1460 3191 monte.

205 3214 265 3301 qui
289 3236 308 3281 a
334 3213 595 3303 praeterfluente
625 3214 730 3284 fluvio
765 3215 928 3306 sigeberg
959 3216 1249 3305 cognominatur,
1284 3209 1463 3302 habebis»

206 3303 350 3384 Dixerat,
373 3316 405 3372 et
421 3303 465 3372 ab
488 3303 705 3375 adstantibus
724 3305 825 3391 qnasi
847 3303 986 3374 delusor
1001 3305 1105 3374 citius
1127 3302 1287 3392 repulsus
1312 3314 1374 3382 est,
1399 3301 1465 3396 Ept-

206 3413 264 3462 sco
326 3392 392 3460 vim
412 3391 505 3462 verbi
523 3391 749 3482 profundius,
775 3414 879 3479 quam
904 3391 973 3462 dici
995 3393 1113 3482 possit,
1145 3392 1348 3480 excipiente.
1376 3391 1465 3469 ouras

205 3481 249 3550 ab
292 3481 347 3549 inc
365 3481 508 3550 intentio
530 3503 597 3550 non
615 3480 723 3560 aliud,
741 3503 845 3567 quam
872 3481 917 3562 id,
940 3482 996 3560 die
1016 3493 1187 3569 noctuque
1212 3479 1372 3559 volvens,
1397 3492 1466 3560 qut·

205 3568 282 3640 liter
305 3568 347 3638 ad
365 3569 468 3638 finem
488 3571 688 3658 pervenerit,
711 3569 963 3658 expediendum
980 3583 1041 3639 est.

227 3661 267 3756 ,ἓ
287 3663 358 3731 Η.
385 3657 561 3727 Palatinus
586 3663 703 3728 Comes
719 3658 900 3740 Hearicus,
920 3659 971 3727 vir
992 3659 1160 3748 potentiae
1177 3657 1345 3728 secularis
1360 3668 1392 3726 et
1407 3651 1466 3746 gloj

207 3767 288 3827 rrae,
308 3759 389 3816 tunc
414 3748 577 3837 temporis
601 3747 803 3818 inimicitias
827 3746 992 3816 adversus
1015 3747 1245 3818 innocentiam
1273 3751 1340 3816 Deo
1365 3743 1466 3813 ditem
1487 3739 1488 3814 l

205 3833 379 3992 gontihcis
395 3857 567 3918 exercens,
593 3835 768 3916 caedibus,
797 3835 929 3924 rapinis
952 3849 985 3904 et
1000 3835 1170 3904 incendiis
1195 3855 1374 3925 peremne
1393 3831 1465 3900 sere·

230 3935 308 3990 atur
332 3924 564 4014 Episcopium,
592 3923 635 3992 ad
658 3924 924 3994 devastationem
956 3925 1085 4016 patriae
1109 3923 1280 4014 praesidio
1311 3923 1416 3992 fretus
1438 3917 1488 3984 in

207 4010 373 4100 praedicti
398 4013 523 4082 montis
547 4013 681 4082 vertice.
708 4017 808 4082 Hunc
824 4021 846 4094 ,‘
855 4012 959 4103 justis
983 4013 1197 4104 exigentibus
1225 4013 1366 4091 causis,
1393 4025 1466 4076 ana·

207 4099 366 4169 thematis
378 4101 545 4170 sententia
558 4100 683 4170 feriens
695 4102 993 4191 Archiepiscopus,
1007 4102 1143 4172 tandem
1155 4101 1197 4170 ad
1213 4099 1468 4171 satislactioncm

207 4202 363 4289 coactum
389 4189 632 4279 captivumque
657 4190 769 4260 traxit:
795 4192 861 4274 Qui
882 4190 1057 4260 Coloniam
1079 4190 1230 4271 veniens,
1257 4188 1299 4258 ad
1324 4188 1401 4276 ejus
1424 4203 1468 4248 vu·

207 4291 309 4366 strgra
327 4279 395 4346 ruit
410 4277 602 4367 suppleret
623 4279 811 4367 poenitens,
833 4291 865 4349 et
884 4291 1023 4370 accepto
1042 4278 1299 4350 communionis
1314 4291 1348 4346 et
1364 4269 1470 4344 indul-

207 4366 341 4455 gentiae
366 4367 451 4450 loco,
479 4387 539 4454 pro
568 4367 677 4455 gratia
709 4389 746 4436 se
778 4367 1031 4439 reconciliantis
1058 4369 1230 4459 Episcopi,
1257 4369 1355 4439 beato
1385 4369 1470 4432 Petro
