2946 4798
23 260 89 324 nrt.
114 260 152 324 28
361 277 401 324 nn
425 277 471 325 ss.
498 278 583 338 rnna,
611 279 717 327 noum
741 279 808 328 erc.
837 281 892 328 uu.
1156 265 1219 329 ste

22 363 110 450 magis
125 360 383 443 accendebatur,
402 374 434 431 et
453 361 576 432 Christi
598 361 724 433 milites
745 364 955 452 parabantur
971 363 1012 432 ad
1031 365 1151 434 aciem.
1172 371 1264 437 Inter

20 471 63 520 eos
81 450 186 519 tloruit
209 449 297 520 laeta
319 449 489 536 quaedam
515 462 547 520 et
572 449 692 541 pulcra
713 451 831 553 planta
853 453 996 540 pietatis,
1023 455 1119 543 virgo
1143 453 1264 526 admo-

20 538 86 606 dum
105 537 229 628 pulcra,
253 543 386 608 Domna
409 539 561 621 nomine,
588 538 699 629 gloria
719 541 878 632 insignis,
902 541 937 611 in
952 540 1102 612 thalamo
1119 543 1264 614 educata

21 628 224 716 inperatorio,
251 629 295 697 ab
319 627 427 718 impio
451 632 661 717 Imperatore
678 628 732 712 iis,
752 629 811 716 qui
828 629 914 700 lalso
935 630 1169 712 nominantur,
1187 633 1264 720 ejus

20 713 73 785 diis
93 729 305 798 consecrata,
332 717 392 804 qni
417 715 574 786 collocati
602 729 701 788 erant
719 719 821 791 ¹intra
844 719 994 809 regiam;
1025 733 1058 788 et
1080 720 1265 790 constituta

21 803 114 892 prima
135 805 362 886 sacerdotum,
386 817 419 874 et
445 805 613 896 praelecta
637 806 817 878 sacrificiis
845 820 878 877 ct
906 808 1078 896 mysteriis
1102 809 1265 880 omnibus

19 893 140 964 deorum
164 895 333 964 inanium.
360 895 661 966 verumenimvero
685 895 774 967 bona
799 896 901 966 arbor
929 895 1114 985 quaerebat
1138 896 1263 966 borram

21 993 137 1063 terram,
152 996 182 1052 et
194 983 286 1054 lerax
302 981 377 1053 olea
394 994 484 1054 stare
498 983 531 1052 in
548 982 650 1053 domo
665 985 736 1066 nei,
755 996 787 1054 et
800 982 949 1056 fructum
968 983 1108 1060 reddere
1128 985 1261 1056 utilem.

20 1071 86 1158 Ipsa
106 1093 177 1164 ergo
195 1095 276 1142 cum
302 1071 383 1142 fidei
408 1093 521 1143 sermo
540 1071 753 1156 dilataretur,
772 1087 805 1144 et
828 1072 871 1144 ad
895 1073 1092 1144 divinarum
1111 1075 1266 1165 Scriptu-

21 1179 120 1228 rarum
141 1161 285 1232 venisset
314 1159 538 1240 auditionem,
558 1173 589 1230 et
609 1163 734 1234 mentis
760 1161 953 1253 aptitudine
979 1163 1149 1253 rapuisset
1173 1165 1265 1235 scin-

23 1245 113 1316 tillam
135 1250 285 1338 pietatiS,
314 1250 406 1320 brevi
422 1248 587 1340 impletur
606 1272 722 1321 amore
746 1251 917 1352 spiritali;
942 1263 975 1320 et
998 1275 1077 1322 cum
1103 1251 1201 1322 illurn
1225 1253 1265 1322 li-

23 1335 106 1404 brum
134 1340 340 1430 accepisset,
372 1337 492 1419 Pauli,
513 1338 682 1426 inquam,
712 1361 772 1428 qur
805 1361 962 1410 sermone
993 1361 1068 1411 com
1097 1340 1193 1410 lenus
1217 1355 1267 1412 est

22 1423 118 1493 orbem
141 1439 258 1514 terrae,
279 1441 312 1497 et
328 1427 478 1498 actiones
497 1427 622 1514 reliqui
646 1427 742 1498 chori
767 1427 1016 1518 Apostolorum,
1036 1363 1218 1519 diligenter
1234 1443 1266 1500 et

21 1513 208 1586 continenter
230 1539 271 1586 ea
297 1516 467 1607 percurrit
482 1537 490 1596 ;
507 1529 539 1586 et
555 1539 638 1586 cum
663 1517 878 1608 cognovisset
901 1539 941 1588 ea
956 1538 1045 1605 quae
1064 1516 1268 1589 dicebantur

23 1615 123 1672 csseet
137 1626 224 1688 vera,
250 1619 284 1676 et
303 1603 532 1686 delectabilia,
551 1617 584 1675 et
597 1606 689 1692 quod
710 1619 761 1676 est
779 1606 937 1676 omnium
962 1605 1166 1688 maximum,
1193 1606 1267 1676 ani-

24 1691 216 1776 mantilia,
244 1695 338 1764 varie
372 1692 604 1764 afficiebatur:
632 1693 844 1778 laetabatur,
874 1694 1123 1775 admirabatur,
1153 1693 1269 1766 dolore

24 1779 110 1874 animi
134 1783 351 1873 implebatur.
378 1783 580 1852 Laetabatur
596 1782 749 1870 quidem,
771 1784 863 1872 qnod
889 1784 923 1852 in
946 1781 1045 1854 talem
1068 1783 1267 1853 thesaurum

26 1867 194 1964 incidisset;
220 1871 462 1944 admirabatur
477 1885 604 1953 autem,
624 1873 847 1944 considerans
863 1871 966 1942 fidem
984 1870 1266 1951 Christianorum,

25 1974 141 2044 ejusque
163 1961 232 2031 veri
256 1959 413 2032 studium
438 1972 471 2030 et
493 1960 771 2049 conjunctionem
797 1983 879 2032 cum
902 1962 1027 2030 virtute
1053 1959 1267 2050 suscipiens;

27 2045 189 2134 angebatur
206 2072 298 2131 vero,
320 2037 489 2120 damnum
516 2048 608 2136 quod
633 2071 786 2140 cousque
814 2060 1003 2149 acceperat,
1032 2060 1208 2139 reputans,
1238 2063 1270 2118 et

30 2147 133 2206 noctem
154 2137 363 2228 profundam
388 2159 439 2219 ea,
466 2159 554 2225 quae
572 2150 839 2228 praecesserant,
856 2137 1069 2208 existimans.

65 2221 79 2305 l
97 2227 132 2294 8.
150 2231 244 2298 Hanc
264 2241 356 2298 certe
374 2227 466 2316 piam
486 2226 587 2296 fidem
605 2226 817 2308 desiderans,
837 2225 1081 2296 nihilomnino
1097 2235 1268 2310 cunctata,

31 2313 145 2383 accersit
166 2315 355 2403 quamdam
383 2315 490 2386 liliam
519 2315 627 2386 unius
661 2338 700 2384 er
731 2315 953 2386 senatoribus
976 2316 1080 2405 (quae
1110 2315 1273 2405 opinione

30 2397 140 2478 quidem
163 2423 235 2476 erat
260 2405 465 2486 Christiana,
492 2415 565 2474 erat
581 2416 695 2474 autem
716 2403 791 2506 ipsa
815 2423 952 2491 quoque
977 2405 1071 2494 virgo
1097 2403 1270 2493 perfecta),

30 2503 124 2556 verum
143 2494 273 2564 cultum
301 2493 389 2564 scire
405 2492 617 2574 desiderans,
636 2506 668 2563 et
693 2505 742 2563 utr
766 2515 805 2564 aa
830 2491 917 2564 duce
941 2491 983 2562 ad
1011 2493 1223 2583 religionem.
1249 2498 1273 2562 t

29 2591 81 2657 qua
96 2578 127 2647 in
146 2581 317 2672 mysteriis
338 2581 571 2672 pulcherrime
592 2581 760 2664 instituta,
788 2592 947 2673 properat
970 2580 1013 2650 ad
1039 2582 1271 2681 baptismum:

29 2674 52 2728 et
73 2667 171 2738 media
195 2684 305 2750 nocte,
329 2671 556 2742 inscientibus
574 2670 749 2754 omnibus,
777 2673 868 2741 venit
891 2669 932 2740 ad
953 2669 1117 2761 Cyrillnm
1136 2668 1275 2740 Pontib-

29 2769 96 2820 tem.
125 2757 180 2826 llle
205 2774 321 2832 autem
347 2781 427 2830 cum
454 2757 626 2830 modulate
650 2759 786 2831 divinas
809 2760 840 2830 ei
865 2759 1046 2830 cecinisset
1066 2759 1272 2848 Scripturas,

29 2851 52 2905 at
71 2848 252 2918 veneranda
277 2847 401 2920 Christi
425 2868 527 2918 cruce
551 2869 626 2918 eam
653 2848 891 2940 obsignasset,
920 2860 1002 2919 tunc
1034 2847 1175 2937 quidem
1199 2869 1275 2917 eam

30 2923 93 3030 lacit
108 2936 404 3008 catechumenam:
431 2947 463 3007 et
482 2937 583 3024 jubet
605 2957 656 3017 ea,
675 2958 763 3024 quae
783 2937 825 3006 de
851 2957 944 3008 more
970 2935 1067 3027 prins
1087 2936 1278 3020 huntheri

30 3037 43 3080 t
64 3039 111 3105 pro
132 3025 279 3110 quodam
307 3027 471 3096 Diacono:
498 3039 570 3096 erat
585 3037 701 3096 autem
718 3025 748 3096 ei
774 3047 898 3097 nomen
924 3025 1087 3116 hgapins.
1111 3025 1174 3095 Illa
1200 3047 1277 3096 vero

31 3123 93 3175 tum
115 3111 231 3196 ethis,
257 3127 291 3184 et
310 3113 443 3205 jejunio
467 3127 499 3185 et
518 3114 664 3184 orationi
682 3115 785 3186 simul
808 3127 953 3194 vacaret,
975 3136 1041 3184 non
1061 3115 1179 3184 minus
1195 3115 1276 3185 haec

32 3211 116 3293 egens
138 3201 269 3274 studuit
294 3202 408 3284 latere,
425 3223 529 3290 quam
555 3204 638 3274 haec
664 3201 877 3274 laomedon
902 3214 974 3272 erat
998 3203 1113 3290 itaque
1136 3202 1275 3290 aliquis,

32 3285 207 3384 quthornm
232 3305 321 3364 essct
340 3292 513 3372 conscius,
533 3291 600 3362 nisi
618 3291 712 3362 solus
729 3291 871 3378 qnidam
897 3291 1098 3372 Eunuchus,
1122 3291 1183 3377 qui
1208 3302 1279 3361 erat

33 3388 182 3468 ernvrrtute
205 3379 343 3464 similis,
361 3379 463 3452 lndes
483 3380 621 3468 quidem
641 3381 790 3464 nomine,
811 3401 934 3471 genere
955 3391 1070 3450 autem
1094 3379 1276 3461 barbarus,

35 3467 146 3535 etiamsi
161 3467 237 3557 ejus
255 3489 366 3541 mores
382 3491 448 3538 non
469 3483 583 3540 essent
598 3469 755 3540 barbaris
780 3468 923 3550 similes,
943 3469 1002 3539 sed
1022 3468 1120 3539 mites
1134 3481 1167 3538 et
1183 3489 1280 3538 man-

36 3551 117 3642 sueti,
133 3567 165 3625 et
185 3559 247 3646 qni
267 3557 511 3650 significabant
535 3579 696 3647 magnam
715 3559 884 3629 internam
900 3558 1049 3645 quietem
1066 3570 1099 3628 ct
1115 3556 1282 3644 tranquil-

38 3631 154 3733 litatem.
171 3649 205 3716 Is
229 3668 298 3717 non
319 3646 432 3716 solum
458 3667 576 3735 aeque,
599 3659 701 3734 atque
725 3647 812 3738 ipsa,
839 3645 883 3716 ad
908 3645 1011 3716 fidem
1032 3647 1194 3716 accessit:
1222 3645 1282 3718 sed

38 3733 130 3809 etiam,
158 3748 298 3805 vocante
323 3736 524 3815 occasione,
555 3757 590 3805 se
615 3736 767 3825 primum
796 3734 938 3806 tradidit
967 3735 1144 3836 martyrio,
1177 3736 1283 3806 Ambo

40 3823 254 3907 tisamenus
268 3824 359 3895 venit
373 3836 508 3913 tempus
525 3824 779 3914 praestitutum,
794 3837 1028 3911 assequuntur
1051 3825 1282 3914 baptismum

42 3910 65 3964 u
84 3905 124 3976 sic
152 3926 225 4000 post
249 3914 398 4004 primam
423 3913 699 4002 generationem,
730 3913 797 3983 cito
828 3913 942 4002 puella
970 3913 1121 3986 secundo
1148 3932 1286 4012 quoque

45 4005 258 4084 regeneratur,
284 4024 364 4074 cum
398 4023 466 4070 non
503 4015 583 4072 nata
615 4014 704 4074 esset
735 4000 853 4092 plures
887 4024 991 4092 quam
1023 3998 1285 4089 quatuordecim

49 4094 144 4154 atuos.

80 4168 149 4252 ld.
173 4181 354 4267 Postquam
378 4190 493 4249 autem
518 4179 629 4250 valide
643 4179 774 4268 jactum
801 4179 866 4251 luit
888 4180 1168 4261 fundamentum,
1194 4192 1227 4249 et
1250 4179 1284 4249 in

52 4247 127 4328 lima
147 4279 249 4354 petra,
270 4290 396 4359 nempe
412 4268 557 4352 Christo,
575 4268 648 4358 jam
671 4269 803 4339 radices
823 4283 948 4361 egerat,
970 4285 1050 4341 tuno
1065 4269 1134 4340 alia
1150 4289 1288 4356 quoque

53 4355 328 4440 superaedificavit,
351 4357 554 4428 alimentum
570 4356 712 4446 quidem
737 4358 862 4430 sensile
886 4373 918 4429 et
942 4372 1060 4448 potum
1085 4357 1287 4450 negligens:

112 4467 245 4534 Sunius·
263 4475 346 4538 Vitae
362 4473 414 4539 SS.
430 4509 441 4524 ·
456 4472 521 4539 Vol.
535 4473 597 4537 Xll.
1173 4475 1211 4539 33
