2960 4824
75 270 141 336 tat.
167 271 199 334 ll
478 291 518 338 nn
541 291 569 339 s.
596 289 731 338 uturum
755 287 881 338 srrnrrs
1208 272 1273 338 277

70 374 189 532 petiae,
208 385 241 444 et
258 373 370 444 mellis
387 375 576 465 plurimum
594 397 710 445 revera
727 387 857 445 scatere
871 373 950 444 iecit
967 376 1001 442 in
1019 373 1157 446 illorum
1175 377 1314 458 animis,

86 485 231 533 camore
257 463 294 531 in
320 485 486 554 pauperes
517 477 550 534 et
573 465 609 533 in
643 463 775 545 fratres,
798 462 840 533 de
868 463 1044 544 charitate,
1063 476 1095 531 et
1114 464 1259 550 jndicio,
1285 481 1319 535 et

68 552 336 634 remuneratione,
357 565 390 622 et
412 553 453 622 de
477 552 556 624 aliis
573 552 773 642 hujusmodi
790 551 882 643 apud
902 574 959 622 eos
984 552 1086 623 verba
1105 551 1246 622 iaciens.

101 644 211 728 ξθὸ.
233 646 305 711 Non
328 641 439 712 solum
460 656 574 711 autem
602 643 636 712 in
661 642 716 722 iis,
733 663 822 729 quae
848 641 921 740 ipse
944 639 1101 721 faciebat,
1117 641 1317 712 ostendebat

68 731 292 819 praestantiam
317 751 399 802 suae
422 731 579 801 virtutis:
605 729 783 802 sedetiam
802 731 836 798 in
862 730 916 812 ris,
939 750 1027 816 quae
1045 729 1263 820 patiebantur
1277 732 1315 813 ii,

69 819 114 904 qui
135 840 198 888 non
222 819 470 890 erubescebant
488 841 569 889 eum
596 819 788 890 maledictis
804 819 952 905 insequi.
968 823 1051 888 Cum
1068 819 1210 905 quidam
1228 832 1317 890 certe

69 906 233 994 aliquando
256 931 297 977 ex
321 908 375 990 iis,
397 909 455 996 qui
486 909 528 978 ad
553 929 633 978 eum
658 906 868 979 accedebant
890 906 1016 996 (luerat
1041 929 1119 977 vero
1143 908 1173 978 is
1199 907 1317 998 lapsus

66 997 93 1064 in
114 1019 185 1065 vera
210 996 401 1087 religione),
422 1001 584 1067 Sanctum
610 996 801 1066 maledictis
826 998 1020 1078 incesseret,
1039 1009 1071 1065 et
1091 997 1151 1084 qui
1175 997 1317 1066 aderant

67 1097 91 1152 et
109 1085 299 1166 audiebant,
321 1107 400 1155 eum
425 1087 654 1176 increparent,
673 1087 745 1177 ipse
761 1107 840 1154 cum
867 1106 1009 1155 manum
1027 1085 1116 1154 intra
1133 1085 1316 1155 indumen-

68 1185 126 1241 tum
143 1174 325 1262 injecisset,
340 1187 373 1245 et
387 1175 514 1264 piscem
535 1186 687 1244 assatum
711 1173 902 1244 eduxisset:
925 1196 943 1240 a
970 1179 1065 1256 Ecce,
1080 1174 1205 1261 inquit,
1224 1175 1317 1245 hunc

71 1273 96 1329 et
117 1261 193 1332 alios
217 1263 346 1333 multos
369 1263 590 1344 comedebat,
617 1264 677 1351 qui
707 1275 817 1332 vestro
845 1261 980 1352 judicio
1009 1275 1060 1333 est
1087 1263 1315 1334 abstinens.»

71 1351 166 1420 Statim
190 1365 306 1422 autem
320 1353 454 1439 justitia
471 1351 583 1421 virum
600 1365 651 1421 est
667 1363 857 1441 persecuta.
874 1355 1056 1440 Postquam
1075 1352 1167 1421 euim
1192 1363 1225 1421 et
1241 1351 1315 1441 ipse

66 1439 154 1527 paulo
175 1453 251 1530 post
270 1463 306 1510 re
323 1461 402 1510 vera
419 1441 461 1510 de
479 1441 572 1530 pisce
586 1439 746 1521 comedit,
764 1440 931 1526 uxorique
945 1461 1024 1509 eum
1041 1439 1135 1510 dedit
1151 1455 1183 1510 et
1199 1441 1317 1511 liberis

66 1528 311 1610 comedendum,
330 1551 388 1600 eos
413 1529 543 1598 invadit
566 1529 673 1610 iuror,
693 1541 725 1599 et
749 1551 768 1622 a
792 1529 960 1598 daemone
977 1528 1123 1618 possessi
1141 1531 1315 1619 conspecti

66 1630 133 1684 sunt
154 1621 195 1688 ab
219 1619 395 1688 omnibus.
414 1619 479 1701 Qui
502 1640 583 1709 ergo
607 1618 760 1699 aderant,
777 1639 856 1686 cum
882 1639 1021 1687 causam
1039 1618 1237 1699 sensissent,
1254 1618 1317 1688 du·

65 1704 172 1790 pliccm
197 1705 348 1776 furorem
380 1707 550 1789 miserati,
571 1729 630 1777 cos
653 1707 830 1797 accipiunt
857 1719 889 1776 et
911 1706 1045 1776 ducunt
1069 1706 1112 1776 ad
1138 1711 1313 1776 Sanctum.

66 1792 114 1862 llle
136 1816 209 1863 vero
232 1817 312 1864 cum
339 1815 407 1864 non
432 1796 544 1867 sulum
569 1809 659 1865 esset
674 1795 769 1865 mitis
795 1817 874 1884 erga
900 1807 1105 1884 peccatores,
1129 1796 1188 1864 sed
1213 1797 1314 1866 etiam

65 1881 259 1953 calamitates
276 1897 485 1954 converteret
501 1886 535 1954 im
555 1885 780 1954 contrarium:
800 1896 981 1973 postquam
1003 1883 1087 1952 vidit
1102 1884 1314 1964 confitentes,

64 1985 218 2057 precatus,
245 1994 304 2044 eos
329 1973 484 2043 liberavit
508 1996 527 2042 a
551 1973 666 2044 lurore
681 1985 713 2043 et
732 1995 752 2042 a
769 1972 924 2063 graviore
943 1973 1122 2053 daemone,
1152 1995 1274 2062 nempe
1298 1996 1317 2042 n

64 2059 143 2128 mala
164 2062 338 2150 opinione.
357 2061 421 2144 Qui
447 2063 548 2132 etiam
576 2075 689 2152 postea
719 2073 850 2130 tamtum
877 2059 1027 2131 fructum
1048 2075 1255 2150 acceperunt
1277 2084 1318 2130 er

64 2148 127 2233 ejus
142 2151 328 2231 curatione,
348 2163 386 2220 ut
409 2150 559 2220 volentes
575 2173 649 2220 esse
665 2151 873 2240 descriptam
890 2171 989 2220 suam
1006 2151 1195 2240 gratiarum
1212 2150 1318 2218 aetio-

67 2256 200 2317 nemer
231 2251 375 2329 argento
399 2239 494 2310 illius
524 2239 672 2329 liguram
702 2237 906 2318 effinxerint,
936 2251 968 2308 et
998 2242 1129 2328 seipsos
1154 2238 1219 2308 sub
1242 2239 1317 2326 ejus

69 2325 194 2410 pedibus
222 2329 412 2416 posuerint,
431 2341 464 2396 et
488 2349 610 2398 nomen
641 2328 853 2416 scripserint,
876 2341 909 2396 et
932 2327 1120 2417 gratiarum
1146 2328 1317 2398 actionem

73 2412 307 2506 adscripserint,
326 2431 358 2485 et
383 2416 524 2485 militiae
546 2417 713 2506 principis
739 2415 866 2505 templo
892 2415 1136 2486 dedicaverint.
1163 2421 1201 2486 ln
1228 2415 1318 2485 beati

71 2513 161 2572 autem
179 2505 329 2574 Danielis
353 2503 459 2574 labris
480 2517 572 2575 tanta
595 2518 668 2574 erat
684 2504 845 2574 salutaris
868 2507 1056 2594 persuasio,
1074 2520 1106 2574 et
1120 2506 1196 2594 ejus
1211 2505 1319 2574 oratio

67 2592 299 2680 pmpemodum
326 2613 434 2680 aeque
448 2615 487 2662 ac
509 2593 586 2672 vita,
607 2607 735 2682 poterat
759 2593 904 2664 delinire
928 2594 1098 2675 animum,
1117 2607 1315 2683 et'persua-

65 2677 141 2774 dere,
166 2693 202 2751 ut
219 2682 308 2751 viam
334 2695 515 2772 angustam
540 2682 717 2772 eligerent:
738 2693 774 2750 ut
799 2704 865 2751 non
884 2681 994 2750 solum
1011 2703 1080 2763 eos,
1099 2683 1160 2769 qui
1184 2683 1225 2751 ad
1253 2683 1316 2752 hoc

62 2788 162 2852 ipsum
177 2770 220 2839 ad
237 2793 317 2840 eum
343 2770 586 2854 ascendebant,
604 2785 663 2840 aut
686 2782 784 2840 erant
802 2769 931 2857 alioqui
953 2770 1051 2840 mites
1075 2783 1107 2840 et
1132 2772 1314 2852 mansueti,

62 2854 130 2926 llere
151 2873 182 2928 et
208 2861 285 2948 eius
309 2881 436 2948 rrragno
460 2881 575 2929 amore
599 2860 676 2949 capi
703 2858 943 2948 persuaderet:
967 2857 1024 2927 sed
1050 2881 1108 2929 eos
1132 2859 1237 2948 ipsos,
1255 2861 1316 2947 qul

61 2959 144 3016 erant
166 2949 268 3017 etiam
290 2947 509 3037 impudentes
532 2963 565 3017 et
589 2961 750 3038 agrestes,
771 2947 928 3018 similiter
947 2946 1106 3017 alliceret.
1127 2950 1238 3039 Hujus
1254 2971 1317 3019 au-

61 3043 115 3102 tem
134 3037 181 3106 rei
206 3048 364 3126 apertum
385 3049 436 3106 est
459 3037 639 3106 indicium.

96 3123 214 3209 580.
238 3123 386 3208 Quidam
418 3125 557 3198 nomine
581 3125 750 3206 Edranus,
770 3147 895 3214 genere
919 3124 1048 3206 Galata,
1067 3123 1165 3194 fortis
1188 3124 1319 3212 alioqui

60 3221 85 3276 et
105 3233 208 3282 manu
227 3225 404 3295 strenuus,
428 3214 462 3282 in
489 3215 659 3303 sanguine
687 3227 719 3282 et
749 3213 848 3284 bellis
875 3213 1054 3294 educatus,
1073 3213 1133 3299 qui
1154 3213 1256 3283 etiam
1282 3213 1317 3282 in

60 3300 165 3372 multis
190 3301 275 3372 locis
299 3323 335 3372 se
359 3301 634 3392 praeclarissime
661 3315 822 3403 gesserat,
845 3313 877 3372 et
904 3323 967 3372 suo
988 3301 1133 3391 imperio
1158 3313 1317 3391 parentes

58 3383 193 3460 habebat
217 3389 356 3474 multos,
378 3406 411 3461 et
434 3413 491 3461 eos
515 3412 635 3462 omnes
661 3413 694 3462 tn
717 3390 806 3460 bello
822 3389 936 3462 sortes.
956 3390 1039 3478 Ejus
1056 3389 1148 3460 fama
1165 3390 1318 3479 pervenit

59 3493 155 3564 usque
178 3479 221 3548 ad
240 3499 341 3549 aures
358 3481 589 3570 Imperatoris.
610 3483 644 3548 Is
669 3491 782 3550 autem
807 3501 886 3549 cum
907 3477 1020 3560 illum,
1039 3490 1072 3548 et
1098 3499 1138 3548 eo
1163 3477 1222 3565 qui
1242 3477 1318 3566 ejus

59 3567 212 3658 parebant
229 3567 387 3656 imperio,
405 3567 650 3650 accersivisset,
663 3589 721 3638 eos
737 3568 877 3654 quidem
895 3567 972 3640 aliis
989 3567 1096 3638 afficit
1113 3565 1315 3637 honoribus:

58 3649 100 3750 illi
123 3677 199 3726 vero
224 3656 328 3726 tradit
351 3677 470 3726 curam
498 3679 640 3728 suorum
668 3679 849 3744 equorum,
878 3655 963 3727 solet
992 3657 1020 3725 is
1046 3657 1156 3726 vocari
1184 3659 1315 3736 Comes,

59 3755 135 3812 sicut
157 3745 320 3834 superius
344 3745 507 3815 diximus.
535 3751 638 3816 Porro
667 3757 781 3816 autem
811 3745 927 3834 ipsum
959 3765 1096 3832 quoque
1121 3744 1246 3825 mittit,
1280 3755 1319 3813 ut

60 3828 186 3915 solebat,
209 3833 252 3902 ad
282 3855 449 3923 maguum
480 3833 668 3904 videndum
695 3833 891 3914 Danielem,
918 3844 950 3902 et
979 3831 1215 3921 accipiendam
1242 3831 1318 3921 ejus

59 3915 333 3992 benedictionem.
352 3927 435 3992 Cum
463 3941 541 3992 vero
559 3921 602 3993 ad
623 3943 702 3994 eum
722 3922 879 4003 venisset,
894 3933 927 3991 et
949 3921 1025 4010 ejus
1050 3921 1150 3992 vitam
1177 3920 1318 3992 didicis-

61 4018 109 4106 set,
127 4021 159 4079 et
182 4012 402 4082 sermonibus
426 4031 477 4092 ea,
499 4031 587 4098 quae
605 4033 681 4080 rore
696 4024 794 4081 erant
817 4010 928 4092 utilia,
947 4009 1070 4080 doctus
1093 4024 1192 4091 esset,
1214 4021 1247 4078 et
1266 4009 1319 4078 di·

62 4098 291 4186 tmaquadam
317 4111 472 4170 mutatus
487 4111 576 4169 esset
600 4101 800 4180 mutatione,
820 4113 852 4168 et
875 4119 915 4169 ex
945 4099 1029 4188 lupo
1054 4099 1087 4166 in
1113 4120 1208 4168 ovem
1230 4111 1319 4168 esset

62 4201 245 4270 conversus,
268 4187 411 4258 militias
435 4188 574 4278 quidem
592 4200 625 4258 et
645 4189 735 4259 bella
752 4202 785 4259 et
809 4188 956 4257 honores
980 4187 1200 4276 Imperatoris
1225 4185 1317 4256 mul-

64 4283 120 4344 tum
144 4275 255 4346 valere
265 4275 383 4363 jussit,
404 4288 438 4346 et
460 4276 521 4364 qui
545 4288 614 4347 toto
637 4289 715 4348 ante
732 4289 883 4367 tempore
899 4276 942 4345 ad
968 4276 1172 4434 sanguinem
1194 4287 1226 4344 et
1241 4296 1318 4345 cae-

66 4357 125 4430 dem
149 4377 221 4436 erat
234 4365 451 4448 exercitatus,
471 4380 504 4436 et
521 4365 605 4454 quid
631 4365 739 4449 aliud,
761 4385 866 4454 quam
885 4362 996 4447 miles,
1015 4365 1025 4433 i
1052 4386 1118 4452 que
1135 4363 1315 4444 barbarus,
