2932 4812
20 253 72 315 Ἐπὶ.
100 254 135 317 31
307 273 346 319 nrt
370 273 397 319 s.
425 269 599 319 srivusrno
626 273 705 318 rara
729 273 766 319 ur
791 272 939 322 consess.
1155 257 1219 322 597

20 377 29 422 r
48 379 140 425 saeco
159 371 193 426 et
213 357 328 426 cinere
349 358 446 426 humi
458 357 591 445 jacens,
612 358 646 424 in
664 357 759 428 luctu
777 380 839 449 age
857 358 1114 448 poenitentiam:
1131 371 1164 428 et
1177 360 1262 446 jube

20 444 100 512 laudi
126 444 255 534 templa
279 445 464 526 idolorum,
483 457 516 515 et
530 467 665 516 cessare
683 467 802 516 eorum
824 447 1013 534 sacrificIa;
1035 447 1094 532 qui
1119 461 1199 517 sunt
1225 449 1260 517 in

20 534 116 614 rsilio,
132 547 166 603 et
182 533 226 603 ad
247 533 385 604 metalla
402 534 569 616 damnati,
587 549 619 604 et
641 535 674 604 in
693 557 847 606 carceres
864 537 1019 626 conjecti.
1041 535 1148 605 libera
1166 537 1263 607 Chri-

20 623 126 692 tianos.
155 623 296 706 Largire
320 624 564 693 relaxationem
589 625 633 693 iis
664 627 725 712 qui
750 635 830 694 sunt
855 626 888 694 in
918 625 1075 706 vinculis
1095 638 1127 693 et
1151 627 1262 694 omni·

22 733 57 779 us
85 711 160 780 aliis
191 712 450 782 afflictionibus.
484 714 537 782 Sis
567 713 739 802 benignus
763 716 797 782 in
831 736 888 784 eos
924 714 983 800 qui
1018 726 1049 783 te
1078 727 1209 803 rogant,
1229 727 1261 784 et

20 813 97 868 istas
120 800 226 892 imple
252 803 455 890 petitiones:
486 801 541 882 iis,
573 823 660 891 quas
695 801 813 884 habes,
836 802 1058 872 facultatibus
1088 803 1262 890 impertire
1283 809 1287 819 '

20 910 167 976 auperes.
186 893 309 961 »Haec
327 890 384 959 ille
398 890 540 977 quidem
557 889 653 959 dixit.
671 896 747 980 Ipse
763 904 876 961 autem
895 891 1079 960 affirmavit
1095 911 1130 960 se
1144 892 1268 962 omnia‘

20 979 226 1063 nudeturum.

42 1067 1258 1158 §Iss-CumautemimposuissetSanctusmanumcapitilmperatoris,

20 1166 35 1220 t
51 1175 151 1242 preces
169 1156 299 1226 delnde
315 1155 468 1238 dixisset,
488 1168 612 1227 etcum
627 1157 762 1227 fecisset
777 1157 1077 1240 oatechumenum,
1099 1159 1257 1238 recessit,

20 1253 35 1308 :t
55 1264 121 1312 oum
137 1246 355 1315 accerinsset
377 1246 546 1334 quicquid
562 1259 634 1315 erat
650 1247 739 1317 sacri
763 1246 907 1326 ordinis,
930 1257 1017 1316 etex
1043 1246 1171 1335 populo
1187 1267 1257 1327 eos,

20 1335 56 1416 pri
74 1332 236 1406 t'lrristum
261 1335 501 1416 confitebatur,
522 1335 695 1424 praecepit
710 1335 873 1404 omnibns
885 1335 1057 1424 jejunium
1079 1348 1111 1404 et
1129 1355 1258 1424 preces.

20 1425 77 1490 inm
100 1423 121 1490 ii
144 1436 262 1494 autem
287 1424 473 1494 unanimes
492 1424 568 1514 ejus
587 1425 703 1513 jussui
728 1424 934 1512 paruissent,
952 1422 1049 1492 susae
1073 1436 1154 1493 sunt
1170 1443 1262 1493 com·

20 1531 113 1579 nunes
135 1525 166 1580 et
190 1513 349 1583 iutensae
375 1533 491 1601 preces
515 1512 558 1581 ad
585 1513 780 1592 Dominum,
800 1524 838 1582 ut
862 1510 1023 1582 Ecclesiis
1047 1525 1155 1582 cesset
1184 1533 1262 1602 per-

20 1600 129 1680 secutio,
147 1615 179 1671 et
196 1624 265 1690 pax
288 1602 338 1670 eIs
357 1600 572 1681 concilietur,
590 1615 622 1670 et
642 1600 779 1670 tandem
800 1600 881 1672 finis
906 1603 1105 1690 imponatur
1122 1601 1262 1671 daemo-

20 1709 78 1756 rum
102 1688 339 1771 libaminibus
357 1702 390 1759 et
405 1690 459 1771 iis,
477 1690 538 1778 qui
564 1711 624 1779 pet·
641 1690 734 1776 ipsos
750 1702 877 1770 errant,
897 1688 1075 1759 illucescat
1093 1688 1151 1757 lux
1169 1688 1287 1758 salu-⁸

22 1776 87 1845 aris.
106 1782 183 1848 Cum
201 1779 276 1868 jam
295 1791 408 1848 autem
427 1777 623 1849 advenisset
638 1779 711 1846 dies
729 1778 908 1867 septimus,
932 1779 1071 1847 divinus
1093 1777 1262 1876 Sylvester

20 1865 88 1932 venit
102 1866 141 1935 ad
165 1888 335 1958 magnum
353 1869 634 1938 Constantinum:
654 1879 685 1935 et
709 1889 789 1936 oum
807 1889 886 1937 eum
908 1866 1076 1936 catechesi
1093 1867 1262 1935 instituis-

20 1965 63 2023 set.
79 1967 107 2022 et
127 1956 159 2024 in
181 1969 322 2026 sanctae
350 1957 525 2026 trinitatis
545 1957 706 2045 mysterio
735 1977 812 2024 eum
841 1956 1033 2036 initiasset,
1063 1967 1096 2023 et
1126 1954 1263 2023 diviuae

20 2044 208 2115 aeconomiae
231 2047 434 2115 universum
461 2044 634 2115 docuisset
659 2046 886 2133 mysterium:
914 2067 931 2110 v<
958 2050 1106 2134 Tempus
1130 2056 1192 2123 est,
1213 2043 1263 2110 in·

20 2131 84 2210 guit,
107 2154 123 2200 o
144 2137 345 2220 Imperator,
366 2145 405 2202 ut
432 2131 494 2204 tibi
515 2145 654 2224 paretur
684 2133 828 2222 piscina.
848 2155 865 2199 a
886 2138 969 2202 Cum
994 2155 1032 2202 ea
1058 2144 1170 2201 autem
1189 2133 1275 2220 jam,

20 2231 90 2285 osset
105 2236 239 2308 parata:
257 2245 275 2288 v
295 2226 385 2292 Ilaec
408 2236 470 2304 est,
489 2223 612 2310 inquit,
632 2222 777 2311 piscina,
796 2243 900 2308 quam
926 2222 1087 2291 dixerunt
1112 2221 1134 2289 ii
1158 2219 1219 2320 qui
1243 2241 1264 2288 a

22 2308 118 2403 torvisi
138 2325 236 2393 sunt;
265 2324 298 2380 et
323 2332 423 2398 aqua,
452 2324 615 2399 quaeest
640 2311 673 2380 in
702 2311 789 2400 ipsa,
809 2311 1022 2380 sanctificata
1050 2311 1264 2379 invocatione

21 2395 176 2480 Trinitatis,
197 2413 324 2490 purgat
347 2400 493 2482 animae,
514 2400 575 2469 tibi
600 2411 712 2468 autem
735 2422 773 2468 ea
798 2399 861 2469 erit
880 2413 913 2468 et
935 2400 1051 2469 carnis
1074 2399 1207 2467 curatio
1223 2417 1263 2464 ao

21 2488 162 2572 purgatio,
179 2504 212 2559 et
238 2489 398 2558 morbum
418 2502 516 2559 tuum
535 2489 569 2558 lu
598 2487 679 2569 abit,
699 2502 734 2557 ut
759 2488 821 2557 tibi
851 2490 1059 2558 sacrosancti
1090 2485 1264 2576 praedixe-

20 2585 82 2639 rant
96 2578 248 2664 lpostoli.
269 2577 453 2667 Ingredere
468 2599 505 2646 er
530 2513 721 2647 odgivinurn
740 2577 927 2654 lavacrum,
948 2577 1097 2665 primum
1121 2575 1263 2662 quidem

20 2665 194 2752 purgandus
212 2691 233 2735 a
251 2666 401 2756 peccatis
424 2679 456 2736 et
473 2599 608 2736 dedistis
631 2667 720 2745 tuis;
738 2665 862 2734 deinde
884 2666 986 2734 etiam
1012 2687 1031 2733 a
1050 2665 1181 2745 morbo
1203 2662 1264 2749 qui

20 2761 108 2898 tfintuo
130 2775 270 2844 corpore
291 2754 484 2844 pullulavit,
504 2766 603 2843 teque
629 2769 734 2834 vexat,
753 2767 785 2823 et
812 2756 936 2843 probro
963 2766 995 2822 et
1024 2752 1190 2822 dedecore
1214 2751 1265 2819 al·
1367 2835 1370 2842 Ι

39 2849 85 2903 cll.
111 2869 126 2905 n
821 2843 827 2858 ⁸

52 2933 65 3010 l
87 2934 150 3001 ss.
170 2936 258 3001 llaec
278 2953 357 3002 cum
376 2931 564 3003 audivisset
580 2939 780 3022 Imperator,
800 2945 832 3000 et
850 2932 959 3001 laetus
976 2931 1133 3000 ultimam
1153 2929 1266 3000 eruis·

21 3025 56 3079 set
71 3019 223 3103 tunicam,
236 3033 270 3090 et
287 3021 450 3110 probrum
467 3023 581 3090 carnis
599 3022 802 3108 subjecisset
819 3021 940 3102 oeulis,
953 3032 987 3088 et
1002 3032 1129 3089 unctus
1143 3019 1265 3088 luisset

21 3115 116 3198 sancto
132 3108 326 3191 chrismate,
346 3109 523 3200 Ingressus
538 3123 589 3180 est
610 3111 776 3200 piscinam
801 3108 829 3176 ⁴.
849 3115 932 3178 Cum
958 3121 1072 3179 autem
1095 3107 1265 3197 sylvester

22 3205 80 3270 uus
97 3211 193 3285 caput
219 3199 394 3288 tetigisset,
414 3211 446 3267 et
469 3219 548 3267 eum
575 3199 608 3267 in
637 3220 761 3282 arguam
797 3198 1032 3278 immersisset,
1051 3209 1084 3266 et
1108 3207 1263 3266 sanctam

23 3282 169 3370 smulque
195 3287 424 3356 venerandam
455 3288 644 3358 invocasset
670 3287 880 3368 Trinitatem,
905 3288 962 3356 lux
993 3299 1133 3376 repente
1158 3297 1262 3354 totam

24 3361 138 3456 {lamam
157 3375 396 3455 circumfulsit,
414 3388 446 3445 et
463 3375 551 3445 lucis
565 3375 728 3465 splendor
746 3375 931 3465 plusquam
951 3376 1005 3446 Sol
1026 3375 1160 3444 enituit.
1176 3371 1265 3442 Exiit

26 3463 115 3539 itaque
148 3466 332 3553 Imperator
355 3487 394 3533 er
425 3465 543 3534 divino
573 3462 730 3543 lavacro,
762 3464 892 3533 habens
918 3485 1056 3534 carnem
1084 3484 1206 3553 puram
1231 3473 1265 3532 et

27 3559 133 3635 lissam,
158 3573 265 3640 neque
289 3552 403 3710 plaga,
433 3575 495 3622 nec
519 3553 591 3622 ulla
615 3564 802 3643 apparente
829 3554 1000 3623 cicatrice.
1030 3558 1122 3641 Aqua
1148 3564 1263 3621 autem

30 3633 151 3708 bucinae
172 3655 243 3711 erat
267 3663 287 3731 p
303 3663 368 3712 ena
392 3642 446 3722 iis,
464 3663 553 3731 quae
572 3663 611 3711 er
628 3641 805 3711 ulceribus
822 3642 1028 3722 exciderant,
1052 3639 1266 3710 membranis

29 3732 56 3808 tu
71 3722 233 3816 pelliculis,
253 3752 320 3800 non
346 3752 446 3802 secus
461 3753 500 3800 ac
518 3731 715 3818 squammis*
729 3731 889 3818 piaclum.
909 3730 970 3799 Ille
989 3742 1102 3800 autern
1129 3751 1209 3799 cum
1230 3749 1266 3826 se

32 3803 141 3882 tulisset
167 3828 233 3886 tam
265 3832 402 3906 repente
434 3833 617 3900 sanatum,
651 3821 825 3889 nesciebat
856 3819 1149 3906 quemadmodum
1182 3827 1267 3890 sutis

32 3898 188 3997 ostenderet
209 3907 326 3996 gaudii
353 3909 408 3977 sui
440 3908 727 3998 magnitudinem.
747 3913 830 3978 Cum
856 3919 969 3990 autem
991 3921 1116 3976 vestem
1147 3902 1265 3974 candi-

34 3971 91 4047 lan
110 3991 267 4066 induisset
290 3996 513 4077 lumInosam,
533 3997 618 4067 dixit
642 3999 684 4068 iis
707 3998 768 4084 qui
793 3995 1003 4076 adorantes
1027 3996 1176 4065 sensisse
1193 4013 1265 4092 ma-

37 4079 97 4166 IIII
112 4075 248 4175 desuper
271 4096 459 4169 extensam,
478 4107 566 4173 quae
585 4107 663 4156 eum
686 4085 794 4176 tetigit
823 4086 1025 4154 immersum
1054 4084 1086 4152 in
1117 4083 1262 4170 piscina.

39 4150 67 4217 lt
79 4171 166 4238 statnn
183 4172 286 4244 edidit
302 4174 490 4255 decretum,
511 4196 553 4243 ne
568 4177 647 4262 quis
664 4174 806 4244 auderet
821 4173 1062 4262 blasphemare
1078 4170 1263 4249 Christum,

39 4311 347 4414 ς,ἷὶξξῖῗὶηὶίὶΕειῐριοι’1ῑιιιι
357 4336 456 4402 babetur
466 4334 647 4377 constituturum
658 4337 824 4386 imperatorem
833 4334 982 4382 baptismam
993 4330 1061 4381 aquis
1069 4331 1143 4374 hiim
1153 4331 1268 4373 ablutum,

102 4395 111 4410 a
133 4387 187 4422 mm
196 4389 279 4435 ageret,
288 4397 350 4428 suno
362 4389 407 4429 est.
