2946 4798
16 318 87 382 blll'.
113 318 154 382 29
425 335 463 381 na
488 335 515 381 s.
543 333 847 382 assentiebamur
1168 318 1232 384 533

12 420 137 509 sapiens
149 439 291 506 quoque
305 419 547 508 Euthymius*,
565 418 625 504 qui
642 418 809 488 doctrinis
825 430 859 488 et
874 418 1015 488 monitis
1033 419 1162 490 multos
1180 419 1280 510 prius

12 509 130 578 Christo
161 520 332 598 martyres
356 507 538 578 obtulerat.
565 512 648 577 Nam
679 518 816 597 propter
840 506 935 576 illius
967 527 1134 598 magnum
1163 510 1276 579 zelum

10 597 45 666 ad
64 597 236 688 pietatem,
263 596 361 666 valde
377 607 517 667 vexatus
545 596 786 677 Maximianus,
812 597 933 684 iraque
955 608 988 666 et
1006 595 1122 666 lurore
1154 599 1272 668 animo

9 686 132 774 plenus,
160 685 283 756 multis
302 686 443 774 quidem
461 684 640 755 tormentis
666 707 745 754 eum
772 685 870 774 prius
891 697 1036 755 conatur
1054 685 1198 757 omnino
1215 687 1276 756 ab·

8 775 155 845 ducerea
171 774 399 846 consessione.
418 779 502 844 Cum
518 786 632 843 autern
651 772 709 843 ille
733 773 882 862 puniens
904 786 993 844 esset
1008 773 1175 857 defessus,
1194 797 1276 844 ense

8 879 141 934 mortem
166 865 267 934 affert
287 863 444 935 athletae.
465 863 555 932 Licet
578 883 657 931 vero
682 862 717 930 in
738 883 863 934 manus
884 860 1053 934 sumendo
1072 864 1148 953 ejus
1173 865 1278 934 histo-

9 953 99 1032 riam,
125 954 247 1022 omnia
264 953 307 1022 ad
325 953 467 1023 verbum
493 971 706 1042 percurrere.

45 1045 62 1128 ξ
84 1045 156 1113 81.
182 1043 247 1112 His
273 1041 377 1112 veluti
399 1039 608 1129 quibusdam
630 1039 731 1110 astris
748 1039 944 1110 Nicomedia
965 1061 1131 1132 magnum
1147 1043 1276 1130 jucun-

8 1129 151 1218 dumque
165 1145 200 1201 et
224 1144 361 1222 gratum
379 1129 504 1200 emittit
527 1126 758 1218 splendorem,
778 1141 811 1198 et
829 1129 941 1218 majus
963 1151 1004 1199 ex
1023 1131 1073 1201 eis
1093 1151 1277 1200 ornamen-

11 1231 79 1285 tum
94 1219 226 1311 accipit,
247 1241 352 1306 quarn
368 1241 408 1289 ex
431 1239 528 1300 auro,
555 1229 588 1288 et
604 1216 763 1308 gemmis,
789 1231 822 1286 et
840 1238 880 1287 ex
898 1220 1163 1308 margaritarum
1189 1219 1275 1290 nito-

11 1307 99 1378 ribus
114 1331 150 1378 ac
177 1307 444 1399 splendoribus:
464 1308 524 1396 qui
549 1318 630 1377 sunt
657 1305 798 1394 quidem
817 1327 961 1377 numero
989 1307 1110 1409 viginti
1137 1308 1271 1378 millia:

13 1409 84 1464 sunt
104 1409 216 1468 autem
235 1397 272 1466 in
287 1397 392 1466 choro
417 1409 607 1486 martyrum
634 1395 857 1465 multitudine
872 1408 906 1465 et
931 1394 1163 1484 pulcritudine
1189 1398 1275 1467 insi-

12 1505 97 1574 gnes.
121 1491 277 1570 Quorum
318 1487 471 1575 eregitur
495 1483 660 1554 memoria
684 1505 755 1554 uno
780 1483 835 1552 die
859 1497 936 1570 post
965 1485 1090 1555 Christi
1110 1485 1271 1568 natalem,

12 1585 79 1642 aute
95 1573 218 1645 festum
245 1507 449 1655 Inlantium,
467 1585 506 1644 ut
529 1573 602 1660 qui,
623 1573 796 1660 quomodo
820 1571 871 1641 illi
895 1594 987 1654 ense,
1013 1575 1060 1643 ita
1083 1574 1185 1644 ctiam
1206 1575 1274 1663 ipsi

11 1661 80 1750 igne
103 1669 179 1746 beo,
198 1665 262 1752 qui
290 1685 428 1734 carnem
450 1661 575 1741 induit,
603 1675 684 1733 sunt
709 1661 826 1732 oblati.
846 1661 980 1744 Quibus
1000 1663 1103 1732 etiarn
1130 1665 1274 1734 accessit

13 1750 214 1824 admirabilis
231 1751 424 1844 GlyceriuS,
442 1763 475 1822 el
499 1761 738 1822 sacrosanctus
754 1756 851 1831 Zeno,
873 1763 906 1820 et
918 1751 1151 1840 Theophilus:
1181 1773 1276 1841 prae-

14 1849 91 1910 terea
112 1855 226 1913 autem
252 1864 334 1912 cum
363 1840 539 1911 Mardonia
564 1840 771 1920 Dorotheus,
797 1850 830 1909 ct
853 1839 943 1908 beati
969 1839 1071 1910 indes
1100 1853 1133 1911 et
1156 1837 1276 1911 Petrus

16 1927 105 1998 simul
119 1953 198 2001 cum
218 1930 404 2022 Mygdonio
419 1930 465 2010 *ξ
484 1941 517 1999 et
533 1941 599 1999 tres
616 1929 777 2018 virgines,
800 1932 925 2019 Agape,
945 1929 1100 2016 inquam,
1117 1941 1149 1998 et
1168 1929 1277 1998 Theo-

17 2015 106 2103 phila,
123 2032 155 2090 et
179 2025 327 2101 Domna,
344 2041 433 2108 quae
456 2030 529 2088 erat
552 2017 653 2118 longe
681 2017 929 2106 pulcherrima,
955 2031 988 2086 ct
1013 2017 1159 2087 manime
1177 2037 1277 2086 venc-

16 2105 126 2176 randa:
152 2109 199 2179 ad
230 2108 378 2199 gloriam
406 2107 531 2178 Christi
552 2129 620 2176 verr
653 2107 711 2176 Ilei
742 2107 870 2175 nostri:
906 2110 1013 2189 Quem
1039 2106 1136 2176 decet
1162 2106 1277 2176 omnis

17 2193 119 2281 gloria,
141 2197 256 2268 honor
271 2210 303 2268 et
318 2197 483 2277 adoratio,
507 2217 600 2264 nunc
624 2208 656 2264 et
673 2195 708 2264 in
726 2193 843 2264 secula
860 2194 1067 2276 seculorum,
1088 2199 1206 2266 lmen.

506 2631 508 2636 ,
569 2548 723 2627 VITA

186 2753 323 2808 SANCTI
352 2751 486 2805 PATRIS
520 2751 654 2806 NOSTRI
681 2753 728 2804 ET
756 2751 1094 2806 ARCHIMANDRITAE

469 2915 818 3016 hlatbllt

48 3116 289 3184 llOlthTEllIl
316 3115 635 3194 ACOEMETOllUll,
664 3117 706 3182 lb
733 3117 816 3192 EST,
844 3115 924 3182 NON
950 3113 1238 3182 DORlllENTlUlll

358 3309 501 3358 AUCTORE
525 3309 661 3358 suborta
685 3307 922 3366 nabnrflnasrtt,

248 3418 287 3464 UT
311 3417 456 3464 unaarua
481 3415 598 3473 QUINTO
621 3415 704 3464 Tollo
727 3413 851 3462 Atolsll
876 3413 1037 3461 Lll’OllAlll.

390 3577 526 3634 Flemit
547 3591 613 3636 seo.
629 3578 659 3631 V
674 3605 714 3618 -
732 3576 892 3634 Asianus.

55 3771 127 3855 ll.
155 3769 237 3847 llihi
262 3797 318 3846 sae
344 3797 364 3845 e
388 3776 479 3846 venit
504 3775 539 3844 in
566 3786 714 3845 mentem
739 3772 900 3863 cogitare,
928 3793 1079 3860 quanam
1107 3769 1149 3840 de
1174 3791 1281 3842 causa

24 3855 126 3954 Pellae
139 3797 422 3946 innumerahiles,
450 3863 510 3934 alii
526 3862 667 3951 quidem
693 3861 783 3934 bella
798 3876 830 3932 et
855 3861 1069 3941 inimicitias,
1088 3872 1122 3930 et
1137 3879 1225 3946 quae
1240 3879 1281 3926 ex

24 3962 63 4012 ers
87 3951 243 4024 oriuntur
261 3951 486 4034 calamitates,
513 3964 802 4042 composuerunt;
834 3950 892 4019 alii
924 3962 1038 4020 autem
1064 3949 1207 4019 omnino
1230 3945 1281 4014 l-

27 4028 129 4110 bulosa
142 4055 174 4112 et
190 4041 314 4124 aliena,
340 4063 429 4130 quae
455 4063 565 4129 neque
583 4040 668 4131 ipsis
686 4038 847 4141 prodesse
869 4051 1025 4130 possunt,
1044 4036 1134 4127 quod
1160 4035 1281 4106 attinet

32 4120 62 4187 ld
83 4130 211 4202 animae
230 4131 389 4214 salutem,
418 4151 530 4219 neque
554 4131 609 4212 iis,
634 4150 695 4217 qur
714 4150 755 4199 ea
783 4127 914 4286 legum'
941 4128 1070 4216 quibus
1094 4125 1161 4227 ipsi
1189 4145 1282 4195 com-

33 4226 209 4303 posuerunt,
229 4219 336 4291 ullam
352 4220 517 4309 praebent
533 4217 727 4290 utilitatem.
747 4217 810 4301 Qui
855 4217 946 4287 euim
958 4218 1055 4305 juvat
1071 4236 1159 4286 scire
1175 4233 1279 4302 quam

57 4369 96 4448 2⁸⁸.
104 4379 215 4444 saturnu
223 4384 311 4425 rentum
320 4385 360 4426 us
370 4385 396 4424 24
405 4383 477 4432 num
487 4383 574 4432 artur.

90 4429 121 4472 lb-
131 4435 241 4479 lludonll
251 4445 276 4479 et
284 4437 404 4488 uyzuoalt
412 4437 498 4484 natale,
509 4436 547 4477 dle
557 4437 583 4478 23
593 4435 672 4483 butus.
682 4433 823 4475 celebratur.
