2994 4832
241 319 284 388 El
329 311 331 315 ’
554 337 594 386 nr
617 338 646 386 s.
672 333 803 387 annona
824 335 971 386 ancnrrr.
996 335 1108 387 conon.
1335 317 1464 384 REM

241 425 326 510 54.
353 427 415 491 Per
438 421 472 490 id
494 433 629 512 tempus
658 425 848 512 Imperator
871 419 963 512 apud
990 421 1240 492 confluentiam
1263 421 1280 455 ⁴
1312 422 1465 490 moraba-

198 525 265 592 tur,
284 524 317 579 et
329 532 406 580 ecce
419 509 547 580 adsunt
561 511 744 600 optimates
758 523 791 580 et
800 511 911 597 capita
925 509 1045 601 populi
1061 509 1286 592 coloniensis,
1303 509 1464 580 baculum

198 599 435 690 Episcopalem
471 599 554 689 Regi
590 599 818 680 restituentes,
850 599 955 686 inque
983 599 1097 669 locum
1122 598 1276 668 defuncti
1306 597 1466 668 idoneum

199 709 429 758 successorem
454 686 605 777 supplici
628 709 728 777 prece
750 687 962 758 unanimiter
989 686 1213 788 postulantes.
1239 692 1348 769 Tunc,
1372 687 1467 756 utin

200 777 253 846 his
268 778 373 846 rebus
397 775 471 846 fieri
490 787 619 846 certum
638 789 699 858 est,
719 775 798 846 aliis
821 787 923 864 atque
939 775 1018 846 aliis
1033 777 1098 846 bac
1118 776 1168 846 vel
1185 775 1265 846 illac
1287 797 1349 866 pro
1370 775 1468 844 libitu

199 887 262 934 suo
285 863 337 934 vel
361 864 553 946 commodo,
598 865 765 946 remissis,
783 865 950 946 consiliis,
970 886 1032 936 seu
1052 865 1213 956 precibus
1230 870 1358 955 Regem
1378 863 1468 934 solli-

197 953 397 1036 citantibus,
421 958 509 1024 Deus
533 887 661 1023 arbiter
684 955 856 1036 summus}
884 953 918 1021 in
943 954 1044 1044 cujus
1066 975 1173 1024 manu
1196 977 1256 1023 cor
1278 953 1386 1044 Regis
1410 967 1467 1028 est.

197 1055 230 1112 et
244 1063 464 1130 quocumque
479 1041 634 1123 voluerit,
652 1043 750 1112 vertit
774 1042 873 1120 illud,
892 1063 958 1112 non
980 1044 1014 1110 in
1036 1043 1158 1124 alium,
1175 1063 1281 1130 quam
1300 1044 1337 1110 in
1359 1041 1469 1112 solum

198 1137 386 1212 Annonem,
407 1133 609 1202 sententiam
635 1131 736 1222 Regis
763 1143 796 1200 et
824 1130 1032 1202 voluntatem
1062 1131 1214 1213 deduxit,
1243 1129 1471 1202 laudantibus

198 1220 300 1300 aliis,
327 1219 405 1289 aliis
429 1241 496 1289 non
522 1222 596 1288 sine
619 1219 697 1288 felle
721 1221 1002 1290 reclamantibus.
1037 1222 1193 1310 Suscepit
1225 1220 1343 1308 itaque
1367 1219 1472 1310 regiis

197 1331 238 1378 ex
261 1309 423 1378 manibus
447 1309 577 1398 virgam
604 1309 821 1398 pastoralem,
844 1310 950 1408 patris
969 1321 1002 1378 et
1021 1309 1178 1400 magistri
1195 1308 1346 1398 figuram
1374 1329 1472 1394 prae-

200 1397 392 1466 tendentem
418 1398 568 1486 suscepit
591 1410 623 1466 et
646 1397 817 1467 annulum
843 1419 876 1465 m
895 1397 1008 1468 dotem
1029 1397 1122 1478 fidei,
1149 1397 1413 1468 conservandae
1432 1395 1470 1466 ad

201 1492 304 1555 Deum
334 1500 367 1555 et
395 1485 438 1555 ad
465 1507 627 1575 sponsam
653 1507 753 1556 suam
778 1499 932 1555 sanctam
961 1485 1159 1556 Ecclesiam.
1188 1491 1253 1556 Nec
1286 1507 1413 1568 mora,
1442 1487 1473 1554 in

199 1575 461 1645 similitudinem
488 1575 605 1664 Moysi,
627 1574 697 1644 dux
722 1573 965 1644 salvandorum
992 1574 1201 1664 populorum
1222 1573 1404 1644 Coloniam
1426 1575 1475 1644 in·

199 1685 350 1753 gressus,
369 1664 525 1753 protinus
549 1663 685 1733 caninis
710 1663 854 1733 rictibus
869 1662 1078 1734 oblatrantes
1095 1663 1245 1733 audivit:
1265 1685 1284 1730 a
1305 1663 1397 1746 Quis
1413 1665 1474 1734 iste

196 1764 260 1834 est,
287 1750 338 1822 vel
365 1753 546 1839 quiscum
571 1751 748 1822 constituit
769 1752 959 1841 principem
984 1765 1016 1822 et
1035 1751 1190 1840 judicem
1215 1773 1321 1842 super
1346 1754 1473 1821 nostr

200 1840 377 1928 Simulque
386 1839 526 1930 pollutis
541 1853 573 1910 et
588 1840 728 1910 nefariis
742 1839 843 1910 labiis
853 1839 1122 1910 clarumnomen
1133 1853 1270 1911 sanctae
1282 1841 1475 1910 memoriae

199 1929 369 1999 Brunonis
385 1929 639 2020 lrcbiepiscopi
657 1928 896 2020 praeferentes,
915 1929 1061 2017 ejusque
1076 1929 1163 1999 facta
1178 1929 1278 2017 quasi
1299 1929 1336 1998 in
1358 1929 1477 2020 ipsius

200 2017 350 2100 laudem,
379 2031 552 2088 renotem
583 2039 659 2087 vera
684 2019 722 2102 in
744 2018 998 2109 derogationem
1020 2019 1172 2088 lunonis
1200 2017 1344 2088 sinistro
1371 2019 1477 2088 corda·

195 2107 376 2194 jactantes,
407 2107 531 2175 iterum
562 2107 757 2195 iterumque
783 2106 993 2177 tumultuose
1020 2107 1316 2178 vociferabantur:
1346 2129 1365 2172 a
1395 2109 1479 2191 Quis

199 2197 262 2264 iste
285 2208 347 2276 est,
366 2207 399 2265 et
418 2196 478 2265 ubi
503 2209 584 2264 sunt
608 2195 679 2277 illa,
705 2196 834 2283 quibus
855 2195 1132 2286 amplificaturus
1148 2207 1199 2266 est
1222 2193 1437 2265 Coloniam?
1464 2221 1478 2256 s

199 2289 270 2354 Hoc
288 2284 340 2353 illi
364 2285 523 2365 dixerint,
542 2285 720 2374 genimina
738 2297 771 2354 et
787 2305 950 2371 sequaces
966 2305 1099 2365 eorum,
1120 2284 1182 2372 qui
1200 2285 1338 2375 viperea
1354 2283 1479 2376 lingua

201 2373 385 2443 Dominum
412 2372 617 2442 salvatorem
646 2372 734 2442 fabri
758 2371 868 2442 lilium
894 2373 1202 2442 conviciabantur:
1229 2372 1329 2442 nobis
1358 2387 1480 2443 autem

200 2473 233 2530 et
260 2462 395 2531 cunctis
422 2460 586 2551 deinceps
610 2461 735 2532 seculis
755 2461 831 2530 luce
854 2460 984 2532 clarius
1011 2473 1217 2542 constater
1240 2483 1320 2549 quo·
1334 2461 1482 2533 Colonia

200 2549 344 2620 fundata
368 2563 430 2632 est,
452 2549 558 2620 unius
582 2571 762 2638 nunquam
779 2550 938 2641 Episcopi
964 2550 1077 2621 studio
1095 2549 1205 2640 (salvo
1229 2551 1423 2632 Brunonis,
1442 2563 1481 2621 ut

200 2639 247 2708 ita
272 2638 442 2718 dixerim,
475 2638 675 2728 privilegio)
707 2651 839 2708 tantum
872 2661 954 2727 opes
980 2649 1013 2708 et
1037 2639 1181 2730 gloriam
1207 2638 1357 2709 crevisse
1385 2640 1485 2710 Colo·

201 2727 333 2797 niensis
368 2726 549 2796 Ecclesiae.
578 2727 640 2795 Sed
680 2727 735 2796 his
764 2727 798 2796 in
831 2726 914 2796 locis
943 2727 1016 2797 suis
1044 2727 1181 2817 plenius
1203 2726 1389 2809 dicendis,
1421 2751 1485 2798 nos

199 2815 361 2884 historiae
385 2815 527 2905 vestigia
551 2816 781 2903 insequentes,
798 2829 937 2906 coeptae
957 2817 1145 2887 narrationi
1169 2837 1308 2906 operam
1331 2815 1481 2888 demus.

243 2905 326 2990 §5-
347 2905 456 3004 Igitur
479 2904 679 2974 auctoritate
704 2903 808 2976 simul
832 2917 865 2974 et
886 2916 977 2974 metu
1003 2905 1116 2996 regiae
1142 2905 1329 2994 majestatis
1348 2909 1481 2996 pressi,

198 2991 259 3077 qui
275 3013 374 3079 quast
398 3005 517 3062 contra
542 3004 691 3062 montem
717 3015 778 3062 seu
796 2993 963 3082 impetum
981 2993 1137 3062 fluminis
1161 2994 1223 3062 niti
1243 2992 1377 3064 frustra
1401 3018 1487 3084 pro-

199 3093 395 3169 posuerant,
414 3081 552 3151 tandem
579 3082 813 3152 necessitatem
840 3083 875 3150 in
901 3081 1110 3152 voluntatem
1137 3095 1317 3163 vertentes,
1339 3083 1378 3152 in
1400 3107 1489 3155 con-

196 3170 421 3240 secrationem
449 3170 548 3242 electi
575 3171 747 3261 pontificis
771 3170 1001 3256 communiter
1023 3183 1286 3240 consenserunt.
1314 3172 1369 3241 Eit
1400 3197 1494 3244 eon-

198 3272 319 3330 ventus
357 3260 627 3350 Episcoporum‚
662 3281 702 3328 ac
729 3259 833 3329 totius
869 3257 1097 3330 Ecclesiastici
1133 3259 1266 3330 ordinis
1302 3259 1489 3342 virorum,

197 3369 377 3436 procerum
392 3369 540 3436 quoque
562 3347 755 3437 frequentia
779 3368 857 3417 cum
876 3347 1064 3430 ambitione
1085 3348 1204 3430 nimia,
1221 3347 1351 3418 diversi
1368 3351 1493 3422 etiam

195 3458 298 3506 sexus
317 3439 483 3507 etaetatis
500 3439 623 3527 ingens
641 3436 873 3527 populositas:
893 3457 980 3524 quos
996 3457 1116 3506 omnes
1133 3459 1197 3524 sua
1217 3435 1492 3510 benedictione.

196 3547 258 3594 sua
283 3527 393 3615 gratia
417 3547 477 3616 per
501 3546 636 3595 servum
660 3547 764 3596 suum
790 3530 966 3594 lunonem
992 3525 1146 3595 Christus
1172 3525 1341 3596 Dominus
1362 3549 1407 3596 ea
1424 3529 1485 3598 di=

197 3613 421 3696 relevaturus,
443 3637 524 3684 cum
545 3613 682 3704 Angelis
706 3614 890 3683 advenerat
912 3614 1042 3682 sanctis
1065 3615 1230 3696 omnibus
1251 3637 1313 3704 pro
1331 3619 1474 3686 concis*

195 3703 339 3773 coelitus
355 3702 524 3773 destinato
548 3702 859 3794 congaudentibus.
877 3701 1082 3773 Producitur
1106 3703 1236 3774 interea
1254 3702 1496 3778 ordinandu

195 3803 275 3860 ante
298 3791 426 3874 altare,
460 3793 612 3862 vestibus
637 3792 745 3861 sacris
769 3789 937 3874 induitur,
964 3791 1029 3861 olei
1055 3792 1145 3862 sacri
1174 3792 1307 3880 liquore
1334 3794 1482 3883 perfun

195 3877 301 3960 ditur,
320 3894 353 3949 et
369 3903 445 3951 vere
465 3881 561 3972 larga
586 3881 701 3950 Sancti
726 3881 873 3971 Spiritus
903 3878 1076 3950 infusione
1096 3903 1132 3950 re
1158 3892 1236 3958 ente
1256 3893 1418 3954 mutatus
1450 3887 1485 3956 ir

196 3967 308 4037 virum
337 3969 458 4053 alium,
476 3991 568 4040 anno
593 3969 790 4039 bominicae
814 3969 1063 4040 incarnationis
1089 3904 1274 4040 millesimo
1301 3972 1483 4059 quinqua

196 4056 328 4145 gesimo
349 4059 483 4146 quinto,
504 4057 625 4146 quinto
650 4062 763 4129 Nonas
787 4057 898 4128 Martii
924 4059 1064 4157 ponitur
1084 4059 1120 4127 in
1144 4058 1308 4128 cathedra
1334 4061 1486 4150 Episco

198 4143 284 4234 pali,
311 4145 354 4215 ad
392 4146 575 4238 regendam
613 4159 768 4216 sanctam
809 4145 997 4216 Ecclesiam
1028 4159 1061 4216 et
1091 4146 1226 4238 plebem
1257 4147 1486 4224 universam

195 4238 344 4321 lamque
359 4235 509 4306 instabat
523 4235 608 4304 hora
625 4236 784 4306 sacrificii
802 4236 855 4305 sin
883 4234 1003 4317 ularis,
1021 4258 1101 4305 cum
1119 4257 1198 4306 ecce
1215 4236 1483 4326 pontificalibu

167 4363 171 4376 ·
195 4321 384 4410 insignitus
408 4325 630 4406 ornamentis,
657 4325 800 4395 accessit
824 4345 844 4394 a
893 4323 999 4394 altare
1030 4324 1179 4415 pontifex
1204 4345 1383 4409 summus,
1404 4350 1485 4400 rer·

157 4479 161 4487 .
222 4445 237 4473 ⁰
249 4447 326 4500 Vulgo
339 4449 444 4493 Gollcntr.
