2920 4810
30 340 103 404 ott.
131 339 169 404 3t
457 357 496 402 un
521 357 549 403 s.
575 355 701 403 unusne
726 355 855 404 nouxnn
1103 349 1107 356 '
1186 338 1250 404 63³5

25 442 185 532 jejunium
208 453 323 510 autem
342 453 374 510 et
398 439 466 511 alia
490 440 662 510 laboriosa
688 442 805 510 omnia
835 461 871 510 se
899 440 1096 524 extendens,
1119 440 1224 531 idque
1250 444 1292 514 ad

26 545 160 616 quatuor
179 551 290 600 annos
323 530 485 620 integros.
518 528 645 599 Deinde
670 529 798 618 cogitat
827 529 929 598 etiam
959 531 1110 599 virorum
1146 533 1294 602 excitare

28 620 275 700 nonasterium,
296 617 353 690 sed
379 629 584 708 sumptuum
615 618 735 707 inopia
757 619 833 707 ejus
857 630 1058 709 promptum
1083 621 1191 690 animi
1223 635 1295 692 stu-

26 709 110 776 dium
135 707 353 798 prohibebat.
380 712 462 776 Cum
481 729 560 776 vero
577 708 718 777 sentiret
740 720 773 777 et
788 706 926 789 diceret,
957 707 1043 776 nibil
1070 709 1253 796 essequod
1271 733 1292 780 a

26 801 81 866 lteo
104 819 171 867 non
197 808 313 886 posset
330 796 416 875 fieri,
439 796 514 896 ipse
536 819 613 865 eam
632 797 695 865 hac
714 816 852 883 quoque
874 796 1032 866 liberavit
1058 798 1188 887 inopia.
1208 803 1291 868 llam

26 887 68 954 vir
87 886 227 974 quidam
254 884 549 974 locupletissimus
572 899 605 954 et
636 885 948 975 pecuniosissimus
974 887 1005 954 ei
1034 907 1194 975 magnam
1221 889 1292 956 vim

26 975 92 1042 auri
105 975 296 1065 elargitur:
318 995 388 1062 quo
407 973 535 1044 lactum
556 988 618 1055 est,
644 986 731 1044 utet
752 995 842 1064 opus
861 974 905 1044 ab
929 996 967 1043 ea
1000 975 1293 1064 perficeretur,'et

27 1085 150 1133 sacrum
188 1062 431 1132 aedificaretur
461 1063 733 1143 monasterium,
767 1077 800 1132 et
829 1064 920 1133 viros
945 1065 980 1132 in
1005 1063 1039 1132 id
1072 1065 1289 1146 admitteret,

28 1153 132 1236 quales
147 1151 329 1242 oportebat
348 1151 443 1222 illius
459 1153 642 1221 convenire
666 1152 832 1222 moribus.
860 1155 944 1222 Cum
967 1174 1090 1240 parum
1116 1165 1229 1223 autern
1249 1154 1292 1224 ab

32 1242 82 1308 boc
106 1241 221 1312 labore
245 1241 461 1330 respirasset,
494 1262 569 1310 eam
601 1241 747 1310 ma'orcs
770 1261 933 1330 excepere
962 1240 1097 1310 labores
1125 1255 1158 1312 et
1188 1242 1292 1333 longa

32 1331 256 1418 peregrinatio.
274 1329 479 1400 Redduntur
497 1331 589 1397 enim
610 1330 640 1398 ei
654 1263 788 1399 litterae
805 1329 849 1399 ab
861 1331 936 1418 ejus
953 1343 1076 1419 patruo
1091 1331 1290 1412 Volusiano,

30 1418 78 1502 qui
100 1419 156 1488 illo
170 1417 314 1507 quidem
333 1429 485 1509 tempore
507 1431 581 1489 erat
604 1431 739 1489 creatus
766 1440 847 1509 prae
862 1431 958 1488 ectus
983 1425 1157 1488 Romanae
1173 1421 1293 1491 civita·

30 1506 82 1574 tis:
99 1508 227 1578 missus
244 1527 323 1576 vcro
339 1523 411 1576 erat
428 1507 560 1598 legatus
593 1509 794 1598 Byzantium
817 1508 859 1576 ad
885 1506 1072 1584 ¹lludociam
1097 1508 1114 1544 ⁴
1139 1513 1292 1599 Impera-

28 1595 141 1664 tricem.
161 1601 255 1666 Haec
279 1606 394 1665 autem
420 1595 638 1687 significabat
652 1595 807 1686 epistola,
825 1596 916 1683 quod
939 1597 1011 1686 jam
1030 1597 1092 1667 diu
1107 1597 1203 1667 illam
1234 1598 1293 1667 de-

28 1683 175 1756 sideraret
199 1684 328 1754 videre.
355 1683 418 1754 Illa
435 1705 514 1754 vero
537 1685 698 1774 cupiebat
722 1686 799 1774 ipsa
822 1707 959 1775 quoque
977 1685 1091 1755 videre
1113 1699 1289 1776 patruum,

28 1785 54 1838 et
73 1773 99 1841 ei
115 1773 334 1864 persuadere,
351 1787 390 1843 ut
413 1797 434 1842 a
457 1774 637 1863 gentilium
656 1773 834 1844 desisteret
853 1775 1026 1863 opinione.
1042 1775 1151 1844 Dubia
1176 1789 1291 1844 autem

30 1863 222 1944 eratenimi,
250 1860 398 1950 nequid
426 1862 631 1952 imprudens
657 1861 781 1933 laceret
805 1877 939 1952 praeter
958 1862 1005 1945 id,
1032 1864 1124 1951 quod
1149 1869 1216 1932 llco
1244 1865 1293 1932 vi-

32 1951 166 2022 debatur.
193 1956 281 2021 Cum
306 1973 385 2020 vero
404 1951 580 2038 aliquibus
596 1950 675 2020 aliis
690 1952 872 2023 monachis
893 1973 964 2022 rem
984 1953 1289 2033 communicasset,

34 2042 249 2123 permitterent
272 2052 386 2110 autem
405 2039 469 2121 illi,
496 2053 535 2109 ut
564 2056 678 2129 posset
701 2041 892 2131 proficisci,
920 2041 1098 2132 egreditur
1118 2038 1291 2131 Jerosoly-

33 2127 85 2195 mis
101 2129 196 2199 beata
215 2129 358 2198 llelana.
384 2133 447 2198 Per
462 2148 721 2216 quamcumque
736 2143 850 2199 autem
869 2131 1037 2201 transibat
1061 2130 1232 2199 civitatem
1259 2141 1291 2198 et

31 2218 197 2304 regionem,
226 2239 315 2299 eam,
342 2239 411 2304 quo
434 2239 497 2307 par
515 2231 598 2300 erat,
626 2218 924 2306 prosequebantur
944 2219 1072 2289 lronore
1095 2232 1129 2288 et
1153 2217 1287 2288 officiis.

30 2305 189 2377 tlivitatum
224 2309 316 2376 enirn
341 2306 535 2376 sacerdotes
558 2319 590 2375 et
615 2307 796 2376 Pontifices
825 2329 899 2376 earn
926 2329 994 2378 non
1023 2329 1127 2395 parvo
1161 2307 1291 2376 honore

30 2391 219 2476 afficiebant,
239 2409 271 2466 et
295 2394 509 2464 venerandae
532 2395 684 2486 virgines
707 2409 740 2466 et
762 2409 930 2484 quotquot
944 2410 1042 2466 erant
1065 2397 1194 2486 egregii
1217 2419 1292 2465 mo-

29 2482 128 2564 nachi,
149 2507 224 2554 eam
244 2485 435 2554 adorabant
451 2497 484 2554 et
509 2484 717 2566 salutabant,
737 2497 770 2554 et
794 2498 969 2573 tamquam
990 2506 1009 2554 e
1037 2487 1131 2555 coelo
1148 2485 1290 2554 venien-

31 2580 85 2638 tem
102 2573 349 2663 adspiciebant.

64 2661 180 2744 ΜΩ.
200 2667 285 2734 Cum
311 2675 424 2732 autem
447 2663 596 2732 venisset
620 2660 883 2743 Chalcedonem,
902 2675 935 2731 et
962 2663 1005 2732 ad
1031 2662 1146 2754 ipsum
1174 2662 1289 2732 sinum

31 2749 132 2840 maris,
150 2751 330 2821 verebatur
348 2751 495 2840 ingredi,
522 2765 555 2820 et
578 2750 759 2820 videbatur
782 2751 994 2841 perturbata.
1021 2755 1170 2821 Ventura
1196 2753 1288 2822 enim

30 2853 58 2931 tn
81 2841 259 2910 maximam
281 2839 465 2921 civitatem,
481 2840 607 2909 mulier
622 2861 710 2929 quae
726 2841 855 2916 vixerat
873 2841 908 2909 in
926 2841 1177 2922 exercitatione,
1195 2842 1290 2928 quie-

30 2931 127 3010 tisque
149 2939 180 2997 et
203 2928 332 2999 silentii
362 2929 546 2998 maximam
586 2950 704 2998 curam
731 2942 906 3020 gesserat,
935 2943 970 2998 et
999 2949 1067 2999 non
1095 2941 1291 3021 gustaverat

31 3014 183 3084 turnultus
201 3018 262 3108 qui
287 3019 426 3088 suntin
451 3018 597 3100 civitate,
617 3018 737 3087 merito
761 3017 1003 3089 extimescebat
1029 3033 1061 3088 et
1085 3018 1287 3110 refugiebat.

30 3103 122 3188 Atque
136 3105 270 3176 divertit
285 3105 440 3196 quidem,
466 3106 526 3177 ubi
547 3119 618 3176 erat
643 3107 811 3196 templum
841 3109 937 3177 omni
960 3130 1000 3176 ex
1029 3119 1124 3198 parte
1148 3108 1290 3178 benedi-

31 3199 93 3256 ctae
114 3195 273 3284 martyris
297 3193 529 3284 Euphemiae:
555 3197 647 3265 circa
672 3195 821 3264 mediam
853 3208 967 3265 autem
995 3209 1128 3284 noctem
1158 3209 1290 3286 martyr

33 3293 88 3370 μοι]
107 3303 223 3370 parum
248 3305 289 3353 ex
313 3305 349 3354 se
373 3283 518 3354 effundit
542 3284 740 3353 suavissimi
767 3284 905 3366 odoris,
935 3297 968 3354 et
988 3285 1162 3376 voluptate
1182 3285 1291 3376 replet

33 3365 193 3438 meffabili.
211 3373 379 3455 Quocirca
395 3372 485 3442 bona
508 3387 673 3462 concepta
690 3373 829 3456 fiducia,
852 3372 1009 3444 diluculo
1032 3373 1157 3443 fretum
1181 3374 1289 3443 auda-

32 3463 91 3521 cter
109 3461 246 3549 trajecit,
271 3473 304 3531 et
327 3463 484 3550 ingressa
513 3474 564 3530 est
589 3463 803 3552 Byzantium.
830 3463 986 3565 Hospitio
1009 3485 1089 3532 vero
1119 3463 1289 3554 excipitur

34 3547 204 3642 aquodam
224 3551 296 3619 viro
320 3548 446 3619 illustri
477 3563 510 3619 et
532 3551 660 3638 alioqui
678 3551 779 3632 bono,
814 3573 954 3622 nomine
980 3551 1121 3640 quidem
1155 3556 1286 3633 Leuso,

34 3634 136 3711 qurad
161 3640 419 3729 Praepositurae
450 3638 613 3709 honorem
643 3639 855 3710 ascenderat.
882 3643 1015 3711 Invenit
1043 3653 1157 3710 autem
1183 3662 1287 3712 suurn

35 3735 154 3821 lt¹0que
175 3740 337 3815 patruum
361 3725 585 3797 Volusianum
611 3729 706 3819 gravi
729 3730 852 3800 morbo
874 3750 1103 3820 oppressum:
1129 3729 1188 3816 qui
1213 3731 1289 3820 ejus

36 3799 173 3881 habitum
190 3816 391 3897 admiratus,
408 3815 608 3904 formaeque
622 3829 655 3886 et
677 3818 820 3888 vestitus
838 3819 1033 3888 incredibili
1057 3829 1090 3887 et
1110 3817 1289 3908 inopinata

38 3897 227 3999 stupetactus
246 3905 434 3976 mutatione
449 3904 666 3995 (extenuatus
679 3908 770 3976 enim
793 3907 981 3977 admodum
996 3919 1068 3978 erat
1083 3907 1158 3998 ejus
1173 3907 1288 3977 vultus

38 3991 289 4084 exercitatione),
316 4015 442 4084 magna
473 4016 552 4065 voce
579 3995 798 4065 exclamavit:
832 4000 894 4066 «Ο
917 3999 1055 4086 qualem
1074 4018 1114 4066 ex
1137 3996 1232 4086 quali
1258 4009 1290 4066 te

41 4070 130 4156 udeo,
155 4081 283 4152 Melana
316 4083 507 4153 carissima.
528 4105 547 4151 v
571 4083 634 4154 Illa
665 4104 743 4154 vero
767 4107 807 4155 cx
840 4089 915 4173 ejus
953 4107 1110 4157 sermone
1150 4099 1289 4176 sumpta

42 4165 213 4238 occasune:
240 4175 300 4240 «l
321 4193 378 4240 me
401 4192 483 4262 ergo
498 4184 535 4241 tu
558 4193 707 4263 quoque,
727 4173 850 4265 inquit,
867 4175 972 4259 disce,
991 4198 1011 4280 q
1034 4176 1132 4245 beate
1153 4186 1286 4264 patrue,

62 4351 71 4374 '
83 4355 133 4400 Tres
146 4362 239 4407 extitere
251 4367 361 4410 Eudone
371 4371 501 4418 sunctae:
511 4367 817 4416 ltAetlssudoxn.1trcodti
827 4379 897 4414 uxort
908 4367 930 4420 ²l
942 4370 1007 4412 Aello
1015 4371 1112 4411 Endon
1121 4365 1288 4420 (Athanatum),

42 4401 181 4506 ffffltelqlttt
194 4429 260 4466 uxort
275 4420 296 4472 ³)
309 4422 399 4464 Ltctnto
412 4422 513 4470 audon,
527 4431 586 4465 uxor
598 4421 758 4466 Valenttuiant
772 4424 815 4464 111.
828 4425 939 4470 Eudoxo,
952 4425 982 4462 dc
1000 4433 1047 4474 qus
1060 4422 1098 4464 hta
1114 4424 1205 4468 opttus.
1220 4419 1287 4458 ntor·
1326 4475 1327 4478 Ἴ
