2946 4798
250 267 313 330 546
630 281 668 327 nr
692 281 720 328 s.
746 279 906 329 unncuuuo
930 281 1050 330 incarn
1308 264 1379 328 bnt.
1400 265 1430 326 ll

205 383 276 439 erat
293 379 423 458 portus,
442 388 503 435 nec
520 365 589 435 lida
605 366 724 435 statio:
744 387 893 454 cumque
907 377 1026 435 ventus
1043 367 1206 456 spirasset
1221 367 1428 443 vehementius,

203 459 278 528 lieri
297 478 362 526 uon
391 468 530 613 poterat,
554 467 591 524 ut
615 453 700 524 salvi
724 469 848 524 essent.
868 459 974 542 Atque
990 454 1067 525 illos
1087 455 1225 546 quidem
1248 477 1376 525 somnus
1390 477 1431 541 op-

203 547 341 638 primit:
368 544 391 614 il
408 567 425 612 e
445 557 557 613 autem
576 555 717 643 apparet
736 543 796 612 uui
814 565 933 613 eorum
950 543 1146 614 dormienti.
1166 549 1263 614 Paret
1285 547 1313 614 is
1328 543 1428 614 visioni.

202 648 323 724 parcnt
347 634 448 702 etiam
484 631 627 720 reliqui:
661 631 797 702 solvunt
822 653 953 714 navem,
981 655 1001 702 a
1026 632 1099 702 loco
1124 632 1183 703 illo
1213 633 1383 713 recedunt,
1406 634 1429 698 in

200 726 325 797 ostium
352 721 447 812 ponti
467 721 645 811 navigant:
663 732 695 789 et
718 742 797 790 cum
816 723 851 789 in
870 731 942 790 tuto
961 735 1086 802 essent,
1115 722 1227 812 caligo
1248 735 1378 812 occupat
1394 723 1430 788 aa·

202 836 285 892 rem,
312 824 343 881 et
360 808 510 899 procella
527 821 669 899 pontum
687 808 801 879 lurore
817 809 933 900 agitat,
951 822 984 879 et
1005 811 1051 880 ita
1072 811 1259 902 insurgunt
1282 812 1395 888 fluctus,
1407 823 1427 876 et

201 923 295 972 mare
318 899 553 980 conturbatur,
580 909 612 966 et
641 918 743 969 naves
770 897 976 979 obruuntur,
996 911 1035 968 ut
1063 903 1121 968 adr
1144 900 1287 988 quidem
1316 899 1423 968 llctilus.

201 1011 295 1061 mare
310 1000 423 1058 autem
448 999 536 1058 esset
551 985 732 1076 impletum
754 985 955 1077 naufragiis.
978 987 1043 1056 Alii
1066 987 1153 1058 alias
1185 989 1385 1059 mittebantur
1396 985 1424 1052 ul

201 1079 384 1157 Orientem,
406 1088 439 1145 et
455 1073 604 1146 Marcelli
628 1075 736 1163 adjuti
763 1075 935 1166 precibus,
960 1088 1041 1146 tunc
1064 1077 1207 1164 quidem
1240 1077 1425 1168 navigarunt:

200 1189 278 1238 cum
306 1186 383 1235 vero
406 1165 517 1235 visum
542 1164 592 1234 cis
611 1176 702 1234 esset
717 1165 849 1244 reverti,
874 1165 907 1234 in
932 1176 1055 1235 terram
1080 1166 1311 1256 appulerunt:
1329 1179 1356 1236 et
1374 1164 1429 1232 alios

201 1254 340 1347 quidem
358 1275 461 1323 sanos
475 1253 606 1342 accepit
620 1253 739 1322 civitas
754 1257 905 1342 Ancyra:
922 1253 1066 1324 Paulum
1084 1268 1199 1325 autem
1217 1277 1327 1325 unum
1343 1277 1375 1322 er
1386 1251 1429 1320 bis.

201 1345 314 1437 gravis
347 1343 488 1413 morbus
518 1341 651 1412 invasit.
688 1341 875 1412 Comitibus
903 1355 1015 1412 autem
1048 1342 1146 1414 illum
1177 1344 1319 1432 quidem
1349 1361 1430 1430 aegro·

201 1445 328 1502 tantem
355 1430 548 1518 relinquere
574 1443 645 1500 erat
673 1429 841 1520 impium:
866 1443 903 1500 ut
925 1453 1004 1500 eum
1023 1453 1101 1502 vero
1131 1455 1251 1503 secum
1281 1433 1428 1503 ducerent.

200 1522 276 1592 lieri
302 1540 369 1590 non
398 1532 547 1609 poterat:
579 1531 617 1588 ut
642 1517 694 1587 illi
717 1531 831 1588 autem
850 1540 972 1590 rursus
994 1542 1074 1590 cum
1104 1543 1144 1590 eo
1177 1536 1361 1602 manerent,
1385 1534 1429 1586 snt

200 1609 298 1681 valde
313 1606 465 1678 difficile.
486 1608 547 1677 llle
561 1606 659 1678 valde
678 1608 859 1697 suspirans
875 1621 907 1678 et
922 1607 1077 1696 ejulans:
1093 1633 1110 1676 a
1130 1610 1194 1680 Ubi
1214 1624 1308 1693 sunt,
1334 1607 1428 1694 inquit.

199 1721 220 1769 o
244 1711 339 1789 pater
355 1696 523 1778 Marcelle,
543 1708 620 1766 tuae
644 1701 786 1785 preces?
805 1701 887 1766 Nam
905 1709 942 1767 tu
958 1697 1098 1786 quidem
1126 1705 1268 1770 melleo
1294 1715 1429 1769 commcn-

199 1787 300 1867 dasti,
327 1807 389 1876 ego
404 1796 516 1855 autem
543 1785 616 1874 jam
645 1806 757 1875 pereo.
776 1790 890 1872 Neque
919 1785 983 1856 hoc
1002 1786 1141 1873 quidem
1161 1789 1250 1858 mihi
1275 1809 1376 1880 grave,
1390 1785 1429 1851 etsi

199 1879 243 1947 sit
262 1896 375 1968 grave,
403 1874 460 1945 sed
479 1872 568 1961 quod
593 1885 684 1942 extra
711 1886 808 1943 tuum
833 1895 983 1964 gregem,
1010 1887 1042 1944 et
1058 1875 1217 1965 procula
1242 1878 1327 1948 meis
1350 1871 1428 1944 iratri-

198 1965 276 2036 bus.
296 1989 314 2032 »
338 1969 429 2034 llaec
457 1962 514 2032 ille
537 1961 676 2049 quidem
697 1961 782 2032 dixit
809 1969 961 2052 Ancyrae
984 1985 1064 2034 cum
1091 1963 1277 2055 lacrymis:
1303 1965 1355 2034 ille
1380 1981 1429 2028 vete

198 2076 277 2123 cum
302 2065 390 2123 esset
406 2053 438 2121 in
466 2051 684 2133 monasterio,
711 2050 854 2132 audivit;
880 2063 913 2121 et
936 2053 1050 2122 statim
1075 2053 1205 2126 Paulus
1229 2055 1363 2143 quidem
1377 2069 1429 2119 con-

199 2142 315 2213 valuit.
344 2147 487 2230 llaguus
504 2153 617 2210 autem
637 2139 827 2221 llarcellus,
850 2142 1013 2211 accersito
1030 2143 1198 2224 Caesario,
1215 2144 1323 2233 jussit
1345 2138 1427 2210 boian

198 2231 351 2322 signari:
379 2234 522 2310 «UnuS,
545 2229 675 2309 dicens,
695 2250 734 2298 er
758 2228 932 2312 iratribus,
959 2231 1019 2320 qui
1043 2243 1093 2300 est
1118 2233 1278 2321 procula
1301 2231 1395 2323 nobis,
1411 2240 1429 2322 ct

197 2335 247 2391 est
274 2319 370 2410 gravi
395 2319 514 2388 morbo
538 2339 742 2407 oppressus,
770 2318 891 2386 asserit
921 2340 956 2389 se
984 2317 1070 2388 nibil
1103 2322 1281 2412 accepisse
1310 2318 1429 2390 utilitato

196 2431 238 2479 ex
270 2431 344 2478 mea
378 2406 420 2476 ad
446 2407 628 2476 Dominum
663 2405 971 2476 commendatione.
999 2407 1062 2478 Sed
1088 2431 1195 2498 prope
1219 2423 1272 2480 est
1300 2406 1428 2478 Dominus

197 2498 360 2568 omnibus
384 2496 443 2586 qui
467 2516 545 2564 eum
577 2495 736 2565 invocant
759 2494 793 2562 in
830 2496 994 2578 veritate,
1029 2507 1062 2566 et
1091 2518 1236 2579 eorum,
1265 2498 1324 2589 qui
1348 2497 1427 2586 ipsun

196 2587 328 2668 timent,
354 2585 454 2654 saciet
471 2582 690 2664 voluntatem,
717 2595 889 2654 eteorum
916 2605 1033 2676 preces
1056 2585 1227 2668 exaudiet,
1255 2601 1288 2656 et
1306 2586 1351 2656 eis
1365 2580 1428 2651 dabit

196 2675 354 2746 salutem.
373 2697 391 2740 n
409 2679 497 2743 Haec
522 2672 551 2741 is
567 2671 705 2758 quidem
723 2671 904 2772 descripsit
921 2697 928 2758 ;
955 2673 1012 2742 ille
1043 2695 1120 2744 vero
1143 2673 1330 2756 convaluit,
1353 2687 1378 2742 et
1396 2687 1429 2736 rc·

194 2785 314 2834 uersus
330 2774 391 2832 est.
419 2766 560 2832 Ostensa
576 2772 627 2829 est
650 2773 763 2830 autem
782 2773 962 2852 scriptura,
990 2774 1022 2832 et
1036 2763 1153 2832 eadem
1178 2764 1266 2834 bora
1290 2766 1430 2833 inventum

194 2864 255 2934 est,
282 2851 425 2952 Paulum
451 2848 666 2920 convaluisse
689 2853 850 2939 Ancyrae,
872 2863 905 2920 et
920 2850 1114 2921 Caesarium
1133 2853 1315 2943 scripsisse
1336 2853 1366 2919 in
1381 2865 1430 2914 mu-

194 2952 355 3010 nasterro.

238 3031 255 3114 ᾗ
280 3032 361 3099 w.
389 3031 477 3096 Deus
500 3025 686 3118 aliquando
712 3040 834 3097 terram
862 3027 1002 3098 vexabat
1026 3027 1126 3110 lame,
1145 3051 1256 3117 eaque
1275 3029 1368 3106 fame,
1383 3041 1432 3116 qut

194 3116 308 3188 nescio
332 3137 374 3186 an
397 3115 468 3185 ulla
492 3138 644 3205 unquam
672 3115 773 3185 luerit
800 3115 958 3186 deterior.
990 3119 1183 3186 llouasterii
1208 3131 1322 3190 autem
1346 3117 1432 3184 horrei

192 3205 385 3276 Praefectus
401 3204 565 3286 Malchus,
584 3206 640 3293 qui
656 3204 866 3274 frumentum
885 3205 1128 3294 suppeditabat
1145 3207 1342 3296 pistoribus.
1364 3211 1432 3291 post·

191 3317 295 3382 quam
316 3296 515 3364 universum
536 3293 605 3364 sere
621 3307 865 3382 consumptum
891 3293 1002 3364 luerat
1017 3293 1223 3378 (subiciebat
1243 3295 1334 3365 enim
1354 3312 1388 3359 nc
1401 3283 1430 3352 nd

193 3395 278 3455 totos
301 3384 440 3471 quidem
459 3382 576 3452 decem
601 3382 686 3461 dies,
713 3395 744 3452 ct
761 3395 982 3453 necesseerat
1006 3381 1095 3453 same
1112 3385 1223 3472 perire
1244 3374 1430 3457 monachos).

191 3471 322 3542 accedit
348 3473 389 3542 ad
419 3471 632 3562 praeclarum
666 3471 886 3554 Marcellum,
917 3472 1002 3540 etei
1041 3473 1221 3542 renunciat
1247 3473 1429 3542 frumentum

190 3581 264 3632 esse
298 3571 556 3662 consumptum.
582 3564 607 3629 A
635 3581 701 3650 quo
722 3559 863 3642 audivit,
890 3571 929 3632 ut
951 3559 1075 3630 laceret
1098 3582 1187 3648 quae
1210 3563 1428 3632 consueverat·

189 3661 221 3719 et
240 3649 304 3719 hoc
322 3651 351 3720 ei
370 3648 457 3720 nullr
481 3661 568 3720 esset
587 3670 702 3718 curae.
731 3648 791 3718 llle
819 3648 1005 3721 arbitratus
1032 3671 1110 3720 eum
1136 3671 1276 3740 sperare
1298 3638 1429 3734 alicunde

189 3738 385 3810 solvendam
422 3759 496 3808 esse
525 3738 691 3828 inopiam,
723 3737 852 3823 absque
877 3737 948 3808 ulla
971 3735 1204 3808 sollicitudine
1228 3734 1429 3829 suppeditant

189 3829 279 3900 sicut
302 3839 534 3898 consueverat.
561 3827 720 3916 Quinque
747 3827 909 3917 deinceps
932 3825 1007 3896 dies
1032 3828 1298 3916 praeterierunt:
1323 3833 1427 3892 etcum

187 3918 274 3989 nihil
296 3917 463 3988 evenisset
486 3937 604 3986 eorum
629 3936 717 4004 quae
742 3914 911 4006 sperabat,
938 3937 1061 3986 rursus
1085 3915 1180 3998 dicit,
1207 3929 1240 3986 et
1266 3914 1295 3986 ei
1314 3921 1426 3982 causam

185 4017 320 4078 revocet
350 4008 382 4075 in
413 4005 625 4074 memoriam.
660 4004 762 4074 Audit
794 4026 871 4074 vero
901 4004 1032 4075 eadem.
1065 4011 1246 4092 Postquam
1271 4015 1374 4074 autem
1396 3987 1424 4060 ad

186 4097 271 4167 alios
295 4115 432 4185 quoque
456 4093 543 4163 duos
567 4095 793 4184 consumpsit,
821 4106 853 4164 et
873 4115 939 4163 non
962 4093 1109 4163 multum
1127 4096 1246 4165 abesse
1270 4091 1422 4175 videretur.

185 4185 269 4270 quin
301 4198 389 4254 esset
412 4183 611 4254 universum
641 4196 897 4273 consumptum,
925 4181 983 4252 ille
1008 4181 1147 4270 quidem
1173 4205 1292 4252 rursus
1318 4167 1423 4246 accedtl

186 4273 429 4343 conturbatus:
452 4269 632 4341 Marcellus
649 4293 727 4341 vero
751 4273 863 4341 statim
889 4271 1054 4342 accedeus
1078 4272 1120 4341 ad
1146 4272 1312 4346 horreum,
1328 4271 1418 4354 partu·

188 4357 281 4426 riens
301 4360 333 4428 id
356 4363 468 4431 statim
490 4359 620 4451 implet,
643 4372 675 4430 ct
701 4360 822 4450 incipit
843 4363 979 4451 parere:
1006 4373 1038 4430 et
1061 4359 1153 4449 quod
1177 4375 1226 4432 est
1249 4343 1418 4428 admirante
