2972 4826
226 243 290 306 21¹0
478 258 517 304 nr
541 259 568 304 s.
595 257 752 304 aaaaosro
776 257 826 302 ce.
851 255 978 304 senior..
1003 255 1042 302 nr
1065 254 1154 304 nocr.
1310 240 1419 306 unct

183 367 334 427 munus,
364 342 491 433 populo
522 339 605 411 illuc
638 353 886 420 concurrente,
914 340 993 410 data
1023 341 1123 430 copia
1149 355 1217 424 est,
1249 343 1351 414 missis
1370 343 1423 412 mi·
1474 347 1475 356 ²

181 436 300 506 litibus
328 434 371 504 ab
399 429 560 501 stilicone
583 432 732 508 fomite,
761 430 898 500 hortatu
927 428 1065 499 Eusehii
1094 431 1277 519 praefecti,
1301 446 1335 502 ut
1361 437 1423 502 fre-
1474 471 1475 495 r

180 525 320 595 sconius
349 520 490 608 quidam
524 518 567 587 de
599 517 744 588 ecclesia
777 530 964 608 raperetur.
991 522 1099 599 Quem
1125 519 1365 622 confugientem
1388 519 1423 590 ad
1474 523 1475 592 ζ

180 613 287 683 altare
306 609 453 689 Domini,
477 619 617 677 sanctus
644 605 834 696 Episcopus
860 629 939 677 cum
971 605 1132 688 clericis,
1151 609 1211 695 qui
1237 633 1269 678 rn
1297 624 1425 699 tempore
1474 651 1475 698 q

180 701 334 779 aderant,
354 695 609 768 defendendum
627 695 869 766 circumdedit.
889 694 954 765 Sed
979 693 1165 766 multitudo
1185 697 1339 780 militum,
1354 719 1427 786 quae
1474 699 1475 764 l

179 790 284 860 duces
301 809 383 858 suos
408 784 554 856 habehat
577 783 619 854 de
643 783 789 874 perfidia
807 785 1023 864 atrianorum,
1051 783 1240 874 praevaluit
1266 787 1426 858 adversum
1474 791 1475 878 l

178 899 319 970 paucos;
338 887 451 963 atque,
473 874 587 944 ablato
607 873 798 954 cresconio,
819 872 1011 944 exultantes
1026 872 1070 942 ad
1090 873 1371 964 amphitheatrum
1387 897 1427 944 re·
1474 881 1475 886 ’

178 977 363 1048 verterunt,
380 963 545 1035 ecclesiae
569 963 700 1034 luctum
722 984 789 1033 non
823 961 997 1032 modicum
1022 961 1366 1049 relinquentes.·llam
1383 969 1430 1034 sn-

178 1055 298 1126 oerdos
323 1065 513 1144 prostratus
536 1065 615 1122 aute
631 1051 738 1121 altare
761 1051 908 1132 Domini,
937 1049 1064 1120 factum
1089 1051 1152 1122 diu
1169 1054 1272 1124 flevit.
1287 1055 1346 1124 Sed
1362 1074 1428 1123 cum

178 1145 395 1214 revertissent
417 1155 450 1211 et
476 1141 736 1211 renunciassent
752 1139 817 1218 his,
845 1163 864 1210 a
888 1139 1016 1226 quihus
1040 1138 1177 1210 fuerant
1201 1141 1358 1214 destinati
1379 1141 1431 1212 mi·

179 1233 266 1314 litae,
294 1231 430 1301 dimissi
455 1229 629 1320 leopardi,
662 1228 754 1300 saltu
777 1228 878 1298 celeri
903 1227 946 1298 ad
975 1227 1124 1298 eundem
1158 1229 1295 1312 locum,
1321 1231 1352 1300 in
1375 1251 1431 1317 qm

178 1323 348 1402 sederant,
373 1317 492 1410 quide
515 1318 658 1388 ecclesia
685 1317 958 1476 triumphabant,
977 1317 1214 1400 ascendentes,
1232 1321 1375 1421 graviter
1392 1320 1432 1389 la·

177 1413 289 1480 niatos
313 1409 537 1496 reliquerunt.
560 1405 656 1490 Quod
672 1407 732 1476 ubi
752 1407 782 1475 vi
810 1407 834 1476 it
850 1406 966 1477 Stilico
986 1409 1117 1487 Comes,
1168 1411 1351 1480 oenrtentih
1373 1430 1432 1478 mo-

177 1512 309 1580 tusest,
329 1499 432 1567 itaut
456 1519 516 1588 per
539 1495 666 1566 multos
689 1495 763 1566 dies
789 1495 1000 1566 satisfaceret
1025 1500 1126 1566 Sacer
1151 1498 1211 1578 oti;
1236 1512 1270 1569 et
1290 1498 1433 1568 illaesum

175 1587 314 1676 quidem
340 1587 453 1666 illum,
472 1586 532 1673 qui
556 1584 693 1654 ablatus
717 1585 838 1664 fuerat,
857 1585 1001 1664 dimisit,
1033 1585 1090 1654 sed
1121 1587 1203 1672 quia
1227 1588 1433 1676 gravissimo-

176 1699 254 1748 rum
278 1675 465 1746 criminum
490 1687 562 1744 erat
586 1695 676 1752 reus,
692 1686 725 1743 et
743 1674 843 1743 aliter
857 1672 1035 1742 emendari
1051 1695 1118 1744 non
1142 1688 1285 1763 poterat,
1298 1677 1341 1748 ad
1358 1675 1434 1746 ersi-

176 1765 260 1836 lium
280 1764 482 1845 destinatur,
510 1785 577 1832 non
600 1762 709 1832 multo
726 1774 801 1851 post
821 1761 1037 1852 indulgentia
1059 1779 1300 1852 pmsequente.

219 1857 237 1942 ἓ
261 1857 329 1926 18.
357 1859 418 1923 Per
442 1852 532 1922 idem
567 1865 705 1940 tempus
728 1873 809 1920 cum
836 1850 880 1920 ad
914 1850 1079 1939 palatium
1107 1867 1274 1944 pergeret,
1300 1873 1435 1941 eumque

175 1965 238 2034 pro
258 1941 331 2014 loco
350 1941 453 2011 oflicii
476 1942 582 2010 nostri
616 1961 851 2027 sequeremur,
885 1937 1059 2009 Theodulo
1087 1952 1169 2012 tunc
1198 1945 1354 2026 notario,
1385 1942 1434 2028 qui

174 2043 290 2124 postea
314 2052 450 2102 summa
468 2053 548 2100 cum
570 2029 681 2120 gratia
705 2028 931 2098 Mutinensem
951 2029 1034 2098 rexit
1049 2029 1245 2116 ecclesiam,
1265 2055 1346 2104 cum
1363 2051 1435 2102 casu

172 2120 313 2278 guidam
342 2119 425 2208 pede
444 2131 533 2189 esset
553 2117 683 2207 lapsus,
713 2130 815 2204 atque
835 2131 1027 2206 prostratus
1052 2118 1182 2207 jaceret
1210 2122 1244 2192 in
1274 2136 1373 2202 terra,
1400 2119 1435 2188 ri·

196 2223 284 2287 ente,
304 2229 489 2278 conversus
507 2205 683 2286 Sacerdos,
707 2207 774 2275 ait:
794 2229 812 2272 «
831 2211 870 2275 Et
891 2221 938 2286 tu,
956 2207 1017 2293 qui
1036 2221 1118 2282 stas
1141 2209 1277 2282 uidene
1295 2211 1434 2282 cadas.»

172 2304 245 2380 Quo
269 2298 372 2376 dicto,
393 2297 520 2366 statim.
535 2297 563 2366 is
589 2296 650 2382 qui
676 2294 828 2365 alienum
855 2294 992 2383 lapsum
1018 2295 1150 2378 riserat,
1185 2319 1291 2372 suum
1323 2298 1434 2370 doluit.

172 2385 359 2476 Fritigildis
371 2406 448 2454 vero
465 2385 582 2474 regina
595 2390 930 2463 Marcomannorum,
952 2405 1032 2454 cum
1049 2386 1235 2472 aquodam
1254 2389 1436 2459 Christiano

171 2476 255 2552 viro,
274 2475 335 2564 qui
360 2474 402 2543 ad
421 2473 514 2542 illam
537 2473 622 2543 forte
642 2473 684 2542 de
697 2473 815 2543 ltaliae
856 2473 988 2542 artibus
1007 2487 1154 2556 venerat,
1180 2476 1350 2550 referente
1367 2475 1436 2554 sihi,

170 2564 305 2633 audiret
328 2563 453 2632 famam
474 2562 548 2642 viri,
576 2562 707 2631 Christo
726 2495 883 2642 creditiit,
908 2563 1012 2648 cujus
1029 2561 1127 2632 illum
1154 2567 1333 2636 servulum
1354 2587 1437 2636 rece

194 2666 343 2732 noverat3
372 2651 556 2738 missisque
581 2651 809 2720 Mediolanum
837 2649 1059 2731 muneribus,
1090 2652 1132 2720 ad
1157 2655 1358 2736 ecclesiam,
1386 2674 1437 2744 per

168 2673 191 2809 i
225 2753 298 2810 atos
330 2739 529 2829 postulavit,
557 2753 595 2808 ut
618 2740 756 2831 scriptis
780 2739 910 2827 ipsius,
940 2738 1087 2827 qualiter
1109 2741 1250 2814 credere
1280 2743 1434 2820 deberet,

170 2830 202 2896 in
218 2830 424 2898 ormaretur.
442 2827 488 2898 nd
508 2851 610 2914 quam
632 2828 687 2897 ille
704 2827 884 2916 epistolam
909 2825 988 2897 fecit
1008 2829 1219 2917 praeclaram
1240 2833 1276 2902 in
1301 2832 1435 2904 modum

168 2917 381 2998 catechismi,
413 2917 446 2986 in
476 2939 546 3004 qua
568 2917 669 2986 etiam
696 2917 878 2998 admonet,
911 2930 950 2986 ut
980 2915 1140 2988 suaderet
1163 2919 1249 3000 viro,
1279 2921 1437 2992 Romanis

167 3027 286 3096 pacem
313 3027 458 3076 servare.
486 3011 556 3089 Qua
574 3020 713 3096 accepta
732 3005 888 3092 epistola,
917 3005 1042 3074 mulier
1065 3007 1175 3078 suasit
1204 3009 1291 3090 viro,
1311 3024 1435 3081 etcum

168 3093 295 3184 populo
320 3117 382 3166 suo
406 3117 442 3164 se
458 3097 622 3165 Romanis
647 3094 797 3164 tradidit.
817 3099 911 3176 Quae
930 3117 1008 3164 cum
1029 3095 1176 3168 venisset
1193 3099 1434 3176 Mediolanum,

166 3185 356 3274 plurimum
375 3183 496 3264 doluit,
515 3184 606 3270 quod
626 3197 781 3254 sanctum
802 3181 1030 3260 Sacerdotem,
1053 3184 1095 3252 ad
1118 3207 1222 3272 quam
1249 3187 1434 3266 festinarat,

166 3274 310 3342 minime
327 3273 518 3360 reperisset.
541 3279 616 3342 lam
635 3273 726 3341 enim
753 3271 795 3341 de
812 3273 877 3342 hac
897 3272 973 3342 luce
991 3273 1208 3362 migraverat.

207 3365 325 3451 §12
350 3361 577 3450 Temporibus
608 3382 685 3430 vero
709 3362 861 3432 Gratiani
885 3363 954 3451 (ut
979 3374 1069 3430 retro
1093 3362 1259 3447 redeam)
1288 3387 1369 3436 cum
1396 3361 1434 3432 ad

163 3453 372 3539 praetorium
392 3451 593 3531 Macedonii,
622 3464 702 3520 tunc
728 3450 884 3540 magistri
908 3449 1112 3528 ciliciorum.
1134 3474 1195 3540 pro
1218 3453 1373 3539 quodam
1392 3453 1436 3522 in-

93 3561 97 3566 ·
163 3539 368 3611 tercedendo
393 3540 607 3629 perrexisset,
635 3551 737 3626 atque
766 3552 945 3628 praecepto
968 3561 1008 3608 su
1039 3537 1160 3610 radicti
1179 3541 1242 3610 viri
1270 3542 1364 3614 fores
1387 3543 1437 3610 in·

163 3631 310 3699 venisset
329 3629 478 3707 clausas,
500 3649 561 3698 nec
576 3630 711 3718 copiam
739 3627 955 3718 ingrediendi
978 3649 997 3696 a
1024 3642 1125 3716 eptus
1144 3643 1244 3712 esset,
1273 3633 1345 3704 ait:
1366 3653 1383 3698 c
1402 3633 1436 3698 Et

162 3731 199 3787 tu
218 3719 357 3804 quidem
380 3719 494 3788 venies
518 3717 559 3786 ad
587 3717 778 3794 ecclesiam,
800 3739 903 3804 quam
931 3737 992 3786 nec
1017 3729 1055 3787 tu
1082 3717 1288 3806 ingredieris,
1320 3719 1435 3810 januis

161 3805 240 3876 licet
265 3828 331 3876 non
361 3806 538 3877 clausis.»
564 3806 659 3889 Quod
696 3806 919 3876 factumest:
948 3819 1082 3876 mortuo
1113 3807 1288 3889 Gratiano,
1316 3807 1434 3880 conf-

161 3895 259 3983 giens
285 3893 505 3966 Macedonius
521 3895 562 3964 ad
588 3895 781 3976 ecclesiam,
803 3893 1000 3984 patentibus
1019 3895 1150 3982 *januis
1178 3897 1315 3968 aditum
1346 3917 1435 3985 repe·

159 3984 228 4054 rire
252 4007 318 4054 non
341 3998 481 4071 poterat.
499 3989 577 4074 lpse
595 3997 708 4054 autem
723 3983 772 4052 vir
788 3983 992 4053 venerabilis
1010 3984 1201 4075 Episcopus
1217 3999 1291 4056 erat
1308 3985 1433 4058 multae

159 4073 387 4142 abstinentiae
410 4087 442 4141 et
459 4073 655 4163 vigiliarum
684 4073 929 4144 multarumet
958 4071 1129 4153 laborum,
1155 4074 1362 4162 quotidiano
1384 4075 1434 4161 je-

152 4161 255 4252 junio
273 4183 452 4232 macerans
467 4184 605 4251 corpus.
626 4162 685 4231 Cui
710 4161 902 4251 prandendi
919 4183 1099 4248 nunquam
1122 4164 1340 4234 consuetudo
1360 4161 1428 4240 fuit,

158 4252 226 4320 nisi
250 4250 306 4318 die
330 4251 472 4320 sabbato
488 4265 520 4319 et
551 4250 812 4331 dominicare!
839 4273 918 4320 cum
945 4251 1097 4320 natalitia
1127 4251 1431 4324 celeberrimorum

158 4343 344 4427 Martyrum
376 4351 499 4408 essent.
528 4339 654 4408 Orandi
679 4341 781 4408 etiam
807 4339 993 4411 assiduitas
1019 4363 1145 4430 nragna
1168 4341 1224 4412 die
1247 4363 1288 4412 ac
1320 4351 1427 4412 nocte.
1474 4357 1475 4414 l
