2972 4826
273 258 337 322 256
663 273 702 318 nu
726 273 753 318 s.
781 273 914 318 niniam
939 271 1063 318 srrunu
1332 249 1397 314 ott.
1420 243 1466 338 ¹¹

229 357 420 450 pervadunt
438 357 608 439 virtutem,
625 377 714 444 quae
731 361 796 426 Deo
812 357 983 438 conciliat,
1002 355 1106 425 simul
1124 354 1373 432 inflammantur,
1383 363 1409 418 ct
1419 370 1448 416 ea
1465 349 1466 440 ¹

226 449 384 537 cupiunt,
410 467 498 534 quae
521 459 602 514 sunt
621 445 687 516 sibi
711 447 965 526 convenientia,
998 457 1031 514 et
1050 443 1092 514 ad
1123 465 1306 522 summam,
1328 442 1362 508 iis
1384 441 1466 524 quael

227 537 404 616 dicuntur,
427 547 567 622 atquae
590 535 659 604 sint
684 533 750 604 sibi
775 535 925 624 propria,
945 533 1156 614 alliciuntur,
1186 545 1219 601 et
1242 554 1277 602 se
1305 541 1402 620 parant
1418 523 1448 592 ad

228 626 467 695 imitationem.
493 621 714 693 Admirabilis
744 623 858 710 itaque
876 625 942 692 vita
969 623 1072 712 hujus
1095 620 1254 702 Danielis,
1276 613 1451 707 quemadmo-

228 715 312 784 dum
342 713 392 782 vel
426 733 493 780 non
522 711 594 782 sola
621 711 770 780 maxime
798 711 925 782 sufficit
954 710 996 780 ad
1021 711 1196 790 animum,
1221 711 1281 797 qui
1301 717 1400 794 captus
1417 711 1451 768 est

228 822 344 871 amore
368 801 515 882 virtutis,
540 800 667 888 majore
684 799 755 870 zelo
778 799 1051 882 accendendum,
1072 813 1105 868 et
1125 799 1238 888 ipsum
1263 796 1386 868 omnino
1403 811 1453 858 no·

229 891 378 960 rendum
397 901 429 958 et
446 887 727 970 demulcendum,
750 903 782 958 et
797 889 1081 960 suavissimorum
1110 887 1265 958 laborum
1290 879 1453 955 exercitatio

230 981 284 1048 nis
308 977 516 1048 afferendam
535 977 755 1068 voluptatem,
777 1000 865 1065 quae
892 1000 958 1048 non
990 977 1091 1046 habet
1113 976 1324 1046 satietatem?
1347 975 1406 1054 Quo
1423 975 1455 1064 est

230 1069 322 1138 enim
349 1065 601 1148 admirabilior,-
625 1087 664 1134 eo
688 1079 739 1134 est
752 1067 853 1136 etiam
878 1066 1013 1137 utilior:
1031 1080 1064 1135 et
1088 1065 1116 1134 si
1144 1065 1223 1153 quis
1251 1087 1326 1134 eum
1348 1058 1454 1127 voluerit

229 1156 408 1258 aemulari,
426 1157 469 1256 'in
489 1155 623 1224 modico
643 1156 801 1236 multam,
820 1169 852 1225 et
868 1177 956 1242 quae
972 1177 1051 1224 cum
1071 1155 1191 1244 paucis
1211 1149 1350 1223 conferri
1367 1156 1454 1238 potest,

231 1259 379 1314 inveniet
402 1257 574 1313 virtutem.

274 1336 292 1421 ᾖ
317 1337 360 1404 2.
388 1333 475 1431 lluic
492 1355 572 1422 ergo
597 1334 694 1403 beato
719 1333 827 1422 patria
851 1331 990 1419 quidem
1016 1344 1098 1412 erat,
1125 1351 1213 1419 quae
1237 1331 1323 1399 inter
1340 1321 1457 1412 Duplu-

231 1437 301 1519 tem¹
315 1435 347 1492 et
371 1423 497 1512 Tigrim
524 1423 600 1502 sita,
619 1436 651 1491 et
671 1435 733 1502 est,
758 1433 790 1491 et
822 1421 1020 1492 nominatur
1047 1420 1299 1510 Mesopotamia.
1321 1421 1410 1486 Natus
1427 1417 1460 1504 cst

230 1524 343 1582 autem
376 1513 410 1579 in
439 1509 589 1597 quodam
611 1512 696 1590 vico,
717 1511 836 1580 ,vicino
870 1511 948 1580 urbi
974 1513 1251 1598 Samosatorum:
1288 1515 1458 1583 eorum‚¹l¹¹

231 1600 302 1669 illic
326 1601 494 1680 habitant,
520 1598 639 1688 lingua
662 1621 740 1668 eum
776 1611 873 1668 vocat
899 1598 1062 1668 Maratha.
1089 1597 1125 1666 ui
1151 1609 1246 1688 pater
1266 1593 1392 1684 quidem
1414 1593 1461 1684 ¹¹¹¹

230 1689 320 1774 Eliu3
347 1701 455 1758 mater
485 1709 563 1758 vero
588 1687 729 1758 llartha.
758 1688 834 1757 Fuit
857 1699 970 1757 autem
997 1687 1054 1756 hic
1089 1685 1211 1756 modus
1228 1679 1457 1772 conceptionis:

231 1778 350 1848 matris
366 1778 441 1866 ejus
457 1787 576 1848 uterus
592 1789 664 1846 erat
680 1775 868 1846 admodum
891 1797 1035 1846 mancus
1063 1797 1102 1844 ac
1131 1774 1287 1854 mutilus;
1313 1781 1377 1841 erat
1398 1781 1460 1858 cnut

230 1866 355 1936 sterilis
380 1865 421 1934 ad
457 1864 643 1935 liberorum
673 1866 953 1956 procreationem.
981 1869 1064 1934 Cum
1101 1864 1215 1951 itaque
1251 1861 1342 1932 mille
1364 1853 1460 1948 probri}

229 1977 304 2025 eam
327 1955 360 2024 in
381 1953 454 2023 dies
478 1955 728 2026 insectarentur
753 1955 909 2034 maritus,
937 1953 1019 2034 noti,
1050 1954 1198 2042 cognati,
1228 1965 1262 2022 et
1284 1967 1395 2022 omues
1414 1939 1460 2010 alu.

230 2058 262 2113 et
278 2043 465 2113 liberorum
482 2055 664 2133 egestatem
686 2043 716 2112 ei
737 2042 858 2112 acerbe
884 2042 1082 2130 objicerent,
1111 2041 1169 2110 illa
1193 2041 1237 2112 ab
1260 2041 1310 2111 eis
1338 2033 1415 2105 male
1431 2022 1461 2093 al·

231 2133 316 2202 lecta
345 2145 378 2201 et
400 2129 501 2201 corde
525 2133 689 2212 cruciata,
717 2131 803 2218 quid
831 2131 933 2200 lacit?
956 2129 1114 2221 Confugit
1140 2129 1183 2199 ad
1214 2152 1308 2210 eum,
1334 2124 1389 2213 qui
1409 2120 1463 2188 laet

232 2232 341 2306 potest
357 2241 499 2289 curare:
521 2232 554 2289 et
573 2219 661 2289 clam
686 2219 789 2290 domo
815 2219 927 2289 media
945 2232 1043 2289 nocte
1062 2241 1210 2309 egressa,
1231 2237 1355 2288 manus
1370 2214 1400 2280 in
1417 2223 1464 2302 coe·

231 2311 303 2380 lum
331 2307 464 2390 rollens,
490 2321 523 2378 et
542 2321 665 2380 terram
692 2308 855 2398 lacrymis
879 2309 1040 2398 irrigans:
1074 2331 1091 2376 a
1115 2307 1256 2378 Domine
1277 2312 1355 2386 Rex,
1374 2302 1449 2392 inqut

230 2398 290 2484 qui
308 2398 351 2467 ab
369 2397 466 2467 initio
491 2398 684 2468 masculum
703 2409 735 2466 et
751 2396 935 2468 foeminam
957 2396 1079 2478 fecisti,
1112 2397 1173 2488 qui
1198 2395 1332 2466 dixisti:
1360 2391 1464 2462 crescite

231 2499 261 2556 ct
280 2486 573 2576 multiplicamur}
597 2486 657 2574 qui
681 2485 806 2556 dedisti
831 2487 866 2554 in
889 2485 1065 2556 sterilitate
1090 2489 1192 2555 Sarae
1219 2483 1360 2573 quidem
1389 2481 1464 2546 Isaac

232 2584 345 2644 Annae
392 2587 505 2644 autem
524 2573 729 2654 Samuelem,
757 2573 970 2644 Elisabethae
995 2595 1073 2644 vero
1096 2575 1287 2644 loannem:
1315 2583 1352 2641 tu
1367 2579 1456 2657 qu0¹l¹

232 2686 327 2733 meae
352 2662 476 2732 similis
494 2664 655 2732 miserere
678 2661 895 2744 calamitatis,
915 2676 946 2733 et
979 2685 1032 2732 me
1059 2663 1329 2732 misericorditer
1355 2658 1460 2746 intueti

232 2765 264 2821 et
281 2751 371 2822 solve
395 2751 619 2832 sterilitatem,
647 2763 679 2822 et
695 2751 791 2820 auler
806 2753 1044 2842 opprobrium,
1062 2766 1096 2822 et
1108 2752 1235 2822 sterilis
1251 2751 1341 2821 uteri
1358 2746 1396 2814 da
1412 2735 1461 2807 1¹1¹

232 2841 402 2941 fructum:
439 2853 476 2909 ut
499 2863 576 2909 eum
603 2861 738 2927 quoque
768 2840 830 2910 tibi
853 2841 1017 2922 olleram,
1054 2841 1114 2928 qui
1139 2839 1300 2921 dederis,
1332 2821 1456 2928 quomod

235 2951 345 3018 prisca
370 2931 464 2997 Anna
491 2929 696 2998 Samuelem.
720 2952 737 2994 a
756 2933 837 2998 Cum
857 2941 926 3000 tam
944 2929 1065 2999 acerbe
1083 2930 1229 2999 [levisset
1246 2930 1281 2998 iu
1299 2921 1458 2997 contritot

233 3017 387 3104 spiritus,
414 3016 556 3087 domum
584 3039 705 3086 rursus
724 3017 933 3108 ingreditur:
960 3032 1094 3088 etcum
1151 3040 1249 3088 arum
1272 3009 1464 3098 dormitasset

234 3106 373 3175 videtin
396 3107 526 3176 somnis
550 3105 619 3176 duo
651 3105 849 3186 luminaria,
877 3107 1053 3197 praeclara
1078 3041 1327 3197 pulcritudine,
1354 3103 1461 3188 iugem

235 3195 489 3352 magnitudine:
528 3194 641 3284 figura
665 3207 778 3264 autem
815 3195 911 3266 disco
942 3195 1081 3264 similia.
1114 3199 1159 3264 Ea
1190 3195 1369 3265 videbatur
1390 3182 1464 3280 vide¹

171 3369 177 3382 .
233 3305 327 3353 coeo
352 3283 469 3353 relicto
494 3283 621 3354 sensim
646 3283 900 3366 descendentia,
921 3285 1069 3374 desuper
1088 3285 1163 3374 ejus
1181 3285 1364 3354 imminere
1385 3279 1464 3364 cap1¹

233 3377 316 3442 Cum
345 3393 444 3441 mane
460 3383 572 3442 autem
595 3373 807 3454 surrexisset,
826 3385 858 3443 et
872 3373 994 3444 marito
1015 3373 1179 3442 visionem
1197 3385 1229 3442 et
1254 3373 1329 3444 suis
1352 3369 1457 3454 cogniti

233 3462 534 3543 communicasset,
564 3461 653 3533 alius
677 3460 815 3548 quidem
841 3461 972 3550 aliquid
998 3461 1092 3530 aliud
1116 3461 1253 3532 dicebat
1277 3467 1466 3532 eventurum

233 3548 318 3620 illud
345 3571 423 3618 vero
443 3561 515 3618 erat
532 3549 823 3640 praesignificatio
837 3552 924 3641 ejus,
946 3550 1036 3638 quod
1058 3572 1151 3622 exea
1173 3563 1245 3622 erat
1263 3557 1454 3642 processuro

233 3638 284 3706 vel
311 3639 396 3726 ipsis
420 3636 527 3708 stellis
545 3637 707 3708 lucidius.

278 3729 364 3812 §D
392 3731 463 3796 llon
490 3725 636 3796 multum
675 3728 837 3816 temporis
863 3728 1072 3808 intercessit,
1099 3741 1131 3796 et
1164 3751 1243 3798 cum
1270 3721 1463 3811 concepisset

235 3827 367 3916 peperit
380 3815 517 3915 Deatum
533 3815 718 3916 Danielem,
738 3830 770 3885 et
787 3829 899 3906 partu,
922 3816 1076 3904 utrisque
1094 3839 1170 3886 mor
1188 3817 1366 3894 liberatur,
1384 3825 1448 3880 uem

234 3914 267 3972 et
290 3903 477 4004 sterilitate,
503 3915 536 3973 et
559 3904 667 3974 animi
684 3904 911 4062 aegritudine.
930 3909 1019 3975 Haec
1045 3906 1142 3976 beato
1160 3906 1292 3976 Danieli
1313 3905 1396 3973 vitae
1410 3901 1456 3989 lue¹

236 4012 429 4080 prooemia:
456 3993 505 4062 sic
524 3993 657 4150 prodiit
672 3993 706 4061 in
743 4015 840 4063 ucem
861 3995 902 4074 is,
924 3994 1071 4081 quierat
1089 3994 1330 4064 reverafoetus
1349 3985 1459 4060 lumiut

234 4084 447 4180 Atque'puer
462 4082 521 4168 qui
548 4103 602 4151 em
620 4082 779 4172 quintum
805 4105 936 4152 annum
962 4083 1035 4171 jam
1061 4084 1236 4173 attigerat:
1262 4081 1452 4154 nonduma

236 4177 303 4236 tem
324 4191 355 4238 er
379 4169 490 4240 ullum
516 4191 640 4239 nomen
665 4170 776 4240 luerat
793 4171 993 4262 impositum
1019 4194 1039 4240 a
1064 4172 1278 4262 parentibus,
1302 4183 1340 4240 ut
1362 4162 1451 4254 quii

235 4258 427 4357 quoqueei
454 4257 578 4328 vellent
605 4258 679 4327 dari
711 4283 730 4328 a
759 4264 840 4338 Deo,
874 4261 1047 4347 quomodo
1071 4260 1147 4352 ejus
1174 4283 1314 4348 quoque
1337 4259 1369 4327 in
1401 4225 1466 4345 vital

232 4343 416 4434 productio
441 4347 484 4416 ab
510 4369 550 4415 eo
579 4362 799 4436 processerat.
822 4354 995 4421 Duxerunt
1021 4371 1102 4441 ergo
1124 4363 1282 4441 parentes
1308 4361 1442 4438 puerum
1458 4357 1464 4402 1
