2960 4824
46 297 111 362 llll.
136 298 174 364 ta
314 317 352 364 nn
375 316 403 363 s.
429 317 597 366 srrnrocus
619 319 767 368 incuruo.
793 279 986 368 ιιιιιιιιιιι.Δ
1167 306 1233 370 299

43 399 105 468 nali
126 422 234 482 causa,
253 412 284 470 ct
300 399 396 470 facile
417 401 527 496 perdit
550 403 720 491 quidquid
748 416 800 473 est
821 404 978 494 justum?
1005 405 1183 488 Quomodo
1209 429 1276 478 non

41 490 203 577 meipsum
229 503 341 576 aperta
364 512 584 573 accusarem,
610 505 643 561 et
667 514 825 562 summae
847 493 1049 564 damnarem
1075 496 1277 585 improbita-

40 578 124 644 tisl»
142 583 225 648 IIaec
249 579 308 648 illc
331 579 487 662 dicente,
513 593 546 650 et
562 603 599 650 se
623 581 710 651 nihil
735 594 958 671 accepturum
977 583 1182 665 allirmante,
1209 587 1277 655 vio·

38 665 143 736 lentius
165 667 308 738 instabat
332 673 532 757 Imperator,
560 665 598 740 ul
614 671 729 740 daret:
755 670 905 740 dedecus
928 672 1184 758 quodammodo
1207 675 1278 744 eui-

37 755 168 837 stimans,
188 758 298 844 utqui
314 757 480 828 benefici0
497 773 585 828 esset
609 759 763 840 allectus,
791 759 997 831 beneficium
1024 783 1091 830 non
1117 784 1278 832 remune-

36 858 164 926 raretur;
177 847 231 915 sed
245 845 388 936 expulso
402 848 522 918 morbo
535 849 702 937 corporis,
717 849 910 918 vinceretur
923 851 956 918 in
974 851 1082 920 animi
1098 852 1276 940 probitate.

35 935 175 1013 Quocirca
201 937 310 1024 magis
334 935 485 1024 instabat
507 949 545 1006 ut
570 937 718 1006 vinceret
746 937 795 1006 sic
819 939 961 1010 affectus
983 960 1075 1020 eum,
1102 941 1163 1026 qui
1188 940 1279 1010 vinci

34 1043 86 1090 nnn
110 1037 242 1111 poterat.
262 1030 301 1094 Et
319 1025 502 1113 persuadet
516 1025 655 1112 quidem
683 1025 733 1094 illi
754 1039 792 1096 ut
808 1029 971 1116 accipiat:
999 1050 1066 1098 non
1088 1043 1213 1110 autern,
1242 1041 1280 1100 ut

32 1111 105 1194 qnod
121 1112 235 1182 datum
253 1113 374 1194 luerat,
397 1113 490 1202 apud
510 1136 588 1184 eum
608 1127 754 1184 maneat.
775 1121 857 1186 Cum
873 1117 965 1186 enim
992 1117 1103 1186 valere
1114 1118 1278 1207 jussisset

33 1202 264 1288 Imperatorem,
284 1203 461 1274 distribuit
484 1203 601 1272 omnia
622 1204 664 1272 iis
680 1204 740 1292 qui
760 1218 859 1274 erant
875 1206 910 1274 in
928 1206 1038 1296 regia:
1065 1228 1101 1274 re
1125 1207 1200 1295 ipsa
1217 1206 1279 1276 do·

34 1309 100 1356 cens
119 1291 285 1376 quomodo
308 1304 461 1382 oporteat
476 1314 534 1362 eos
558 1293 697 1362 allectos
720 1315 794 1362 esse
818 1294 860 1364 ad
886 1316 968 1383 opes
991 1307 1024 1364 et
1048 1295 1225 1396 pecunias,
1248 1296 1278 1366 si

35 1376 117 1446 velint
130 1401 201 1450 esse
217 1379 327 1450 liberi.
355 1387 476 1471 Magna
493 1381 584 1450 enim
610 1381 727 1452 adeas
747 1383 942 1473 propensio,
969 1395 1001 1454 et
1025 1385 1130 1454 nimis
1156 1385 1278 1454 victum

32 1487 90 1534 esse
103 1470 141 1537 ab
153 1491 272 1538 earum
288 1471 515 1559 possessione,
534 1469 617 1556 quid
635 1483 685 1540 est
702 1484 817 1560 aperte
833 1470 1065 1558 aliud,'quam
1083 1473 1278 1544 voluntaria

30 1557 178 1628 servitus?
200 1563 271 1628 Iloc
288 1581 366 1628 cum
385 1558 552 1629 audiisset
568 1564 768 1648 Imperator,
787 1559 872 1628 dixit
896 1583 932 1631 se
952 1583 1018 1631 non
1038 1562 1189 1650 amplius
1214 1563 1280 1632 mi-

30 1645 94 1724 rari,
111 1646 138 1714 si
163 1647 218 1716 hic
243 1647 294 1716 vir
309 1649 369 1733 qui
385 1649 431 1718 ita
448 1649 529 1717 vivit
545 1659 613 1716 tam
633 1669 759 1738 magna
775 1648 877 1719 saciat
903 1649 1081 1718 miracula.
1105 1655 1277 1732 Quantum

30 1733 124 1818 itaque
137 1734 285 1805 lructum
305 1737 455 1828 percepit
470 1741 660 1825 Imperator
675 1759 716 1806 ex
729 1738 840 1808 verbis
852 1738 1066 1827 spiridonis?
1079 1739 1279 1826 Usqueadeo

28 1833 51 1888 et
70 1821 307 1912 benignitatem
333 1825 488 1916 adspexit
520 1839 553 1896 et
584 1825 858 1908 humanitatem,
886 1840 923 1897 ut
947 1828 1110 1898 omnibus
1137 1829 1279 1914 quidem

28 1913 201 1998 egentibus,
216 1926 249 1982 et
268 1913 393 1994 viduis,
410 1927 442 1984 et
457 1914 635 2002 orphanis,
654 1914 723 1986 illis
742 1915 881 2002 quidem
901 1915 1113 1996 viduitatem,
1133 1917 1281 1986 hisvero

27 2001 199 2082 orbitatem,
227 2002 281 2072 his
305 2015 417 2072 autem
450 2007 553 2072 etiam
579 2004 755 2091 Inopiam,
780 2026 905 2093 magno
936 2016 968 2074 et
999 2004 1132 2074 excelso
1163 2007 1281 2104 aiiimo

29 2104 174 2160 recrearet
198 2102 230 2160 et
254 2104 470 2162 sustentaret.
497 2097 600 2162 Porro
624 2105 737 2162 autem
762 2095 927 2163 omnibus
949 2114 1087 2180 quoque
1111 2115 1170 2184 qui
1201 2103 1282 2190 sunt

29 2179 156 2262 partium
174 2179 500 2262 ecclesiasticarum,
520 2181 772 2262 Sacerdotibus,
797 2181 952 2268 inquam,
974 2195 1006 2252 et
1025 2182 1193 2262 Diaconis,
1210 2202 1281 2270 pri-

29 2288 91 2336 mus
113 2268 184 2360 lege
208 2269 361 2338 decernit
384 2270 661 2340 immunitatem:
691 2270 882 2340 absurdum
913 2292 987 2340 esse
1008 2271 1196 2360 judicans,
1223 2291 1282 2340 eos

28 2357 76 2438 qui
97 2359 174 2448 Regi
199 2358 386 2428 immortali
411 2357 565 2428 attributi
591 2358 735 2427 suntad
765 2359 1008 2440 ministerium,
1036 2361 1116 2450 Regi
1144 2357 1280 2430 mortali

33 2443 135 2514 solvere
155 2445 348 2535 vectigalia.
367 2452 405 2516 Et
426 2447 508 2516 haec
522 2446 663 2536 quidem
682 2446 728 2515 ita
748 2468 785 2516 se
802 2447 986 2518 habebant.

66 2533 82 2616 d
101 2539 164 2608 at.
186 2536 266 2605 Vult
282 2549 395 2606 autem
409 2535 517 2604 oratio
531 2537 632 2606 etiam
650 2534 797 2604 aliorum
814 2537 1014 2608 meminisse
1032 2535 1281 2606 miraculorum

29 2640 99 2703 quae
119 2637 199 2694 sunt
220 2637 340 2694 ornata
362 2626 447 2694 laeto
467 2625 550 2694 llore
565 2624 754 2714 gratiarum
773 2637 805 2694 et
825 2647 903 2694 com
922 2625 1099 2696 utilitate*
1118 2645 1280 2714 magnam

26 2709 138 2797 spirant
153 2712 351 2782 utilitatem.
378 2718 402 2782 Il
423 2714 514 2802 regia
533 2719 679 2784 Sanctus
694 2713 886 2803 egrediens,
907 2713 1057 2805 hospitio
1076 2714 1246 2803 excipitur
1262 2735 1283 2782 a

24 2800 155 2884 quodam
177 2801 303 2871 Christi
327 2814 474 2871 amante.
502 2802 548 2872 Id
573 2824 652 2872 eum
678 2818 791 2872 autem
817 2803 951 2872 accedit
977 2802 1101 2872 mulier
1117 2803 1279 2884 barbara,

23 2901 47 2954 ct
67 2888 203 2980 linguae
218 2913 360 2980 graecae
385 2891 555 2980 imperita,
582 2913 671 2978 quae
701 2913 803 2960 suum
831 2892 942 2962 filium
971 2906 1145 2962 mortuum
1170 2891 1284 2961 serens

23 2997 49 3042 in
66 2979 237 3061 manibus,
257 3003 334 3050 eum
356 2979 497 3068 deponit
512 2981 554 3049 ad
573 2979 682 3050 sancti
702 2981 821 3070 pedes:
839 2981 1041 3067 quinetiam
1060 2981 1135 3070 ipsa
1148 3001 1285 3070 quoque

23 3085 113 3146 prona
129 3067 256 3138 cecidit
271 3068 402 3140 dellens
421 3069 678 3140 miserabiliter:
706 3081 738 3138 et
762 3069 804 3138 iis
819 3069 960 3155 quidem
984 3070 1045 3156 qui
1069 3070 1224 3150 aderant,
1243 3091 1284 3140 ea

20 3153 125 3225 «licens
142 3179 233 3244 quae
252 3179 318 3226 non
339 3170 494 3246 poterant
514 3157 659 3246 intelligi
678 3170 816 3249 propter
832 3159 1039 3239 barbariem,
1060 3157 1143 3228 solis
1167 3158 1286 3244 loque·

21 3241 107 3313 batur
131 3245 319 3332 lacrymis,
347 3247 550 3336 significans
574 3269 609 3316 se
634 3247 715 3316 llere
746 3260 884 3336 propter
908 3247 1021 3318 filium
1060 3259 1093 3316 et
1130 3257 1287 3333 patarea

20 3335 170 3406 Pontihce
191 3348 230 3404 ut
245 3355 323 3404 eum
345 3335 537 3406 suscitaret.
556 3336 617 3404 His
634 3334 806 3426 frangitur
830 3337 880 3404 rir
904 3335 1012 3404 animi
1033 3334 1281 3434 misericordis,

19 3434 42 3486 et
60 3423 196 3493 duabus
215 3425 328 3504 rebus,
350 3423 583 3494 moderatione
599 3423 732 3495 scilicet
747 3437 779 3494 et
798 3425 1098 3494 commiseratione
1115 3421 1283 3502 mulieris,

18 3507 226 3582 distrahitur.
245 3512 389 3594 Quando
412 3513 504 3582 enim
530 3512 571 3582 ad
597 3512 673 3600 ejus
697 3512 850 3583 dolorem
875 3526 908 3583 et
933 3513 1110 3590 viscerum¹
1128 3511 1286 3580 ardorem

18 3599 234 3690 adspiciebat,
253 3601 518 3692 aggrediebatur
536 3601 755 3684 miraculum,
771 3614 803 3671 et
823 3602 1032 3674 incitabatur
1052 3599 1286 3670 adorandum

19 3691 112 3760 ileum
131 3703 171 3760 ut
189 3711 275 3779 puer
295 3690 520 3761 revivisceret.
540 3690 684 3773 Quando
700 3711 779 3760 vero
797 3712 919 3761 rursus
939 3691 1139 3761 intuebatur
1155 3687 1197 3760 ad
1216 3709 1288 3756 ma-

18 3779 228 3863 gnitudinem
248 3778 432 3869 petitionis,
455 3800 535 3849 cum
560 3791 649 3849 esset
675 3779 850 3850 modestus
874 3801 914 3849 ac
935 3779 1144 3859 moderatus,
1167 3777 1288 3848 corde-

18 3885 74 3950 que
88 3869 170 3956 pius
181 3879 215 3938 et
229 3882 364 3949 cautus,
384 3868 526 3938 cedebat
541 3881 574 3936 et
589 3867 779 3949 dillerebat,
797 3880 829 3936 et
844 3888 919 3938 esse
931 3867 1111 3958 judicabat
1125 3879 1288 3936 conatum

18 3955 262 4046 impudentem.
289 3957 458 4040 Quocirca
482 3957 601 4028 statuit
636 3955 800 4028 adhibere
830 3956 864 4024 in
895 3956 1092 4056 consilium¹
1114 3977 1224 4026 unum
1249 3975 1291 4024 ex

20 4042 54 4110 iis
79 4045 142 4132 qui
167 4059 264 4118 erant
290 4068 429 4117 secum:
457 4046 487 4115 is
511 4059 625 4116 autem
657 4059 730 4116 erat
753 4045 1008 4129 ArtemidoruS,
1034 4067 1095 4136 qut
1120 4045 1194 4133 jam
1217 4054 1291 4114 erat

20 4132 194 4216 Diaconus,
216 4136 267 4206 vir
286 4136 347 4223 qui
372 4135 492 4206 omnia
517 4135 656 4221 quidem
677 4133 861 4225 diligenter
880 4147 1077 4205 exercuerat
1100 4155 1190 4222 quae
1214 4154 1292 4223 per-

22 4220 121 4294 tinent
139 4223 184 4294 ad
202 4226 375 4296 virtutem.
403 4228 501 4294 Ilnus
515 4245 593 4294 vero
610 4222 713 4292 veluti
730 4225 928 4295 communis
942 4223 1084 4310 quidam
1111 4222 1205 4294 color
1220 4233 1292 4293 erat

22 4325 291 4404 contemperatus
326 4313 504 4390 omnibus,
540 4324 580 4382 ut
611 4324 700 4382 recte
724 4332 868 4402 gerens,
902 4313 991 4383 nulli
1024 4325 1113 4384 esset
1148 4313 1292 4382 omnino

45 4435 138 4480 'lette
152 4440 249 4484 urim.
