2954 4816
33 248 101 312 bnt.
117 249 156 311 26
295 255 297 258 ’
363 269 402 314 ua
427 270 454 316 s.
482 271 644 318 sreruuuo
670 268 915 318 raorouanrrau
1171 255 1234 319 teo

31 349 198 418 crudelitati
222 371 326 430 sune,
354 366 388 421 et
411 354 575 442 Stephani
599 353 770 425 desiderio
801 355 946 444 dignum
975 355 1171 444 imponunt.
1204 363 1279 447 lpse

31 439 104 506 euim
127 452 277 508 naturam
301 440 493 512 humanam
511 465 683 534 egressus,
701 445 804 514 etiam
822 457 1007 530 antequam
1025 444 1147 533 migret
1171 467 1279 516 ecor-

30 550 105 616 pore,
130 529 221 616 puris
240 529 354 601 oculis
369 531 455 600 coeli
479 531 569 604 sores
589 532 655 602 sibi
681 532 867 622 patefactas
891 531 1050 621 adspicit,
1078 545 1111 602 et
1137 536 1277 621 quaein

30 617 207 686 coelestibus
227 618 268 687 ad
298 618 343 688 tis
367 621 599 702 continentur,
626 621 850 708 divinamque
883 621 1049 712 gloriam.
1085 635 1118 690 et
1150 622 1280 711 gloriae

29 705 142 774 divinae
157 706 251 794 splen
280 727 376 778 orem
395 723 588 780 contuetur.
610 716 654 780 dc
679 724 841 800 paternae
860 711 1001 797 quidem
1027 710 1156 799 gloriae
1181 711 1279 782 nulla

29 793 121 882 figura
136 794 353 880 describitur,
374 797 618 888 sedsplendor
637 799 671 867 iu
697 821 737 870 ea
761 799 885 889 specie,
912 821 1017 885 quam
1047 798 1204 868 homines
1232 800 1280 869 vi-

29 882 139 964 deraut,
159 885 201 953 ab
216 883 359 966 athleta,
377 900 549 973 quatenus
565 889 721 959 humana
744 887 902 978 capiebat
919 901 1053 974 natura,
1074 890 1280 977 perspicuus

29 972 168 1040 cernitur.
199 978 245 1044 Ex
265 987 390 1045 natura
412 977 519 1066 igitur
549 978 701 1046 hominis
726 981 759 1046 in
785 975 977 1067 angelicam
1009 989 1277 1058 transmutatus,

29 1059 98 1128 adeo
112 1074 146 1130 ut
160 1062 244 1150 ipsis
268 1065 374 1134 etiam
399 1064 585 1136 homicidis
605 1078 694 1136 esset
709 1066 942 1147 admirationi,
969 1066 1061 1156 quod
1086 1065 1189 1134 facies
1204 1068 1279 1155 ejus

32 1149 210 1237 Angelorum
234 1152 405 1242 dignitate
434 1155 582 1244 insignis
606 1154 773 1245 fulgeret,
808 1154 893 1224 vidit
921 1177 959 1224 ea
999 1175 1087 1240 quae
1118 1155 1280 1225 humanis

33 1238 122 1306 oculis
141 1241 231 1310 cerni
256 1263 327 1311 non
350 1257 506 1333 possunt,
526 1258 558 1313 et
582 1247 725 1334 gratiam
743 1267 763 1312 a
780 1266 816 1313 se
841 1255 1053 1335 perspectam
1080 1243 1277 1313 declaravit.

32 1327 133 1424 ltili,
153 1330 301 1400 occlusis
327 1331 484 1412 auribus,
516 1333 609 1422 quod
640 1334 857 1414 narrabatur,
881 1353 948 1401 non
969 1345 1187 1422 acceperunt.
1207 1339 1280 1415 Qua

32 1415 145 1498 quidem
170 1441 239 1488 una
263 1419 299 1487 in
322 1441 360 1489 re
383 1443 423 1491 ex
438 1432 506 1490 tam
534 1421 652 1491 multis
670 1445 705 1493 se
725 1435 814 1492 recte
838 1432 1031 1512 gesserunt.
1055 1420 1280 1492 Prolanorum

31 1504 104 1570 enirn
123 1527 217 1576 aures
235 1530 304 1578 non
332 1521 430 1578 erant
454 1509 591 1600 dignae,
611 1532 699 1599 quae
719 1510 856 1580 divinae
876 1511 924 1580 rei
950 1522 1146 1599 perspectae
1164 1532 1280 1580 narra·

32 1591 134 1660 tionem
155 1596 330 1666 audirent.
351 1597 412 1667 llle
435 1599 576 1686 quidem
594 1621 645 1682 ea,
663 1598 835 1691 quaesibi
856 1599 918 1668 soli
945 1620 1106 1668 concessa
1131 1598 1278 1680 luerent,

33 1680 285 1769 explicationem
317 1709 504 1758 commune
529 1709 743 1778 proponente,
773 1688 918 1778 gratiam
946 1688 1183 1776 praesentibus
1215 1691 1281 1758 im-

35 1770 156 1852 pertivit.
178 1802 189 1836 v
211 1779 298 1845 Ecce
318 1776 429 1857 video,
457 1778 630 1864 inquiens,
653 1777 765 1846 coelos
785 1790 933 1867 apertos,
951 1787 984 1844 et
998 1775 1114 1845 lesum
1133 1790 1281 1848 stantem

36 1857 169 1931 adextris
188 1863 327 1933 virtutis
342 1865 411 1934 Dei.
429 1889 447 1932 v
462 1867 532 1955 lpsi
551 1887 629 1935 vero
641 1866 830 1936 clamantes
847 1887 928 1935 voce
945 1886 1083 1964 magna,
1099 1867 1281 1936 continue-

37 1961 98 2042 runt
119 1971 213 2022 aures
234 1975 330 2034 suas,
357 1967 390 2024 et
415 1956 582 2044 impetum
608 1955 762 2025 fecerunt
785 1955 996 2025 unanimiter
1017 1974 1051 2021 vn
1077 1974 1169 2022 eum.
1193 1959 1281 2024 Bene

36 2031 161 2121 lustoria,
179 2062 267 2128 quae
293 2042 336 2111 de
360 2043 446 2131 ipsis
471 2043 635 2132 loquitur,
662 2043 761 2114 sactis
778 2044 962 2113 clamorem
985 2042 1153 2132 adjunxit,
1174 2057 1282 2112 uteo-

39 2145 96 2223 rum
124 2133 334 2219 propositum
361 2132 615 2202 Sodomitarum
652 2134 824 2224 proposito
849 2132 963 2202 simile
987 2129 1209 2221 significaret.
1233 2133 1281 2201 Si·

39 2214 148 2294 quidem
172 2231 203 2288 et
237 2220 409 2310 flagitium
436 2222 604 2310 ipsorum,
634 2222 765 2291 elamor
802 2221 969 2291 irritantis
1000 2220 1193 2309 appellatus
1216 2233 1278 2290 est.

42 2298 144 2372 Clamor
164 2309 278 2390 enim,
310 2309 445 2396 iuquit,
474 2310 699 2380 Sodomorum
729 2323 762 2380 et
786 2309 1095 2380 Gomorrhaeorum
1122 2310 1213 2378 venit
1237 2311 1280 2379 ad

39 2407 90 2456 me.
105 2393 333 2466 clamaverunt
357 2401 366 2466 i
395 2399 464 2468 itur
487 2411 519 2466 et
545 2399 612 2479 isti,
639 2412 677 2469 ut
704 2421 823 2468 eorum
853 2399 885 2466 in
913 2397 1123 2487 Stephanum
1150 2397 1283 2468 clamor

37 2478 196 2552 audiretur.
227 2486 293 2554 Sed
322 2421 449 2555 athleta
478 2487 543 2558 sibi
571 2489 821 2577 parricidarum
851 2487 1087 2556 crudelitatem
1122 2487 1282 2574 prodesse

38 2585 89 2635 nou
118 2571 303 2728 ignorabat.
332 2576 463 2644 Etenim
489 2598 570 2646 cum
587 2577 631 2648 ab
656 2577 742 2667 ipsis
766 2576 921 2678 undique
952 2575 1126 2674 lapidibus
1155 2589 1282 2665 petere·

37 2659 119 2735 luti
163 2661 288 2733 lactum
317 2676 493 2752 tamquam
519 2687 703 2746 eoronam,
729 2665 890 2734 victoriae
916 2686 1122 2752 praemium,
1157 2665 1191 2732 in
1224 2665 1283 2733 ad-

38 2749 234 2821 versariorum
262 2752 427 2823 manibus
450 2766 641 2824 contextam
660 2755 821 2842 suscepit.
851 2753 996 2823 Proinde
1021 2752 1210 2823 benedictis
1225 2775 1282 2824 eos

38 2842 249 2929 remuneravit,
267 2842 454 2932 indignum
480 2843 693 2923 existimans,
717 2865 801 2921 rem,
827 2865 916 2930 quae
932 2842 1126 2942 gerebatur,
1149 2855 1283 2912 contra-

37 2941 90 2988 nos
103 2927 202 3000 exitus
222 2930 266 2999 ita
294 2933 426 3018 partiri,
461 2944 499 3001 ut
526 2933 592 3002 sibi
626 2933 743 3012 vitam,
770 2931 976 3000 adversariis
1000 2945 1114 3000 autem
1140 2932 1282 3001 exitium

38 3011 157 3110 ulceret,
174 3032 205 3087 et
224 3041 263 3088 ex
288 3019 359 3089 illis
383 3021 504 3101 bonis,
531 3021 660 3108 quibus
689 3021 762 3111 ipse
786 3020 914 3110 dignus
930 3020 1133 3100 alliceretur,
1154 3021 1280 3102 hostes,

37 3116 83 3180 qur
97 3124 203 3175 corum
222 3110 390 3179 bonorum
408 3110 475 3179 sibi
490 3121 645 3181 auctores
669 3121 794 3190 essent,
814 3109 1019 3178 exciderent.
1038 3109 1092 3178 Sic
1109 3110 1283 3179 Christum

39 3191 211 3283 respiciens,
236 3199 310 3280 eis,
338 3220 356 3267 a
380 3198 509 3285 quibus
538 3221 558 3268 o
587 3198 820 3289 pugnabatur,
848 3198 1009 3298 prodesse
1041 3197 1174 3266 didicit.
1200 3203 1283 3269 llam

40 3280 234 3372 simulatque
251 3286 451 3357 tolerantiae
469 3222 699 3378 legisllatorem
717 3288 884 3377 adspexit,
912 3287 1071 3356 meminit
1094 3309 1213 3356 earum
1240 3285 1285 3356 le·

41 3383 115 3449 Sum.
140 3373 262 3460 quibus
286 3376 455 3467 jubemur
480 3377 641 3448 inimicos
668 3375 831 3467 diligere,
865 3388 897 3445 et
922 3374 1120 3445 benefacere
1157 3376 1200 3444 iis
1224 3376 1285 3462 qui

41 3452 162 3530 oderunt
184 3485 256 3549 nos,
275 3477 308 3534 et
333 3467 464 3557 precari
491 3487 552 3556 pro
572 3466 615 3535 iis
634 3465 693 3552 qui
714 3489 777 3537 nos
793 3478 1059 3553 persequuntur.
1086 3469 1211 3532 Verum
1228 3464 1284 3533 hic

42 3541 142 3639 athleta
165 3573 228 3621 non
253 3555 390 3644 capitur
404 3555 568 3624 humanis
591 3554 767 3625 laudibus.
789 3559 903 3642 Neque
919 3555 1011 3622 enim
1029 3575 1108 3622 eum
1125 3553 1284 3622 certami-

44 3647 84 3699 ssts
100 3634 192 3708 linem
208 3643 420 3732 propositum
447 3643 579 3725 habuit,
606 3657 644 3713 ut
668 3643 711 3713 ab
728 3644 929 3713 hominibus
951 3642 1096 3733 gloriam
1122 3663 1284 3728 asseque-

44 3731 133 3791 retur:
160 3729 214 3798 sed
239 3733 347 3802 animi
372 3732 576 3819 virtutisque
611 3732 850 3822 magnitudine
885 3744 993 3802 totum
1025 3730 1196 3800 muudum
1229 3752 1285 3798 su-

47 3825 226 3900 pergressus
254 3821 448 3910 posthabita
471 3834 503 3890 et
527 3819 681 3911 neglecta
700 3820 795 3890 omni
826 3819 993 3890 laudandi
1019 3821 1161 3899 ratione,
1187 3839 1285 3888 men-

47 3911 138 3970 suram
163 3905 328 3979 humanae
348 3909 519 3980 facultatis
544 3910 729 4000 superavit.
1261 3995 1266 4007 1

80 3987 183 4087 510.
206 3999 431 4080 Quamobrem
457 4000 614 4068 omnium
641 3999 821 4069 hominum
847 3997 1075 4068 celebratione
1092 3996 1215 4066 habeat
1238 4018 1285 4063 vr·

49 4082 152 4173 clonae
168 4089 333 4172 praemia,
369 4088 536 4176 nobisque
560 4087 723 4167 historia,
750 4109 854 4174 quam
881 4086 923 4155 de
946 4087 1022 4176 ipso
1051 4085 1282 4184 conscriptam

52 4153 181 4264 lllltnus,
201 4175 242 4244 ad
265 4177 461 4248 animorum
487 4177 632 4247 salutem
651 4176 849 4267 opituletur.
873 4174 1171 4258 Quemadmodum
1190 4195 1283 4244 enim

56 4253 180 4342 dulles,
204 4265 262 4350 qui
287 4264 403 4337 donati
435 4266 540 4348 rude,
570 4279 678 4334 artem
702 4265 903 4346 desierunt,
938 4266 973 4333 in
1007 4263 1177 4354 palaestra
1208 4284 1285 4333 eru-

58 4329 131 4411 dtunt
144 4348 288 4434 iuvenes,
310 4375 377 4442 quo
402 4355 566 4445 agilitatis
590 4355 735 4424 artificio
760 4354 1020 4424 colluctantium
1039 4353 1286 4442 prehensiones
