3046 4838
931 96 957 143 ὁ

67 274 132 340 ott.
154 275 166 338 l
433 293 473 340 os
496 289 522 338 s.
543 293 648 342 rurore
672 295 721 340 ur.
747 291 879 342 norton.
1205 279 1247 341 te

66 377 184 454 retinete,
207 375 285 444 baec
308 375 392 446 liliis
415 390 448 446 et
472 377 591 446 vicinis
616 379 736 448 vestris
754 390 902 456 narrate,
927 377 1011 446 haec
1028 393 1293 448 commemorate

65 465 217 546 vobiscum,
233 485 307 534 cum
326 464 454 535 sedetis
476 467 509 534 in
530 466 691 537 domibus
717 467 849 548 restris,
867 477 994 536 etcum
1015 466 1214 537 ambulatis:
1231 489 1293 538 nec

64 553 276 622 obliviscamini
293 576 416 624 eorum
433 555 467 624 in
484 555 587 625 rebus
608 557 794 646 prosperis,
814 554 873 626 sed
890 559 995 624 Deum
1012 577 1148 644 semper
1163 555 1290 639 timete,

62 641 98 711 illi
117 639 171 713 soli
199 643 334 724 servite,
364 665 407 712 nc
441 645 610 714 irascatur
645 657 764 714 contra
790 666 848 714 vos
878 643 974 714 suror
998 643 1086 732 eius.
1114 645 1292 727 Noveritis,

61 753 120 798 enm
140 731 298 800 custodire
315 745 455 821 pactum
480 745 512 802 et
536 733 810 803 misericordiam
836 731 918 813 illis,
939 733 999 822 qui
1023 754 1102 802 eum
1129 732 1292 824 diligunt,

60 831 85 887 ct
101 818 278 888 custodiunt
312 821 601 908 mandataque,
628 841 818 910 omnesque
844 820 894 891 eis
929 821 1063 890 aulerre
1096 821 1293 911 languores.

59 907 182 978 ludiatis
203 910 337 978 beatum
361 910 526 979 loannem
547 909 759 1000 Apostolum,
778 909 973 980 dicentem:
1001 912 1188 981 Novissima
1212 912 1296 981 bora

59 1006 102 1064 ut.
119 997 216 1066 dabie
233 998 377 1088 diligere
391 1000 577 1070 mundum:
599 1002 664 1068 cito
689 1001 775 1068 enim
796 1002 928 1080 transit,
956 1011 987 1068 et
1010 1002 1116 1068 omncs
1140 1003 1296 1090 cmrcupc'-

57 1087 157 1154 nertio
175 1087 253 1176 ejus.
278 1089 396 1158 Facite
418 1091 625 1158 voluntatem
651 1091 720 1168 Del,
741 1099 779 1158 ut
805 1089 972 1157 mancatis
995 1090 1031 1156 in
1055 1098 1240 1170 oeternum,
1263 1100 1296 1158 et

58 1173 181 1242 lubeatis
200 1175 382 1263 fiduciam,
405 1199 480 1246 cum
500 1179 723 1268 apparuerit,
749 1198 788 1245 ne
811 1177 1066 1265 conlundumini
1088 1179 1124 1245 c'n
1147 1177 1295 1248 adventu

58 1263 225 1349 gosleno
246 1287 303 1334 oos
326 1267 479 1335 seducat.
505 1268 571 1348 Qui
591 1268 675 1354 [coit
689 1267 882 1356 justitiam,
904 1267 1020 1355 justus
1043 1276 1101 1336 est.
1124 1267 1190 1348 Qut
1209 1269 1295 1355 fucit

55 1361 212 1438 peccatum,
237 1377 282 1422 ca:
305 1354 440 1424 diodoto
464 1365 511 1424 est
533 1355 582 1443 (l.
607 1360 660 1424 Jo.
689 1378 713 1424 u
739 1365 771 1424 et
797 1353 860 1444 111).
894 1359 933 1422 Et
969 1375 1084 1422 revera
1114 1367 1294 1443 peccatum

57 1459 146 1521 omne,
169 1440 232 1511 sire
254 1441 402 1524 furtum,
427 1443 498 1512 sive
520 1442 744 1524 adulterium,
764 1443 833 1514 sive
857 1441 1091 1522 mendacium,
1119 1443 1193 1514 sine
1213 1443 1294 1514 dae·

58 1529 148 1596 monis
167 1531 356 1619 operatione
370 1552 441 1600 non
458 1531 507 1601 fit.
525 1537 679 1612 Pensate,
699 1553 838 1622 quaeso,
856 1552 961 1620 quam
978 1530 1211 1621 perniciosum
1236 1533 1292 1614 sit,

57 1613 163 1685 diaboli
182 1639 275 1708 opera
294 1621 467 1700 exercere,
486 1621 631 1708 e'usque
656 1621 857 1711 participem
883 1619 970 1700 fieri,
999 1642 1067 1691 non
1092 1619 1232 1708 quidem
1259 1623 1294 1690 iu

58 1706 163 1804 requie,
178 1708 229 1777 sed
252 1710 286 1777 iu
316 1709 440 1798 poenis
463 1643 652 1798 gebennas.
670 1714 789 1799 ltaque
812 1707 1027 1798 quotiescum
1054 1730 1096 1778 ue
1116 1709 1151 1778 in
1176 1731 1296 1800 pecca·

59 1805 117 1890 tum
129 1795 274 1880 inciditis,
291 1797 401 1868 nolite
417 1797 592 1868 mortifera
610 1798 793 1868 securitate
804 1810 1011 1888 exspectare,
1030 1731 1139 1868 donec
1152 1797 1295 1869 vulnera

60 1902 117 1978 ipsa
140 1895 340 1970 putrescant:
368 1907 431 1956 nec
449 1885 517 1956 alia
540 1887 676 1958 addatis
701 1897 852 1978 peccata:
873 1886 933 1957 sed
957 1888 1121 1957 contiuuo
1143 1909 1202 1978 per
1218 1911 1294 1978 poe·

62 1973 190 2042 nruotiac
219 1975 473 2046 confessionem
505 1976 695 2046 remedium
722 1976 818 2046 vobis
849 1975 1014 2046 adhibere
1048 1975 1227 2064 lestipetis.
1256 1983 1295 2047 ln

64 2059 172 2146 magnis
184 2063 343 2137 virtutum
357 2064 528 2134 exercitiis
543 2087 680 2154 semper
700 2086 851 2135 crescere
866 2064 1048 2134 nitamini:
1078 2075 1116 2134 ut
1142 2065 1203 2153 qui
1231 2065 1297 2136 luit

65 2142 196 2218 hacteuus
214 2154 402 2244 superbus,
430 2153 474 2223 sit
493 2153 565 2239 jam
591 2153 753 2224 humilis:
780 2155 839 2241 qui
862 2165 934 2223 erat
958 2163 1123 2224 scortator
1146 2167 1178 2222 et
1198 2153 1297 2222 adul·

64 2243 110 2314 ῑθΐ,
125 2237 161 2308 stt
179 2255 314 2313 castus:
343 2241 405 2330 qui
429 2241 559 2312 solebat
581 2241 689 2318 furari
717 2255 749 2313 et
778 2241 894 2312 tollere
914 2263 968 2312 res
992 2242 1134 2322 alionas,
1154 2242 1298 2330 incipiat

61 2327 185 2412 proprias
205 2330 287 2401 dare
314 2331 529 2420 pauperibus
550 2342 585 2400 et
607 2331 779 2402 ecclesiis:
797 2331 856 2419 qui
871 2330 935 2400 luit
959 2331 1110 2412 invidus,
1130 2330 1174 2400 sit
1198 2329 1297 2400 beui-

59 2432 149 2510 gnus:
170 2419 221 2504 qui
244 2420 316 2490 luit
340 2419 509 2499 ebriosus,
529 2419 574 2490 sit
597 2419 756 2489 sobrius:
777 2419 838 2508 qui
859 2420 1059 2502 iracundus,
1080 2420 1213 2509 patiens
1238 2420 1294 2490 sit.

58 2503 84 2566 St
97 2503 160 2590 quis
172 2507 262 2578 alteri
286 2507 390 2578 saciat
413 2507 590 2595 injuriam,
609 2507 676 2577 cito
696 2507 829 2577 veniam
875 2519 958 2578 etat:
984 2509 1043 2577 cui
1068 2509 1195 2601 injuria
1212 2509 1295 2578 irro-

53 2603 113 2690 gata
132 2606 184 2673 est,
199 2597 336 2686 absque
360 2618 455 2666 mora
473 2597 632 2676 remittat,
653 2609 690 2666 ut
703 2595 805 2667 etiam
823 2529 874 2666 illl
893 2596 1096 2667 remittatur.
1116 2603 1155 2666 Et
1173 2597 1298 2688 quidni

53 2681 128 2749 tratri
159 2707 282 2774 parom
320 2684 491 2766 remittat,
519 2696 557 2754 ut
581 2684 630 2753 illi
665 2690 754 2754 Deus
782 2699 887 2755 totum
915 2687 1085 2756 remittere
1109 2686 1298 2776 dignetur?

51 2769 117 2836 lam
137 2785 167 2842 ct
187 2773 251 2844 boc
267 2773 507 2863 eleemosynae
524 2795 634 2864 genus
651 2788 713 2854 est,
733 2787 771 2844 ut
790 2773 946 2863 ignoscat
965 2775 1044 2864 quis
1061 2797 1101 2844 ex
1125 2775 1242 2846 animo
1265 2776 1298 2848 ei

51 2877 135 2945 aquo
151 2859 263 2934 laesus
289 2875 350 2932 est.
379 2863 475 2945 Quod
501 2863 529 2932 si
546 2862 626 2952 quis
650 2863 735 2932 adeo
761 2883 891 2952 pauper
905 2876 966 2942 est,
989 2876 1028 2932 ut
1048 2863 1133 2932 nibil
1160 2865 1295 2947 habeat,

50 2946 125 3016 uude
144 2951 357 3042 corporalem
385 2963 532 3040 praestet
555 2952 828 3040 eleemosynam:
851 2951 1131 3042 quandoquidem
1151 2953 1223 3022 tieri
1244 2955 1300 3023 vix

49 3047 148 3130 potest,
165 3054 203 3111 ut
226 3061 297 3110 non
323 3039 503 3130 abaliquo
527 3039 697 3110 alliciatur
720 3039 860 3128 injuria,
881 3043 910 3110 si
930 3061 970 3110 ex
995 3041 1111 3110 animo
1135 3041 1300 3112 omnibus

48 3143 74 3189 ru
96 3125 202 3213 ipsum
223 3129 450 3218 peccantibus
465 3129 625 3210 remittat,
647 3151 709 3200 nec
732 3139 849 3198 contra
874 3129 986 3200 ullum
1009 3131 1041 3198 in
1061 3129 1163 3198 corde
1179 3129 1298 3199 odium

48 3213 180 3298 retinmt,
208 3217 269 3288 sed
294 3239 416 3288 omnes
440 3217 562 3307 diligat
578 3230 616 3288 ut
633 3219 798 3306 seipsum:
819 3215 853 3286 id
873 3219 904 3286 ei
931 3217 1174 3308 proculdubio
1194 3219 1300 3286 maxi-

49 3319 109 3395 mae
123 3303 359 3396 eleemosynae
382 3306 456 3376 loco
479 3308 526 3376 im
556 3306 719 3376 utabitur.
740 3310 781 3376 Ut
804 3317 917 3376 autern
939 3306 1161 3396 peccantibus
1182 3308 1216 3375 in
1236 3327 1299 3376 nos

48 3384 191 3486 libentius
215 3397 452 3486 ignoscamus,
473 3329 658 3466 audiamus
680 3393 766 3484 quid
791 3395 945 3466 Christus
968 3395 1062 3464 dicat
1086 3396 1119 3464 in
1146 3400 1299 3485 Evange-

49 3473 104 3544 lio:
131 3485 168 3552 Si
189 3485 397 3564 cimonem,
425 3483 549 3573 inquit,
576 3484 763 3554 bominibus
789 3495 929 3575 peccato
949 3505 1074 3564 eorum,
1101 3485 1246 3554 dimittet
1269 3495 1302 3554 et

50 3567 355 3644 vuorarervecter
374 3575 521 3646 coelestis
546 3574 670 3644 delicto
684 3583 806 3644 oestro.
829 3575 868 3644 Si
889 3585 1003 3644 nutent
1025 3597 1089 3642 oon
1105 3573 1301 3652 dimiseritis

51 3652 227 3743 luminibus,
243 3685 303 3732 nec
315 3667 417 3732 Putcr'
429 3673 537 3734 vester
551 3663 696 3734 dimittet
710 3663 802 3732 vodis
813 3674 955 3752 peccato
965 3673 1077 3732 oestro
1091 3662 1224 3752 (lluttlt.
1241 3661 1299 3764 vr).

84 3746 100 3830 l
122 3751 197 3820 n.
222 3773 241 3818 c
267 3755 374 3822 Nemo
395 3773 477 3842 ergo
500 3773 537 3824 se
559 3751 666 3834 sallat,
686 3773 787 3822 nemo
804 3773 840 3821 se
854 3749 1025 3841 decipiat:
1044 3754 1124 3840 quia
1141 3753 1303 3852 quisquis

52 3831 91 3899 iel
114 3857 216 3908 onum
242 3839 418 3910 bominem
443 3839 515 3910 odit
538 3841 575 3910 in
595 3840 660 3910 hoc
684 3839 837 3919 mundo,
864 3840 1029 3931 quicquid
1067 3841 1203 3910 interrm
1237 3847 1304 3912 Deo

53 3917 161 4020 bonio
203 3928 252 3998 ris
278 3927 400 4008 offert,
431 3940 537 3998 totum
563 3929 686 4018 perdit.
718 3935 789 4001 Non
814 3930 907 3998 enim
938 3929 1101 4000 mentitur
1125 3931 1305 4020 Apostolus

56 4011 154 4081 terrrbi
171 4015 230 4086 iter
244 4015 421 4086 olamans:
441 4020 507 4099 Qui
527 4021 668 4107 fratrem
684 4041 783 4088 suum
803 4019 884 4100 odit,
908 4019 1075 4089 homicida
1090 4029 1149 4100 cot,
1167 4030 1198 4088 ct
1214 4043 1307 4090 men·

19 4075 21 4162 l
57 4096 114 4166 dcc
141 4115 207 4186 cst,
233 4117 264 4175 et
296 4107 501 4176 intenebris
533 4109 684 4176 ambulat
711 4111 758 4191 (l.
777 4113 829 4176 Jo.
853 4113 916 4191 111).
943 4114 1017 4191 Quo
1054 4107 1128 4176 loco
1167 4107 1306 4180 fratrem

59 4203 169 4272 oportet
190 4215 328 4264 omnem
350 4193 526 4264 bominem
544 4195 709 4286 intelligi:
733 4217 853 4265 omnes
871 4197 963 4266 enim
985 4198 1019 4266 in
1038 4195 1170 4266 Christo
1186 4195 1309 4267 fratres

62 4291 172 4350 sumus.
197 4287 265 4372 Ego
290 4295 420 4362 autem,
442 4281 573 4366 fratres,
600 4285 641 4354 ad
678 4285 898 4354 inimicorum
926 4285 1142 4354 dilectionem
1179 4284 1309 4354 idcirco

63 4373 212 4455 tantopere
234 4395 292 4443 vos
317 4371 475 4450 adhorto‚
493 4373 584 4460 quod
610 4373 652 4442 ed
680 4371 834 4444 sananda
853 4384 1069 4463 peccatorum
1086 4372 1238 4450 vulnera,
1256 4375 1309 4439 vix

125 4487 259 4548 surus·
278 4487 622 4554 tuaest-tonsu.
926 4515 930 4522 ·
1209 4487 1229 4546 t
