2946 4798
258 265 320 332 bil
640 283 678 328 no
703 283 731 330 s.
758 281 918 328 uincente
943 281 1064 328 soosrs
1299 249 1361 315 bil.
1377 247 1402 308 il

212 367 243 437 ei
259 367 378 437 omnia
396 365 500 436 simul
525 365 619 448 dicit,
640 378 788 456 partum,
816 365 1137 447 inflammationem,
1156 382 1248 451 super
1268 349 1400 424 notaclltt·

213 468 252 526 ut
275 456 394 544 ajunt,
421 455 529 524 aciem
556 467 645 526 sture
665 454 858 525 mulierem.
885 453 973 538 Quid
999 453 1144 524 deinde?
1167 457 1238 522 Cum
1260 439 1403 539 papenbe-

214 544 401 615 nedixisset
418 565 565 635 maguus
585 543 643 614 ille
660 543 853 624 Marcellus,
870 543 902 613 ei
919 541 1035 625 donat,
1057 556 1091 613 et
1105 543 1198 634 jubet
1219 558 1284 607 eum
1305 547 1403 621 ponu-

214 656 278 724 pra
296 646 416 736 pectus
436 633 603 704 mulieris.
622 632 684 702 llle
709 655 786 704 vero
806 631 884 702 lecit
904 631 997 720 quod
1021 633 1052 702 ei
1077 633 1267 723 imperatum
1288 621 1404 691 luentzat

214 733 373 813 protinus
397 721 511 793 inians
534 721 710 880 e‘greditur
733 745 773 792 ex
797 734 913 802 utero,
940 735 973 790 et
997 720 1102 792 febris
1125 744 1143 790 e
1166 735 1297 806 corpore.
1314 709 1356 817 llle¹
1368 727 1403 772 u·

215 826 282 882 tem
298 824 473 898 tamquam
487 833 528 881 ex
557 833 633 881 ossa
647 809 763 898 aliqua
781 824 841 882 aut
853 833 892 882 ex
910 809 1030 880 inseris
1049 823 1137 880 esset
1154 827 1280 884 reversa,
1294 799 1400 900 elluo.

215 900 339 1000 iuquit,
365 900 425 988 qui
452 900 541 969 mihi
554 899 664 970 adluit
681 899 885 981 monachus,
904 909 936 970 et
954 921 1007 968 me
1023 900 1176 970 curavit?
1190 895 1315 994 Ubilest,
1330 893 1399 970 unul.

215 1011 275 1076 qur
296 1009 406 1058 meam
428 990 579 1058 animam
605 990 748 1060 extraxit
763 988 807 1058 ub
823 988 966 1058 inserisl
986 1012 1004 1054 a
1026 991 1108 1060 Cum
1127 999 1233 1058 autem
1252 990 1404 1080 interrogat*

215 1089 282 1162 tur,
301 1077 475 1164 quisnam,
493 1088 526 1147 et
544 1077 639 1166 quali
663 1077 772 1148 lorma
798 1079 827 1147 is
851 1087 949 1158 esset,
971 1077 1084 1147 statim
1103 1076 1215 1146 omnia
1236 1069 1339 1146 retulit,
1355 1071 1406 1165 lg·

216 1189 312 1248 ram,
340 1165 507 1255 capillos,
535 1179 685 1248 vestem,
719 1165 890 1248 sormam,
916 1179 950 1236 et
972 1166 1091 1236 omnia
1114 1163 1284 1255 descripsit
1299 1168 1409 1256 oratione:

216 1255 311 1336 adeo,
339 1270 377 1324 ut
401 1255 451 1326 vel
477 1255 513 1337 ii,
539 1255 688 1343 quinon
715 1268 812 1326 eraut
836 1254 1024 1326 admodum
1047 1255 1226 1345 sapientes,
1251 1247 1410 1336 intelligam

216 1343 316 1415 illum
342 1344 457 1433 ipsum
478 1366 553 1415 esse
574 1343 771 1415 Marcellum
797 1343 1051 1416 admirabilem.
1073 1349 1180 1432 Atque
1201 1341 1256 1411 illa
1274 1335 1376 1434 quiden
1391 1347 1411 1393 u

217 1431 375 1534 Marcello
400 1432 450 1502 vel
475 1433 624 1534 absente·
641 1446 771 1504 tantum
793 1433 943 1510 fructum
959 1445 1011 1504 est
1029 1445 1221 1512 consecuta,
1239 1443 1273 1500 ut
1286 1435 1412 1520 pertplll

216 1534 248 1592 et
272 1535 392 1592 vixerit
415 1535 448 1592 et
472 1535 652 1612 pepererit.

261 1613 279 1697 ξ
304 1613 383 1681 ²².
411 1611 499 1694 Quid
521 1631 599 1680 vero
620 1610 816 1686 Eudoxius.
843 1611 902 1712 qui
933 1612 1006 1700 ipse
1025 1631 1163 1698 quoque
1187 1631 1249 1679 non
1273 1623 1382 1698 panus.
1398 1605 1413 1659 tt

216 1720 284 1769 nou
314 1721 417 1788 parva
442 1713 494 1770 est
512 1711 729 1780 consecutus,
753 1721 815 1770 uec
835 1698 1018 1788 ejusmodi,
1036 1711 1074 1768 ut
1098 1699 1169 1770 sint
1191 1697 1297 1769 leviter
1314 1683 1413 1786 consila-

216 1787 350 1858 rauda?
367 1787 429 1858 Sed
447 1787 513 1859 suit
536 1786 594 1858 ille
618 1788 759 1875 quidem
782 1787 844 1870 vir,
866 1789 926 1878 qui
945 1809 980 1858 se
993 1787 1191 1859 exercebat:
1218 1786 1270 1858 sed
1285 1793 1342 1854 erat
1357 1799 1377 1846 o
1390 1783 1414 1838 tn·

217 1891 290 1949 tum
316 1897 442 1968 corpus
467 1877 674 1960 relaxatum,
700 1889 733 1948 et
757 1875 889 1949 solutae
912 1889 1010 1946 orarit
1033 1899 1154 1948 omnes
1186 1878 1257 1968 ejus
1277 1881 1412 1959 compapt‘

217 1965 378 2125 Erecibus
393 1979 506 2036 antem
524 1978 557 2037 et
575 1965 740 2056 lacrymis
758 1966 874 2056 magui
895 1965 1057 2048 Marcelli,
1073 1979 1106 2036 et
1121 1966 1278 2038 adstricta
1291 1961 1415 2059 luituro-

243 2077 359 2126 rorum
385 2054 530 2125 solutio:
556 2067 589 2124 et
607 2055 699 2142 quod
717 2067 767 2124 est
792 2055 892 2155 louge
917 2054 1042 2145 majus,
1061 2057 1121 2142 qui
1139 2055 1241 2146 paulo
1255 2064 1320 2124 ante
1335 2065 1374 2138 Jal
1388 2041 1415 2134 ll

219 2143 252 2212 in
272 2143 369 2224 lecto,
390 2144 519 2214 missus
532 2156 583 2214 est
599 2158 636 2214 ut
652 2145 793 2215 serviret
812 2141 903 2214 aliis.
921 2143 1017 2226 Quod
1044 2165 1121 2214 vero
1145 2143 1260 2234 Angeli
1281 2157 1382 2230 quoqu
1395 2149 1416 2194 ⁵·

219 2232 291 2302 mul
324 2244 421 2301 erant
448 2255 529 2302 cum
559 2232 729 2315 Marcello,
755 2245 788 2302 et
813 2232 960 2302 maxime
984 2255 1063 2303 cum
1093 2233 1137 2303 ad
1162 2254 1275 2324 preces
1295 2223 1369 2300 acced
1413 2271 1414 2278 ,

218 2321 444 2392 declarabunt
459 2342 547 2408 quae
565 2343 643 2392 mox
668 2333 873 2408 sequuntur.
900 2319 1048 2404 Quidam
1065 2322 1216 2413 Sergius,
1236 2321 1289 2410 qui
1303 2321 1385 2408 ipseo
1412 2341 1417 2350 ·

218 2430 285 2496 quc
300 2422 454 2500 praeerat
474 2411 569 2501 gregi
587 2413 706 2500 capaci
718 2410 873 2492 rationis,
891 2421 923 2479 et
940 2409 980 2480 ad
1000 2410 1129 2480 flumen
1147 2409 1311 2482 habitabat
1324 2399 1388 2490 Enpl
1400 2426 1418 2458 ‹·

220 2511 300 2580 tem,
329 2499 412 2570 illuc
445 2521 583 2586 quoque
616 2499 707 2569 lama
738 2498 894 2570 veniente
917 2497 966 2568 de·
984 2499 1166 2581 Marcello,
1196 2500 1327 2570 efficitur
1347 2485 1419 2560 nolls

219 2601 351 2658 amator
375 2585 470 2660 illius
494 2587 641 2658 virtutis.
662 2592 745 2658 Cum
763 2599 877 2658 eutem
895 2586 984 2656 lama
1003 2587 1099 2658 illius
1123 2590 1235 2680 magis
1254 2566 1419 2668 crescantal

218 2677 293 2767 ejus
316 2697 454 2764 quoque
477 2689 699 2766 conspectum
718 2677 834 2748 venire
849 2675 1032 2748 desiderat.
1052 2681 1172 2764 ltaque
1188 2691 1347 2768 postquam
1360 2672 1419 2732 ull·

218 2780 250 2835 et
275 2787 345 2836 rem
371 2765 482 2854 ipsam
507 2765 713 2854 experientia
739 2765 870 2842 invenit
892 2785 968 2836 esse
999 2763 1092 2836 sama
1117 2767 1299 2857 majorem,
1323 2763 1421 2852 precatui

218 2865 269 2922 est
283 2855 355 2954 ipse
371 2875 508 2942 quoque
525 2877 604 2924 cuni
631 2853 801 2936 Marcello,
825 2865 934 2926 stante
951 2853 994 2924 ad
1011 2855 1213 2926 orationem.
1234 2861 1308 2927 Cum
1325 2835 1422 2949 ergolll

219 2942 401 3011 inclinaret
427 2953 543 3032 caput,
569 2955 602 3012 et
621 2943 879 3033 genuflecteret,
908 2942 965 3013 ille
988 2943 1129 3030 quidem
1163 2945 1303 3016 'acebatt
1323 2940 1363 3008 luc
1379 2944 1423 2994 tol

221 3029 309 3100 videt
325 3030 411 3101 illud
429 3031 644 3116 admirabile,
663 3031 750 3102 duos
769 3031 937 3120 quosdam
964 3043 1055 3102 veste
1075 2967 1254 3116 candidos,
1280 3031 1362 3102 sonna
1380 3037 1422 3086 llll

219 3132 450 3201 coruscantes,
470 3119 614 3212 Angelos
638 3119 769 3191 scilieet
790 3120 955 3278 utringue
974 3131 1115 3204 stantes,
1142 3134 1175 3192 et
1193 3145 1274 3194 eum
1295 3121 1374 3190 huno
1389 3103 1423 3174 tol·

220 3209 288 3278 lere
303 3221 335 3278 et
351 3207 541 3280 sublevare..
562 3214 668 3300 Atque
691 3209 805 3280 statim
823 3209 885 3300 qui
911 3231 963 3278 em
983 3208 1099 3282 vultus
1116 3211 1190 3299 ejus
1215 3211 1290 3282 luce
1311 3211 1422 3295 tanquan

219 3297 357 3390 fulgure
389 3310 440 3368 est
470 3297 682 3369 illustratus:
718 3297 947 3369 admiratione
976 3310 1089 3369 autem
1120 3300 1299 3390 perculsus
1318 3295 1424 3372 salrab

218 3388 369 3468 animus,
394 3409 524 3477 voxque
543 3401 594 3459 est
609 3387 640 3456 ei
657 3385 781 3466 ablata,
799 3398 833 3456 et
848 3386 1011 3457 manabat
1032 3387 1169 3470 sudore,
1188 3403 1222 3460 et
1243 3375 1423 3484 propernlllll

220 3475 390 3546 deductus
413 3488 464 3546 est
486 3475 529 3544 ad
557 3487 720 3547 mortem:
739 3475 823 3545 adeo
841 3475 953 3565 utqui
981 3475 1136 3560 aderant,
1165 3478 1252 3548 nihil
1278 3501 1310 3548 ex
1329 3475 1360 3543 its
1375 3475 1423 3552 quat

221 3562 278 3632 ille
294 3565 440 3646 videbat,
462 3563 627 3648 videntes,
649 3565 857 3634 mirarentur
880 3578 913 3635 et
929 3563 1139 3649 dubitarent,
1157 3579 1190 3638 et
1212 3568 1316 3638 virum
1336 3564 1424 3656 interd·

219 3665 340 3744 garent
364 3675 443 3723 cum
469 3664 619 3743 stupore.
637 3657 720 3724 Cum
745 3664 859 3724 autem
878 3652 1100 3736 audivissent,
1124 3677 1192 3726 nou
1215 3641 1422 3738 mionsonrlen

220 3741 381 3812 admirati
398 3754 480 3814 sunt
495 3742 692 3813 Marcellum
719 3755 858 3833 propter
877 3765 973 3814 suam
993 3744 1029 3814 iu
1051 3749 1157 3815 Deum
1175 3745 1343 3817 fiduciam:
1364 3741 1422 3804 lou

220 3854 310 3916 vero,
338 3843 477 3922 propter
492 3831 701 3903 ineffabilem
726 3831 927 3903 charitatem
953 3833 988 3901 in
1014 3832 1182 3904 homines.

264 3924 282 4010 ξ
306 3924 386 3993 28.
415 3925 460 3990 Ex
480 3921 535 3991 his
558 3933 591 3992 et
611 3921 796 4003 similibus,
817 3931 932 3992 tantus
956 3921 1022 3992 snit
1045 3924 1201 3993 omniurn
1224 3944 1316 3994 amor
1334 3921 1358 3989 in
1375 3913 1422 4002 llll·

220 4010 347 4081 cellum
365 4009 700 4100 cumadmiratione,
728 4023 765 4082 ut
789 4012 896 4080 instar
924 4011 972 4080 rei
996 4010 1146 4102 alicujus
1162 4011 1307 4094 divinae,
1328 4026 1369 4098 per
1383 4007 1421 4094 ott

222 4121 345 4170 nomen
366 4097 615 4190 jusjurandum
632 4099 863 4190 conciperent,
883 4122 949 4169 nou
968 4099 1081 4172 solum
1098 4101 1168 4184 alii,
1189 4101 1248 4172 sed
1267 4101 1349 4174 etian
1365 4097 1422 4180 prm

220 4209 258 4256 ex
288 4189 349 4270 iis,
376 4189 436 4276 qui
461 4211 498 4258 se
521 4189 741 4260 exercebant:
770 4200 803 4258 et
827 4189 876 4260 vel
902 4188 1002 4260 illum
1024 4189 1136 4260 solum
1162 4190 1300 4274 videre,
1320 4185 1421 4270 nagllll

221 4295 294 4372 esse
319 4276 506 4360 ducerent,
533 4277 630 4348 etde
662 4300 731 4367 quo
754 4289 842 4348 esset
870 4279 993 4348 acriter
1020 4279 1310 4352 contendendum.
1331 4279 1385 4343 lun
1400 4255 1421 4326 al

222 4362 331 4432 lllrseo
348 4365 547 4454 aliquando,
565 4369 623 4456 qui
644 4370 861 4450 monasterio,
889 4367 980 4457 quod
998 4381 1070 4440 erat
1086 4370 1121 4440 in
1140 4373 1254 4457 llessa,
1282 4356 1421 4460 praeeram
