2946 4798
35 265 100 328 bnt,
122 265 160 328 27
355 283 394 330 on
418 283 445 330 s.
472 283 592 331 roenna
617 285 667 330 ne.
694 283 908 330 urerentur..
1159 269 1223 333 tto

33 381 91 435 ante
116 365 228 447 solem,
260 365 321 454 qui
353 368 482 438 caecati
514 367 660 438 suntad
691 366 893 436 lucernamt
916 368 1093 447 Quomodo
1125 369 1267 440 tonitrui

32 456 193 524 sustineant
215 455 378 537 sonitum,
400 457 460 543 qui
484 454 677 546 clangentis
693 457 797 526 tubae
817 456 953 546 pondus
972 456 1059 527 serre
1080 471 1265 545 nequeunt,

30 543 115 700 imago
140 544 196 631 qui
229 565 436 634 suppressae
466 567 505 613 ac
543 555 750 635 temperatae
783 546 956 614 humanae
993 546 1085 615 vocis
1119 546 1267 617 exilitate

30 655 74 700 sur
95 645 217 703 escunt.

60 722 131 806 §³-
156 727 334 812 Propterea
359 723 465 813 igitur
485 721 691 813 Redemptor
715 735 829 792 noster
848 722 1012 793 dilectum
1038 723 1104 792 sibi
1125 724 1268 814 speciali

29 811 234 902 praerogativa
254 810 483 902 Discipulum,
501 811 543 880 ad
564 811 808 882 declarandam
829 833 911 881 suae
935 812 1124 882 divinitatis
1150 834 1268 882 essen-

28 897 92 966 tiam
106 898 271 986 quoddam
297 900 397 989 qnasi
413 921 583 991 organum
600 899 691 982 lecit,
709 914 810 992 atque
827 911 865 972 ut
889 901 945 970 hic
969 900 1156 991 suppleret,
1175 902 1267 988 quod

27 985 59 1052 ad
75 999 194 1145 tempus
211 990 287 1078 ipse
302 989 469 1060 Dominus
493 988 723 1078 dispensative
746 1003 997 1091 suppresserat,
1019 990 1159 1060 sibimet
1175 991 1267 1061 vica-

27 1075 100 1144 rium
142 1077 313 1164 ereliquit‚
346 1090 517 1166 quatenus
540 1077 672 1168 expleto
707 1077 901 1167 passionis,
929 1101 968 1148 ac
993 1079 1265 1161 resurrectionis,

27 1166 278 1253 ascensionisque
296 1167 470 1267 mysterio,
491 1179 567 1256 post
586 1167 748 1236 tredecim
769 1165 838 1236 lere
861 1188 1031 1237 annorum
1047 1167 1168 1250 lustra,
1185 1190 1267 1238 cum

24 1272 83 1406 kam
103 1253 247 1325 videlicet
272 1250 432 1325 homines
454 1255 649 1325 liberiorem
674 1255 718 1325 ad
742 1255 990 1346 capessendam
1011 1257 1185 1327 veritatem
1206 1257 1268 1326 ha·

47 1355 122 1410 erent
144 1345 266 1414 mentis
291 1343 462 1425 obtutum,
490 1344 547 1412 hic
574 1345 791 1416 coessentiali
814 1357 847 1414 et
877 1345 1046 1415 coaeterni
1075 1349 1141 1416 Deo
1169 1347 1268 1416 llerbi

27 1429 162 1514 panderet
175 1445 446 1514 sacramentnm,
465 1432 603 1503 dicens:
622 1439 663 1504 ln
684 1436 850 1526 principio
874 1444 947 1503 erat
976 1435 1125 1516 Verbum,
1141 1446 1172 1505 et
1194 1440 1268 1505 Ver-

26 1517 85 1586 lam
105 1532 169 1590 erat
192 1523 288 1614 apud
311 1527 427 1601 Deum,
450 1532 482 1592 et
505 1527 592 1592 Deus
616 1533 689 1593 eret
717 1525 855 1592 Verbum
877 1524 990 1613 (Joao.
1007 1522 1044 1611 1).

58 1608 128 1692 §d
153 1614 334 1680 Humanae
357 1611 487 1712 quippe
515 1611 762 1682 imbecillitatis
785 1612 869 1682 ordo
893 1611 1074 1702 poscebat,
1106 1624 1144 1682 ut
1163 1614 1267 1701 ,prius

26 1692 124 1766 Christi
138 1698 364 1770 humanitatis
381 1699 581 1790 primordia,
603 1722 758 1782 cursum,
775 1701 1177 1788 consummationemque
1192 1725 1267 1791 per-

27 1801 161 1880 nosceret,
194 1787 365 1858 miracula
394 1788 509 1870 etiam,
535 1810 624 1877 quae
654 1789 887 1860 inhominem
919 1790 1036 1890 gessit,
1062 1788 1264 1873 addisceret,

28 1891 119 1967 stoque
133 1877 298 1966 paulatim
320 1877 363 1946 ad
382 1877 949 1966 comprehendendumdivinitatis
972 1877 1126 1948 occultae
1144 1891 1268 1968 myste-

28 1979 107 2042 rium,
123 1966 190 2035 suis
210 1979 365 2056 vegetata
391 1967 608 2055 provectibus
624 1966 828 2057 adspiraret.
848 1972 1062 2057 Quapropter
1076 1967 1185 2036 divini
1203 1966 1270 2038 snit

28 2067 109 2120 causa
124 2054 269 2136 consilii,
292 2066 330 2124 ut
348 2055 472 2124 caeteri
496 2061 585 2125 llvan
613 2055 742 2138 elistae,
759 2055 820 2143 qui
844 2058 878 2124 iu
904 2056 1131 2126 describenda
1155 2055 1266 2125 Salva·

30 2137 92 2206 toris
110 2141 319 2214 humanitate
343 2143 465 2214 versati
488 2079 699 2234 suntlonge
725 2145 984 2234 praecederent;
1002 2145 1150 2214 loannes
1175 2166 1265 2226 vero,

31 2243 92 2323 tutu
109 2229 257 2303 homines
275 2245 453 2321 tamquam
481 2233 594 2322 primo
615 2233 779 2304 lactantes
799 2233 953 2304 firmiora
969 2234 1041 2321 jam
1059 2235 1093 2303 in
1113 2235 1165 2302 via
1183 2235 1267 2303 veri-

34 2323 96 2414 tatis·
115 2322 246 2412 vestigia
272 2321 430 2411 figerent,
452 2343 510 2391 eos
541 2321 583 2390 ad
600 2322 914 2392 ‘conscendendam
939 2322 1074 2392 divinae
1105 2323 1268 2392 scientiae

30 2415 142 2498 gratum
160 2424 385 2498 promoveret.
406 2416 501 2480 Hanc
516 2409 666 2498 denique
683 2411 994 2500 supereminentem
1010 2411 1146 2480 divinae
1159 2413 1267 2481 scien-

29 2499 77 2585 tiae
95 2495 325 2568 celsitudinem
353 2513 434 2570 tunc
457 2499 624 2570 divinitus
648 2501 818 2570 illustrata
845 2512 956 2569 mente
979 2501 1156 2590 concepit,
1186 2521 1265 2600 curn

27 2597 52 2642 tn
72 2601 296 2658 sacrosanctae
326 2589 489 2678 mysticae
508 2611 634 2659 coenae
657 2589 814 2658 convivio
838 2610 943 2679 supra
965 2601 1083 2678 pectus
1111 2590 1268 2659 recubuit

28 2667 244 2765 Redemptoris.
271 2681 312 2746 Et
334 2677 417 2765 quia
442 2679 476 2747 in
503 2690 637 2766 pectore
667 2683 751 2748 lesu
774 2690 856 2747 sunt
880 2699 1000 2748 omnes
1034 2677 1184 2747 thesauri
1213 2699 1267 2747 sa-.

28 2761 147 2852 pientiae
160 2778 191 2835 et
206 2767 371 2838 scientiae
390 2766 595 2848 absconditi,
613 2788 653 2836 ex
678 2766 736 2836 illo
752 2766 890 2836 coelesti
910 2765 1156 2856 gazophylacio
1173 2787 1268 2835 sum-

27 2863 96 2942 nam
112 2855 215 2938 traxit,
235 2855 330 2925 unde
348 2867 482 2924 nostrae
500 2855 710 2944 paupertatis
732 2856 886 2944 inopiam
906 2856 1044 2945 copiosa
1064 2854 1268 2925 liberalitate

27 2929 131 3006 ditavit.
149 2946 192 3012 Ex
214 2944 277 3014 illo
298 2943 475 3034 (inquam)
495 2943 595 3014 nobis
617 2944 750 3014 aerario
773 2944 972 3014 divitiarum
998 2945 1115 3033 copias
1140 2943 1265 3026 attulit,

25 3031 48 3116 tt
67 3024 94 3092 in
117 3051 332 3103 communem
358 3032 461 3102 totius
486 3032 609 3101 mundi
634 3032 779 3102 sal-utem
805 3033 891 3102 bene
916 3031 1082 3124 prodigus
1101 3033 1265 3124 erogavit:

27 3127 109 3182 trumo
131 3139 230 3209 super
254 3121 381 3191 sontem
404 3121 565 3210 perennis
580 3122 668 3190 vitae
693 3120 861 3201 recubuit,
881 3133 918 3189 ut
935 3133 968 3190 et
987 3121 1061 3210 ipsc
1081 3134 1163 3192 tnnc
1180 3143 1269 3192 sem-

26 3215 71 3282 per
93 3211 255 3280 manantia
273 3210 402 3280 lluenta
426 3209 564 3279 divinae
581 3209 757 3279 doctrinae
783 3209 947 3291 hauriret,
967 3222 1000 3278 et
1023 3210 1141 3280 eadem
1168 3211 1269 3280 nobis

28 3295 215 3368 postmodnm
241 3297 392 3388 praefixo
417 3299 499 3369 certi
524 3311 590 3369 tem
618 3299 689 3368 oris
709 3298 855 3368 articulo
878 3299 1087 3388 propinaret.

59 3377 129 3476 lb.
153 3389 296 3486 Magnus
321 3386 478 3457 videlicet
506 3321 658 3477 paradisi
686 3388 825 3467 llnvius,
851 3387 911 3474 qui
935 3409 975 3456 ex
999 3385 1185 3478 principali
1214 3387 1269 3456 sui

28 3455 106 3554 lentis
133 3473 262 3564 origine
301 3475 499 3564 prolluenS,
521 3498 560 3546 ac
592 3477 743 3546 uberiori
777 3475 976 3546 coelestium
1017 3475 1267 3545 charismatum

27 3554 221 3650 tnundatione
247 3563 448 3652 procedens
475 3564 669 3650 squalentia
694 3565 826 3634 deserta
845 3565 1077 3634 humanarum
1101 3563 1268 3633 mentium

29 3655 142 3730 irrigat,
169 3665 199 3719 et
222 3651 265 3720 ad
292 3651 495 3741 proferenda
523 3653 691 3722 bonorum
717 3674 860 3742 operum
894 3665 1068 3740 tamquam
1102 3673 1269 3722 novarum

27 3719 138 3817 lingum
158 3742 325 3893 permina,
352 3741 529 3812 uberrima
549 3741 721 3811 fertilitate
745 3741 920 3812 secundat.
940 3745 978 3810 Et
1003 3761 1070 3811 non
1097 3741 1270 3809 immerito

29 3819 80 3881 ltu
101 3841 156 3907 pro
173 3828 275 3910 unda,
295 3843 362 3898 tam
389 3831 652 3919 supereminens
677 3831 836 3900 revelatio
858 3830 996 3900 Deitatis
1017 3828 1142 3919 virgini
1167 3827 1270 3898 debe·

30 3893 116 3996 batur,
140 3927 174 3982 ut
196 3918 255 4002 qni
277 3919 393 3990 carnis
409 3919 547 3989 sibimet
564 3919 757 4010 amputavit
775 3917 967 3997 illecebras
987 3918 1079 3989 lelici
1102 3938 1271 3988 commer-

31 4005 78 4068 co,
94 4015 146 4081 pro
162 4005 292 4076 carnali
312 4007 507 4088 dulcedine,
524 4008 723 4078 coelestium
739 4006 921 4098 epularum
940 4007 1070 4078 divitiis
1084 4006 1268 4077 frueretur.

34 4075 66 4141 ld
84 4093 201 4159 tentum
222 4094 353 4166 scilicet
377 4097 507 4188 gratiae
532 4109 712 4184 provectus
735 4110 785 4167 est
815 4095 1047 4197 privilegium,
1067 4109 1105 4166 ut
1130 4116 1268 4165 omnem

36 4171 255 4259 transgrediens
286 4198 490 4267 creaturam,
512 4185 595 4256 illuc
620 4185 693 4255 acie
723 4196 847 4256 mentis
871 4186 1076 4277 attingeret,
1106 4206 1174 4272 quo
1199 4206 1267 4252 rron

37 4249 190 4360 Pr⁰ll1eta,
219 4293 286 4340 non
313 4273 527 4356 Patriarcha,
557 4295 624 4343 non
649 4273 798 4361 denique
823 4276 1007 4362 quisquam
1033 4273 1077 4343 ab
1101 4273 1177 4362 ipso
1202 4273 1270 4362 pri·

38 4347 141 4419 murdro
162 4373 384 4448 cognoscatur
410 4363 443 4432 in
469 4385 571 4433 carne
601 4363 733 4453 positus
764 4362 972 4452 adspirasse.
994 4367 1059 4433 ttec
1085 4363 1211 4432 mirum
1240 4362 1270 4432 si
