2946 4798
265 306 331 370 498
532 321 571 368 oa
595 321 641 369 ss.
669 319 834 369 rnnoooao
859 321 897 367 ar
921 321 1108 371 ruaoraann
1131 323 1188 370 im.
1333 304 1403 370 dat.
1424 305 1452 367 27

222 405 412 488 rebellavit3
439 405 636 496 complures
659 417 773 475 autem
792 416 932 495 propter
954 417 1100 496 spernet
1120 405 1246 478 Christi
1268 406 1451 479 desiderium.

245 516 387 568 eoeroso
400 507 432 565 et
445 494 523 564 lorti
538 495 655 563 animo
675 505 968 583 contempserunt.
980 498 1063 564 Cum
1079 495 1208 583 quibus
1223 497 1279 565 hic
1292 517 1406 586 quoque
1419 497 1453 562 tir

221 521 373 666 bivinus,
391 605 471 654 cum
490 584 565 665 hoo,
582 582 674 670 quod
693 581 779 652 nihil
803 584 907 652 cessit
930 583 973 653 iis
1002 605 1091 672 quae
1116 584 1396 674 promittebantur,
1413 583 1453 652 bo-

221 676 366 754 neliciis,
384 672 468 744 loris
484 685 657 764 praeterea
673 693 808 754 caesus,
835 671 904 741 dici
924 693 994 742 non
1024 685 1133 762 potest
1156 685 1320 761 quantam
1344 673 1453 744 ostendit

220 763 480 842 fortitudinem,
503 762 606 834 sociis
632 761 833 831 certaminis
857 761 1000 831 allectus
1026 761 1203 852 exemplar
1235 785 1303 833 non
1325 761 1405 832 facile
1424 761 1452 829 ad

219 851 442 924 imitandum.
462 856 540 942 lpse
559 860 649 921 certe
672 871 752 920 cum
773 849 846 938 jam
872 849 994 920 luisset
1016 851 1048 920 ei
1071 873 1200 942 corpus
1224 851 1394 922 laceratum
1413 851 1453 918 la·

220 942 330 1034 gellis,
350 952 383 1010 et
406 940 518 1010 solum
545 939 715 1030 sanguine
734 938 972 1028 adspersisset,
995 953 1033 1009 ut
1059 941 1120 1026 qui
1148 962 1263 1010 rerum
1283 941 1414 1033 graiium
1432 951 1453 1005 et

219 1053 257 1102 as
283 1051 421 1100 orarum
447 1027 583 1098 nullum
616 1049 754 1100 sensum
781 1027 1024 1109 sustinuisset,
1055 1028 1173 1100 nudus
1200 1031 1292 1101 stetit
1322 1031 1353 1100 in
1374 1028 1453 1096 medio

218 1053 401 1199 trilinnali,
428 1117 470 1187 de
494 1117 606 1208 plagis
630 1129 807 1204 tamquam
832 1115 874 1186 de
898 1117 1014 1204 aliquo
1037 1131 1241 1188 ornamento
1265 1119 1414 1210 glorians,
1431 1129 1453 1183 et

219 1209 281 1291 sic,
302 1220 340 1279 ut
356 1207 403 1277 ait
419 1207 559 1276 divinus
578 1206 719 1288 Paulus,
739 1208 872 1296 effectus
896 1207 1065 1276 theatrum
1081 1208 1220 1298 dopelis
1240 1219 1273 1278 et
1295 1209 1452 1278 hominibus

219 1302 303 1367 Cum
322 1309 436 1366 autem
456 1294 647 1385 praefectus
664 1315 765 1384 aegre
781 1294 916 1365 tulisset
941 1295 1029 1365 hano
1049 1295 1252 1366 diuturnam
1279 1298 1450 1366 nuditatem:

220 1409 239 1452 a
264 1391 359 1478 Ego,
385 1385 499 1472 inquit
522 1383 672 1466 athleta,
698 1384 772 1453 ideo
797 1396 848 1453 sto
872 1385 1011 1464 nudus,
1037 1398 1100 1466 ut,
1127 1384 1157 1454 si
1180 1385 1331 1474 aliquem
1350 1385 1452 1478 videno

218 1475 380 1545 athletam
399 1473 573 1544 defessum
598 1472 788 1553 doloribus
815 1472 911 1543 illius
935 1471 1103 1544 delectum
1128 1495 1205 1544 meo
1224 1497 1284 1544 cor
1309 1498 1365 1545 ore
1384 1475 1452 1543 aloru

218 1565 334 1634 animo
363 1561 557 1654 suppleam.
588 1585 605 1629 i>
639 1565 665 1631 0
688 1563 752 1631 viri
783 1560 1042 1631 fortitudinem!
1069 1566 1095 1633 0
1119 1561 1258 1633 dicendi
1284 1500 1439 1636 libertatern

218 1656 258 1722 0·
275 1651 433 1722 ardorem
459 1653 494 1720 in
520 1651 731 1720 Dominum!
758 1655 895 1722 Rursus
922 1671 1003 1741 ergo
1031 1651 1228 1742 relegantur
1254 1653 1290 1722 in
1318 1651 1449 1722 insulan.

217 1763 321 1829 quam
341 1741 451 1811 solent
470 1739 644 1830 appellare
666 1739 868 1830 lphusiam.
891 1739 955 1808 Sed
972 1741 1054 1828 quid
1072 1741 1158 1810 mihi
1178 1763 1267 1832 opus
1284 1755 1335 1814 est
1351 1760 1452 1811 enom·

218 1852 292 1900 rare
313 1851 352 1900 ea
369 1852 458 1918 quae
471 1831 632 1918 deinceps
655 1841 738 1898 sunt
753 1839 947 1910 consecuto,
963 1849 1129 1910 carceres,
1145 1829 1339 1921 naufragia,
1354 1831 1450 1900 lamen.

218 1919 301 1989 solis
326 1919 496 2000 ardorem,
520 1918 630 2008 frigus
648 1929 868 1999 nocturnum,
895 1917 1052 2001 insidias,
1076 1919 1357 2000 insurrectiones,
1380 1929 1450 2006 quoti·

218 2009 340 2078 dianas
367 2019 504 2087 mortes,
534 2005 653 2097 plagas
678 2029 811 2087 rursus,
839 2005 979 2076 verbera
1002 2020 1034 2077 et
1056 2007 1243 2098 colaphos'i
1268 2011 1354 2080 Satis
1372 2011 1407 2078 sit
1422 2004 1450 2070 d·

217 2119 305 2180 cere,
333 2096 424 2184 quod
446 2118 524 2166 cum
543 2095 638 2164 iniis
662 2093 811 2164 serendis
829 2094 1001 2184 voluptate
1016 2095 1127 2166 allecti
1151 2111 1267 2168 essent
1283 2097 1383 2168 simul
1401 2113 1444 2188 rut

217 2185 384 2257 diuturno
396 2183 527 2266 exsilio,
544 2183 681 2254 duobus
695 2196 770 2273 post
785 2185 898 2265 annis,
918 2184 983 2254 soli
998 2206 1038 2255 ex
1058 2184 1137 2255 aliis
1149 2187 1255 2275 jussu
1275 2187 1450 2277 imperatori>

217 2277 360 2345 veniunt
376 2272 718 2363 Constantinopolim.
737 2273 857 2361 Majori
875 2273 981 2355 enim,
996 2274 1061 2345 etsi
1077 2273 1179 2364 plane
1197 2276 1306 2358 inani,
1326 2274 1451 2346 desidero

216 2365 397 2434 tenebatur
420 2368 610 2452 Imperator
625 2361 774 2431 habendi
795 2361 1009 2431 Theodorum
1034 2374 1067 2432 et
1090 2363 1333 2453 Theophanem
1357 2363 1443 2433 eaden

216 2475 305 2544 quae
320 2452 389 2535 ille,
417 2452 613 2533 sentientes,
640 2473 744 2538 quam
770 2450 966 2540 imperandi
990 2451 1164 2533 omnibus,
1190 2455 1253 2540 qui
1278 2453 1369 2526 nulla
1389 2453 1414 2519 in
1434 2465 1453 2512 d

216 2541 259 2611 ab
279 2565 318 2613 eo
338 2541 598 2612 dissentiebant.

259 2634 277 2718 ξ
301 2636 374 2703 ta.
402 2629 703 2699 lerumenimrero
722 2649 845 2732 operae
863 2629 1010 2719 pretium
1028 2642 1080 2700 est
1098 2651 1138 2699 ca
1154 2651 1244 2716 quae
1258 2631 1409 2718 deinceps
1420 2643 1452 2692 se

236 2732 381 2800 uuntur,
400 2717 575 2788 declarare
596 2739 655 2806 per
672 2718 730 2787 illa
748 2739 823 2807 ipsa
840 2719 942 2788 verba
957 2719 1133 2808 epistolae,
1151 2741 1241 2806 quae
1258 2721 1315 2790 hio
1331 2725 1366 2789 D.
1379 2717 1453 2786 Theo-

212 2741 329 2888 lorus
346 2829 565 2877 communem
583 2805 688 2876 simul
706 2829 785 2877 cum
803 2805 906 2876 fratre
918 2829 1131 2896 componens
1147 2809 1342 2897 epistolam,
1359 2799 1454 2877 mittit¹

212 2897 255 2966 ad
280 2903 473 2977 loannem,
502 2897 561 2984 qui
583 2907 664 2966 tunc
687 2910 759 2966 erat
790 2895 937 2966 dntistes
960 2898 1142 2986 Cyzicenae
1170 2897 1363 2978 Ecclesiae,
1386 2907 1412 2964 et
1430 2908 1454 2956 a*

211 2984 380 3072 reliquam
412 2984 680 3055 Orthodororum
712 2983 990 3066 multitudinem,
1016 3007 1226 3056 enumerans
1250 2999 1455 3075 quaecumque

211 3095 268 3144 eos
294 3075 364 3162 pati
391 3074 516 3144 accidit
540 3074 584 3144 ab
608 3072 668 3143 illo
692 3074 749 3142 Dei
775 3073 915 3143 inimico
935 3074 1135 3165 Theophilo‚
1163 3073 1249 3146 dum
1279 3077 1454 3164 decertaret!

212 3183 272 3254 pro
288 3163 415 3232 divinis
433 3163 658 3253 imaginibus,
675 3174 708 3233 et
722 3161 1017 3250 quemadmodum
1032 3175 1109 3253 post
1126 3163 1235 3234 multa
1252 3177 1454 3236 tormentae:

211 3251 398 3323 crudeliter
409 3253 607 3342 compuncti
627 3251 766 3322 luerunt
779 3250 882 3321 oculi.
896 3251 929 3320 Si
945 3263 1060 3324 autem
1078 3253 1113 3322 in
1130 3253 1275 3343 epistola
1292 3266 1370 3324 sunt
1381 3268 1456 3338 quar·

211 3340 291 3412 darn
317 3341 490 3498 simplicia
507 3355 539 3410 et
556 3340 667 3424 rudia,
687 3362 753 3412 non
780 3340 856 3411 ideo
880 3341 971 3430 apud
988 3363 1058 3424 eos,
1084 3343 1145 3430 qui
1169 3355 1259 3414 recte
1271 3343 1454 3433 judicante

212 3444 293 3502 sunt
316 3452 376 3500 eru
405 3430 453 3510 iti,
481 3430 613 3499 dabunt
627 3452 667 3499 ea
685 3429 931 3509 testimonium,
950 3430 1042 3518 quod
1067 3431 1127 3518 qui
1148 3432 1298 3522 scripsit,
1323 3441 1403 3500 esset
1419 3445 1455 3490 tn·

212 3519 388 3590 eruditus:
416 3517 474 3588 sed
496 3520 648 3608 primum
674 3519 827 3606 quidem,
859 3517 950 3606 quod
976 3521 1050 3610 ipse
1077 3533 1230 3590 uteretur
1254 3520 1456 3590 indifferenter

211 3607 361 3678 dictione
377 3620 409 3678 et
426 3607 638 3688 nominibus,
652 3621 684 3678 et
701 3630 768 3679 non
784 3607 848 3678 hoc
865 3629 1029 3698 magnum
1047 3621 1192 3698 putaret,
1213 3632 1322 3700 neque
1337 3609 1454 3695 dignun

213 3696 248 3766 in
273 3719 342 3784 quo
362 3695 562 3768 elaboraret.
596 3697 725 3767 Deinde
748 3709 886 3778 autem,
909 3697 1000 3784 quod
1029 3698 1131 3767 etiam
1159 3698 1258 3769 vellet
1285 3700 1358 3789 ipsa
1381 3693 1455 3784 plan

211 3785 325 3868 verba,
353 3785 443 3857 siout
466 3787 680 3868 dictasunt,
708 3787 742 3855 in
773 3785 1101 3876 interrogationibus
1127 3799 1159 3856 et
1187 3782 1453 3878 responsionibus.

208 3873 414 3966 simpliciter
437 3889 469 3946 et
493 3877 649 3945 inornate
673 3875 810 3944 adduci.
839 3876 893 3945 Sio
910 3887 1025 3946 autem
1052 3875 1154 3946 habet
1176 3876 1219 3945 ad
1246 3877 1382 3947 verbum
1402 3887 1454 3956 edt-

209 3963 317 4037 stola:
345 3967 563 4034 «Maximam
582 3963 727 4034 lacerem
750 3965 925 4052 injuriam,
949 3966 978 4034 si
999 3964 1135 4034 silentio
1152 3965 1314 4036 traderem
1332 3985 1370 4032 ea
1390 3973 1454 4045 quar

210 4055 245 4122 in
271 4075 334 4124 nos
354 4051 442 4122 facta
467 4067 559 4134 sunt,
579 4075 658 4123 cum
677 4053 774 4122 multi
793 4053 988 4124 desiderent
1008 4053 1129 4124 audire
1145 4068 1178 4125 et
1192 4055 1331 4134 discere,
1350 4063 1379 4119 et
1401 4063 1453 4139 ne·

206 4145 298 4211 xime
315 4155 460 4232 possunt
475 4163 549 4212 esse
565 4141 607 4212 ad
628 4141 686 4210 Dei
711 4143 868 4232 gloriam,
895 4155 928 4213 et
953 4143 1141 4214 multorum
1163 4143 1351 4214 utilitatem.
1370 4138 1395 4207 si
1407 4133 1452 4233 'dt-

207 4242 332 4300 oantur
346 4246 379 4301 et
398 4231 602 4301 audiantur:
623 4253 734 4319 neque
753 4253 875 4323 parum
894 4231 1075 4302 conferunt
1099 4233 1142 4302 ad
1167 4228 1384 4303 confutandos
1405 4242 1451 4290 utt-

209 4316 295 4402 pios‚
315 4320 403 4388 etad
428 4319 647 4390 relellendam
673 4343 791 4390 eorum
808 4321 1010 4413 dogmatum
1035 4320 1311 4398 imbecillitatem,
1332 4329 1365 4386 et
1388 4311 1451 4382 ete

236 4440 249 4464 *
264 4443 328 4482 Auno
339 4446 434 4491 pronao.
445 4450 490 4489 835.
