2946 4798
229 303 291 366 lull·
527 320 565 364 ua
591 321 618 366 s.
645 319 765 366 rosana
790 322 841 365 aa.
869 321 906 366 ar
931 319 1086 367 evasum..
1300 303 1370 366 blial.
1393 303 1424 364 li

1 455 2 470 ,
185 403 376 494 figurarum
402 414 509 480 erant,
538 403 681 472 transire
706 404 740 472 in
761 403 935 473 veritatem
954 417 1153 493 coeperam
1172 417 1204 474 et
1228 419 1276 486 tu,
1299 405 1425 476 llamine.

95 531 98 536 ·
185 493 243 578 qui
270 491 469 582 siugulatim
495 491 622 561 finxisti
644 492 747 561 corda
764 505 891 573 nostra,
912 513 979 561 non
998 493 1052 563 dis
1079 495 1192 564 arsisti
1217 507 1427 564 testamentum

1 575 2 588 ¹
186 593 298 654 tuum.
325 581 415 668 quod
443 580 623 650 nobiscum
650 593 788 671 pactum
809 594 892 660 erat,
921 581 978 650 sed
1010 515 1129 651 vielleus
1161 582 1275 651 vidisti
1305 581 1429 650 alllirtiu·

188 693 265 740 nem
285 669 401 754 lsrael;
428 681 460 738 et
484 691 551 738 non
573 684 696 739 erutus
728 671 923 752 divinitate,
951 684 1089 760 propter
1121 693 1182 742 nos
1210 670 1319 740 lactus
1346 691 1376 738 es
1395 669 1427 736 id.

186 758 277 845 quod
298 781 376 840 nos,
410 759 485 827 sine
510 771 659 847 peccato;
693 771 725 828 et
749 758 872 828 throno
897 760 1006 828 Patris
1031 781 1098 828 uon
1123 759 1254 840 relicto,
1288 760 1428 848 Virginem

186 847 385 916 inhabitasti
412 859 550 938 propter
574 869 639 928 me,
663 859 700 918 ut
729 869 792 937 ego
816 846 928 918 coelos
953 847 1203 927 inhabitarem,
1236 863 1269 918 et
1296 871 1333 916 ex
1356 845 1428 942 reteri

187 958 270 1004 casu
290 949 477 1017 revocatus,
497 948 529 1005 et
549 936 636 1006 liber
659 959 679 1006 a
700 950 850 1026 peccate,
870 959 909 1007 ac
931 937 1078 1026 primam
1104 937 1323 1027 adoptionem
1349 957 1430 1006 suscr-
1471 978 1472 1001 ι

188 1025 297 1114 piens;
327 1026 478 1114 oportuit
502 1047 584 1096 sane
608 1047 682 1095 esse
710 1039 743 1094 et
772 1023 974 1115 discipulos,
1007 1028 1066 1116 qui
1094 1029 1257 1116 mysterio
1282 1027 1429 1115 dispensa-
1466 1090 1471 1109 ,

187 1113 290 1182 tionis
317 1115 560 1184 irrinistrarent.
588 1119 683 1184 Tunc
707 1113 847 1202 quidem
880 1127 1045 1184 vocantur
1078 1116 1229 1185 Andreas
1254 1129 1287 1184 et
1318 1120 1427 1189 Petrus,
1466 1112 1471 1125 '

187 1203 372 1273 advocatur
395 1216 507 1272 autem
526 1216 558 1272 et
575 1203 643 1285 bic,
663 1203 722 1290 qui
743 1203 834 1273 circa
864 1203 974 1292 pisces
994 1215 1026 1272 et
1052 1205 1134 1274 retia
1158 1227 1197 1274 ac
1228 1204 1324 1272 lacus
1349 1223 1431 1270 versa·

82 1321 85 1326 ¹
189 1294 302 1371 batum
323 1306 355 1361 et
376 1293 497 1377 jussus
516 1293 608 1362 uerbi
635 1313 725 1374 voce,
746 1305 784 1361 ut
808 1293 988 1361 bominum
1016 1293 1164 1382 piscator
1184 1294 1431 1363 constitueretur.

190 1382 347 1471 protinus
364 1379 466 1450 fratre
482 1381 678 1470 scaplraque
694 1380 832 1462 relictis,
855 1381 898 1460 ei,
918 1383 1027 1466 quise
1045 1385 1197 1456 vocabat,
1216 1379 1432 1472 adjungitur':

188 1483 221 1538 et
240 1483 373 1538 terreno
391 1471 529 1558 bomine
553 1471 689 1538 exeritur
711 1483 847 1558 propter
870 1471 1063 1550 coelestem,
1083 1493 1122 1540 ac
1150 1471 1369 1560 piscationem
1384 1466 1434 1535 ani-

190 1581 324 1628 marum
352 1573 602 1628 transmutatus
626 1557 792 1640 addiscit,
819 1573 850 1628 et
881 1561 1110 1648 praeceptoris
1139 1560 1283 1649 vestigia
1303 1571 1433 1628 secutus.

190 1648 351 1718 inimicos
374 1646 499 1736 diligit,
529 1647 814 1736 persequentibus
839 1647 1022 1717 benedicit.
1422 1733 1425 1738 Ι

234 1739 321 1824 §8-
351 1741 459 1824 thue
479 1759 549 1806 uno
575 1739 675 1806 verbo
700 1735 888 1818 absolvam,
917 1738 950 1804 in
971 1737 1078 1824 liujus
1095 1736 1169 1827 lege
1184 1751 1303 1806 exacte
1328 1736 1435 1804 instru-

190 1839 256 1905 tur,
276 1824 447 1912 talemque
468 1837 590 1895 nactus
614 1838 882 1915 praeceptorem,
901 1825 1058 1894 ‚similem
1078 1825 1293 1896 demonstrat
1311 1820 1435 1916 discipli·

191 1936 283 1994 nam;
305 1927 337 1984 et
361 1915 579 1984 ascensiones
600 1915 634 1982 in
664 1913 767 1984 corde
791 1913 980 2003 disponens
1010 1914 1207 2003 discipulus
1233 1912 1432 1984 familiarissi-

192 2027 281 2086 mus,
308 2025 347 2072 ac
373 2023 495 2092 praeco
521 2003 669 2072 maxime
693 2001 873 2092 theologus
903 2002 1072 2072 ellieitur:
1096 2025 1217 2072 omnes
1243 2007 1435 2088 sensusne

190 2092 341 2175 deretur,
362 2091 543 2162 familiaris
563 2093 705 2161 omnino
720 2091 904 2182 virginitati
920 2091 1078 2170 allicitur,
1095 2091 1151 2160 tali
1170 2093 1300 2163 utendo
1313 2091 1432 2162 alimenti

191 2182 333 2264 ratione,
351 2193 390 2250 ut
410 2201 546 2250 summa
564 2182 775 2270 parsimonia
791 2181 901 2250 virere
919 2181 1096 2250 dumtaxat
1116 2197 1239 2271 posset,
1261 2195 1433 2262 sacrumque

191 2293 329 2359 corpus,
357 2283 393 2339 ut
419 2269 630 2350 subsisteret,
657 2291 869 2338 conservare.
892 2269 978 2340 Hinc
998 2271 1099 2338 retiam
1127 2270 1336 2360 virginitatis
1352 2261 1434 2366 appel·

192 2359 318 2428 latione
342 2357 489 2436 ditatur,
522 2371 554 2426 et
578 2359 713 2429 amicus
737 2358 829 2446 ejus,
861 2359 919 2446 qui
947 2359 1131 2448 imperium
1165 2373 1267 2436 tenet,
1298 2357 1433 2428 efficitur

192 2448 304 2537 magis
328 2460 440 2516 autom
458 2461 489 2515 et
507 2447 621 2535 ipsum
646 2447 748 2518 babet
772 2447 806 2515 in
825 2448 937 2535 seipso
964 2447 1179 2534 loquentem,
1202 2462 1234 2517 et
1259 2467 1391 2518 rursum
1410 2437 1435 2506 al

191 2559 230 2606 ιο
255 2535 362 2616 audit,
389 2556 477 2622 quae
499 2535 554 2604 ille
579 2541 712 2604 aPatre
742 2535 910 2616 audierat;
937 2557 1086 2626 cumque
1114 2535 1147 2604 in
1172 2550 1323 2606 aientem
1349 2549 1435 2604 aseen-

192 2627 297 2704 deret,
318 2627 392 2715 ipse
408 2647 477 2694 una
503 2624 714 2706 conscendit,
738 2647 777 2694 ac
792 2624 920 2714 dignus
937 2625 1081 2694 babetur
1098 2626 1225 2696 risione
1249 2617 1435 2694 admiranda.

191 2726 223 2784 et
250 2715 382 2804 majori,
408 2735 511 2801 quarn
529 2712 596 2782 dici
619 2715 738 2802 possit,
758 2715 868 2804 ipsam
897 2713 988 2782 rerbi
1014 2713 1225 2784 divinitatem
1259 2711 1436 2784 denudatam

192 2803 350 2882 intuitus,
377 2814 410 2871 et
433 2802 611 2872 coelestum
638 2803 769 2872 audivit
787 2824 915 2882 rocem,
935 2824 1002 2890 qua
1023 2803 1186 2872 dilectum
1214 2802 1327 2872 filium
1356 2795 1437 2868 derla-

193 2905 244 2960 rat
268 2903 374 2981 pater,
401 2914 441 2961 ac
465 2891 566 2960 reteri
594 2903 795 2960 testamento
821 2892 999 2980 praeponit
1023 2891 1260 2982 Evangelium.
1422 2971 1426 2979 ,

237 2982 320 3066 §ab
350 2984 476 3049 [locens
500 3001 539 3049 ac
559 2979 747 3049 honorifica
772 3001 876 3050 coena
903 2979 1138 3068 subsequitur,
1164 2993 1196 3050 et
1222 3003 1262 3050 ne
1288 2993 1366 3050 tunc
1384 2993 1437 3062 qut·

192 3069 268 3136 dean
290 3073 441 3138 loannes
462 3068 679 3155 relinquitur,
710 3069 836 3139 Deinde
859 3090 937 3137 cum
974 3073 1070 3138 Petro
1094 3091 1182 3158 opus
1201 3084 1292 3140 esset
1317 3069 1436 3138 discere.

193 3157 354 3244 quisnam
380 3158 410 3228 is
433 3172 533 3238 esset,
560 3159 620 3244 qui
646 3157 852 3227 horrendam
887 3155 981 3226 illam
1009 3159 1237 3247 proditionem
1271 3155 1435 3248 parturiret.

195 3267 257 3316 nec
274 3246 347 3336 ipse
364 3246 506 3316 auderet
523 3249 745 3336 interrogare,
765 3265 976 3336 quamquam
1013 3249 1141 3336 primas
1158 3259 1289 3317 teneret
1305 3249 1337 3316 in
1360 3243 1437 3312 etan

193 3334 459 3424 discipulorum,
485 3337 609 3406 loanni
648 3336 711 3405 boc
751 3335 946 3404 committit.
985 3341 1127 3406 Noverat
1159 3337 1252 3404 enirn
1280 3335 1335 3416 id,
1370 3321 1467 3418 quelq

194 3425 348 3493 tlluistns
365 3424 544 3514 eratapud
571 3425 699 3514 ipsum,
727 3424 790 3493 lion
817 3424 981 3494 loannem
1003 3447 1077 3494 esse
1099 3425 1191 3514 apud
1218 3424 1382 3494 Christum
1393 3443 1405 3516 ῑ1
1417 3427 1437 3479 a
1462 3419 1468 3523 l

193 3514 284 3601 quud
311 3515 384 3604 ipse
408 3513 548 3600 quidem
583 3512 751 3603 diligeret,
789 3511 846 3581 ille
881 3525 994 3582 autem
1028 3513 1174 3583 dilectus
1201 3501 1436 3584 essentiale

193 3615 321 3688 quanta
339 3602 479 3672 accedat
500 3601 567 3692 ipsi
584 3600 724 3672 libertas
754 3600 930 3688 loquendi.
957 3607 1071 3690 Neque
1094 3603 1186 3672 enim
1212 3601 1270 3672 vul
1298 3602 1344 3672 ari
1365 3589 1436 3666 molt
1463 3534 1469 3699 l

194 3693 392 3780 interrogat,
420 3712 531 3780 neque
555 3691 707 3781 primum
734 3711 915 3772 excusans,
943 3692 1034 3778 quod
1063 3704 1156 3761 metu
1180 3713 1260 3761 acce
1287 3702 1369 3761 eret:
1396 3675 1434 3751 sel
1464 3734 1469 3745 .

161 3853 164 3864 ,
194 3781 308 3850 sciens
325 3793 453 3866 quanto
470 3781 586 3870 ipsum
601 3801 718 3850 amore
733 3791 1007 3869 prosequeretur,
1036 3779 1166 3852 sedenti
1188 3779 1348 3850 adbaerat
1366 3789 1438 3864 prate

195 3869 336 3960 cepturi,
364 3882 396 3938 et
420 3869 582 3958 inhujus
607 3881 726 3958 pectus
751 3868 968 3944 recumbens,
992 3869 1319 3960 annominemus
1341 3875 1436 3952 atqu
1470 3888 1471 3897 ¹

194 3961 300 4029 tradit
317 3960 374 4028 tet
397 3957 458 4027 llle
479 3971 591 4027 autem
616 3956 733 4026 libenti
752 3958 853 4028 etiam
881 3957 999 4026 animo
1023 3959 1159 4049 accipit,
1186 3959 1280 4046 quod
1303 3956 1356 4026 ille
1377 3951 1436 4021 serr·

194 4062 257 4129 rat,
277 4061 308 4117 et
327 4048 424 4134 quasi
443 4061 635 4136 opportune
661 4047 761 4116 luerit
786 4045 891 4116 libere
908 4046 1056 4126 locutus,
1076 4061 1213 4140 gratum
1234 4047 1342 4118 babet.
1360 4047 1395 4111 Er
1411 4053 1436 4101 0⁰
1471 4104 1472 4129 ,

193 4139 298 4217 enirn,
318 4136 407 4224 quod
437 4137 594 4225 protinus
620 4137 856 4225 quaestionem
882 4135 1000 4217 solvat,
1029 4157 1068 4206 ac
1100 4158 1188 4226 pane
1213 4136 1360 4226 designet
1382 4143 1435 4224 pfl·

194 4224 351 4306 ditarem,
372 4223 545 4314 significat
562 4245 597 4294 se
623 4247 689 4294 non
705 4245 804 4316 aegre
829 4223 916 4294 serre
939 4246 1015 4295 eam
1034 4224 1241 4296 libertatem.
1257 4230 1364 4314 ltaque
1377 4217 1434 4286 tau

195 4383 479 4489 snzotsstlpgit'rrssltffipes,
496 4387 610 4428 loannem
628 4385 805 4438 evangelistam
826 4390 895 4428 autea
912 4389 1056 4440 utsetpatam
1073 4390 1156 4433 luteae,
1175 4391 1221 4432 etet
1238 4401 1278 4441 per
1295 4377 1433 4428 bromtonem
