2920 4810
137 299 240 368 4098*
485 321 748 372 aanrraomotuu
773 321 988 370 rutusanarun
1231 300 1322 366 ndi.
1349 301 1388 365 ta

93 402 134 463 tia
145 404 464 477 munitus,tyrannum
479 405 566 474 uicit,
577 413 609 466 et
621 407 725 480 ignem
754 409 802 464 tor
816 401 932 464 saeculi
944 401 1063 481 buirus?
1079 399 1217 474 Agrestis
1232 399 1326 461 bomo
1346 401 1389 460 in·

92 481 195 559 ipsum
217 481 287 543 fidei
312 483 478 546 constantia
498 487 669 560 superarit:
694 485 726 544 in
753 481 957 560 superabilem
967 481 1054 542 nobis
1068 479 1159 541 bodie
1175 481 1298 554 pietatis
1310 478 1391 542 exbi-

92 561 180 636 cujus
198 559 247 623 die
270 561 362 624 natali
384 570 504 624 sanctus
521 563 649 626 Basilius
668 562 727 624 lla·
755 561 806 624 bet
825 562 1011 624 doctrinam:
1034 575 1127 638 quem
1157 559 1329 638 Tyrannus
1352 575 1390 620 ra

93 655 173 716 gnus
186 638 338 704 celebrem
355 641 461 704 babuit
475 645 655 706 orationem.
757 643 821 718 puit
840 641 975 720 quidem,
990 639 1085 702 ueluti
1108 639 1230 702 facilem
1253 639 1391 716 praedam

133 718 179 780 En
201 721 304 801 itaque
324 721 451 784 celebris
471 725 566 786 sancti
589 721 726 784 Barlaam
755 737 789 783 ac
816 721 1011 782 renationem
1041 725 1171 792 nactus,
1196 727 1304 796 postea
1327 733 1392 779 vern

93 797 239 873 laudatio,
261 815 354 878 quam
377 803 406 863 S.
427 801 557 865 Basilius
578 803 726 864 recitarit.
758 799 990 878 insuperabilem
1012 799 1145 862 militem
1164 800 1282 860 sensit:
1306 813 1391 874 quem

139 878 299 941 «Primum
312 881 436 958 quidem
450 881 631 945 Sanctorum
644 895 728 942 mors
757 886 915 960 tamquam
930 881 1036 942 insana
1051 895 1085 939 ac
1100 877 1196 940 delira
1214 877 1391 956 loquentem

94 955 214 1032 planetu
246 975 279 1020 ae
304 959 445 1038 lacrymis
469 961 727 1023 cohonestabatur.
757 960 835 1033 risit,
847 975 915 1020 mox
933 975 1018 1034 uero,
1032 957 1311 1035 angelicarirtute
1326 963 1394 1017 stre·

93 1033 323 1114 venementer,
345 1047 503 1102 mortuum
525 1040 615 1103 Jacob
638 1039 729 1102 delle·
758 1037 1001 1102 nunmborruit.
1025 1037 1120 1099 llores
1144 1038 1231 1098 enim
1258 1037 1395 1098 bominis

94 1117 139 1176 rit
159 1116 287 1195 loseph:
310 1125 341 1180 et
363 1119 450 1180 llosis
471 1127 601 1182 mortem
622 1118 727 1182 ludaei
758 1135 819 1198 non
835 1119 962 1180 luerunt
972 1133 1041 1178 eum
1052 1132 1167 1194 organo
1188 1115 1394 1192 linguaebar·

94 1194 174 1256 baud
200 1197 366 1275 vulgariter
386 1199 579 1276 planxerunt.
605 1198 730 1262 Samue·
758 1198 903 1272 barinae
918 1197 994 1259 ratio
1007 1196 1213 1275 cnmsyllabis
1223 1195 1394 1259 claudicare

94 1273 155 1335 lem
185 1291 307 1356 qunque
336 1277 439 1340 multis
465 1279 607 1359 lacrymis
638 1293 729 1340 orna·
759 1279 821 1340 risa
837 1283 891 1342 est.
913 1275 1051 1339 Sederat
1076 1275 1156 1338 alter
1175 1275 1306 1350 Paulus,
1328 1291 1393 1336 cum

95 1360 178 1414 runt.
200 1354 288 1420 Nunc
313 1374 397 1432 vero,
422 1359 625 1422 morientibus
652 1357 728 1420 San·
757 1357 850 1420 Paulo
870 1357 987 1418 dicens:
1010 1355 1142 1418 nerones·
1162 1373 1307 1418 sermione
1332 1372 1393 1417 sun

96 1435 154 1495 ctis
171 1481 179 1508 ‚
204 1435 386 1502 exultamus.
422 1437 570 1500 Tristium
598 1453 729 1516 namque
757 1436 856 1509 rudo,
872 1453 934 1498 oon
948 1442 1050 1498 tumen
1063 1435 1203 1497 animatio.
1219 1435 1393 1512 'lorpebaut

96 1521 164 1592 post
191 1513 319 1579 Crucem
342 1517 465 1579 bomini
495 1521 654 1580 immutata
684 1524 730 1578 est
755 1516 817 1593 jam
831 1515 1012 1594 flagellando
1034 1512 1162 1588 lictores,
1184 1522 1311 1594 martyr
1326 1529 1394 1575 reru

97 1603 217 1658 natura.
239 1595 305 1658 lam
320 1613 381 1659 non
402 1595 532 1676 amplius
546 1597 728 1678 Sanctorum
759 1596 909 1658 robustior
929 1594 1154 1658 inveniebatur.
1178 1594 1391 1657 Lacerantinm

96 1673 195 1735 obitus
213 1674 480 1739 lamentationibus
502 1677 729 1756 prosequimur,
759 1692 869 1740 manus
881 1672 1120 1747 coercebantur,
1132 1690 1244 1736 uerum
1258 1673 1396 1736 mensle-

82 1751 148 1838 sed
172 1754 313 1830 tripudiis
334 1755 445 1817 divinis
465 1757 581 1819 circum
596 1759 729 1833 ipsorum
758 1759 852 1818 cerati
865 1753 1095 1832 haudquaquam
1117 1753 1310 1816 flectebatur.
1329 1753 1397 1814 Ner·

96 1832 231 1908 sepulcra
243 1835 338 1898 veluti
351 1835 475 1898 choreas
486 1837 633 1898 ducimus.
646 1833 731 1896 Som-
760 1850 869 1897 rorum
893 1834 1069 1896 harmonias
1087 1831 1148 1910 jam
1165 1833 1261 1908 tagra
1274 1833 1397 1894 remise·

98 1925 157 1972 nus
178 1922 280 1976 autem
310 1915 400 1991 iustis
426 1922 472 1977 est
501 1931 601 1986 mors,
635 1916 730 1976 irnmo
760 1921 853 1979 rant.
884 1931 919 1976 ae
947 1913 1017 1974 fidei
1052 1913 1144 1988 vigor
1178 1913 1397 1975 vehementius

97 1993 196 2068 magis
219 1997 362 2072 migratio
383 1995 419 2056 ad
442 1995 536 2056 ultam
559 1993 729 2056 meliorem.
759 1992 980 2072 stringebatur.
1002 1991 1135 2054 Perfossa
1151 1991 1244 2054 latera
1260 1992 1399 2054 absume·

98 2070 175 2133 Hinc
197 2081 253 2148 est,
282 2073 361 2152 quod
390 2081 542 2152 martyres
568 2074 728 2145 exultant,
760 2073 883 2146 bantur,
906 2074 1015 2134 mentis
1039 2088 1115 2132 uero
1131 2071 1327 2149 philosophia
1349 2071 1399 2132 tlo-

97 2152 173 2212 dum
203 2155 404 2216 trucidantur.
439 2151 516 2215 Nam
547 2153 731 2216 desiderium
759 2153 858 2216 rebat.
879 2151 973 2228 ttajor
996 2154 1096 2214 carnis
1123 2151 1218 2229 ipsius
1244 2153 1349 2229 portio
1369 2166 1397 2211 e·

98 2229 241 2294 felicioris
264 2235 356 2307 ritae,
375 2231 576 2310 jugulationis
596 2233 730 2294 dolorem
760 2241 877 2295 mortua
907 2241 986 2293 erat:
1009 2238 1040 2294 at
1067 2233 1129 2306 ipse
1151 2241 1294 2308 martyr,
1317 2233 1396 2306 quasi

98 2313 264 2390 extinguit,
289 2321 321 2376 et
344 2318 522 2374 emortuum
547 2311 657 2375 reddit.
680 2310 731 2373 Pe·
761 2311 896 2374 nondum
912 2311 987 2372 inito
1002 2311 1183 2384 certamine,
1198 2309 1394 2371 firmuserat.

99 2389 192 2452 ricula
217 2407 275 2453 non
304 2393 427 2471 respicit
449 2399 584 2470 martyr,
606 2407 731 2456 coronas
760 2390 836 2454 Nam
862 2387 982 2469 quando
1004 2389 1125 2468 pietatis
1145 2405 1232 2450 amor
1254 2391 1392 2450 animum

98 2473 235 2546 respicit:
260 2469 359 2550 plagas
381 2485 442 2532 non
456 2471 570 2545 horret,
583 2472 635 2532 sed
648 2486 731 2549 prae·
761 2471 893 2532 hominis
908 2475 1115 2548 praeoccupat,
1125 2469 1343 2548 quodcumque
1354 2467 1391 2528 illi

100 2551 160 2611 mia
185 2549 338 2613 numerat.
361 2551 428 2612 Non
444 2549 528 2613 videt
542 2551 664 2612 lictores
686 2551 732 2612 in·
762 2565 931 2629 pugnarum
960 2563 1058 2626 genus
1079 2547 1247 2610 ridiculum
1269 2547 1389 2610 reddit:

100 2627 186 2690 ierne
214 2631 418 2707 flagellantes,
450 2631 500 2692 sed
529 2628 662 2708 Angelos
683 2645 730 2691 su·
759 2637 789 2691 et
803 2637 952 2708 quotquot
967 2628 1256 2691 illumdesideratae
1270 2628 1315 2690 rei
1328 2643 1391 2703 gra·

100 2722 197 2786 perne
221 2710 306 2773 laetis
329 2708 504 2772 bominibus
530 2711 731 2772 acclamantes
762 2709 800 2770 tia
813 2708 1002 2780 convellunt,
1017 2707 1168 2769 delectant
1180 2708 1289 2786 magis,
1302 2723 1387 2783 quam

100 2787 307 2866 imaginatur:
332 2805 392 2850 non
407 2797 520 2868 spectat
534 2791 569 2850 ad
586 2799 731 2866 tempora·
760 2796 969 2851 consternant.
992 2787 1086 2848 Testis
1101 2785 1177 2848 mibi
1192 2794 1250 2860 est,
1272 2787 1390 2849 allectos

101 2869 145 2930 ria
168 2869 377 2946 pertentassent
397 2871 433 2930 ad
450 2871 657 2947 praemiorum
679 2885 731 2930 ae·
762 2866 811 2930 ille
825 2884 858 2930 ac
869 2867 1052 2930 desiderium
1075 2868 1301 2944 Apostolorum,
1315 2869 1389 2926 unde

102 2952 290 3010 territatem.
319 2948 520 3026 splendidum
546 2956 612 3010 ota
645 2947 732 3010 nobis
760 2946 947 3010 ludaeorum
977 2949 1045 3022 ipsis
1079 2947 1242 3024 aliquando
1276 2945 1386 3020 llagella

98 3025 160 3102 jnm
177 3028 378 3090 arrhabonem
402 3032 583 3102 assequitur,
598 3027 671 3088 dum
688 3027 732 3088 di·
758 3027 891 3103 iucunda
907 3027 1022 3089 reddita
1037 3035 1122 3088 sunt.
1135 3023 1279 3098 abibant,
1296 3027 1385 3094 enim,

101 3107 183 3166 uinis
203 3107 529 3184 acclamationibualpsi
541 3105 732 3186 applauditur
763 3106 871 3185 inquit,
885 3107 1054 3248 (gaudentes
1075 3122 1096 3166 a
1115 3111 1277 3184 compecto
1297 3103 1388 3164 conci

101 3185 139 3247 ab
160 3187 313 3262 omnibus,
336 3194 366 3248 ot
388 3189 565 3250 innumeros
586 3189 733 3248 uirtctose
762 3185 805 3258 tlt,
827 3203 884 3264 quc
924 3182 1009 3266 digm¹
1026 3183 1124 3246 babiti
1142 3191 1254 3255 esserrt,
1276 3184 1386 3262 quipro

102 3264 247 3343 sepulcris
267 3270 421 3330 convertit
448 3273 479 3327 et
506 3266 641 3329 attrabit.
671 3265 732 3327 Hoc
762 3265 966 3328 nemetense
980 3263 1386 3341 coutumelininputerentur.

103 3347 202 3422 ipsum
223 3362 294 3409 sane
326 3347 415 3409 hodie
442 3346 511 3409 torti
543 3362 576 3408 ac
605 3352 734 3407 strenuo
803 3343 927 3408 Taliset
956 3343 1044 3406 nobis
1065 3343 1155 3406 bodie
1177 3343 1320 3406 laudatur
1340 3343 1386 3402 mi·

103 3423 240 3488 llarlaam
273 3443 328 3488 usu
358 3426 454 3488 venit.
485 3425 623 3486 lnsonuit
650 3426 732 3488 enim
764 3423 827 3498 les,
870 3425 899 3486 ui
920 3423 1065 3504 supplicia
1092 3424 1157 3486 loco
1174 3424 1277 3500 gaudii
1299 3422 1386 3482 duait

103 3503 206 3568 bellica
229 3507 374 3586 martyris
391 3505 474 3578 tuba,
486 3512 516 3567 et
530 3513 662 3566 armatos
673 3505 735 3584 pie·
765 3441 905 3582 magelin
918 3521 950 3568 se
968 3512 1117 3579 tamquam
1134 3505 1209 3564 rosis
1231 3503 1333 3581 impeti
1347 3516 1387 3562 ar·

104 3586 174 3646 tatis
196 3587 318 3658 milites,
344 3594 377 3648 ut
392 3586 511 3656 ridetis,
535 3583 667 3662 collegit.
690 3585 735 3644 A·
765 3584 911 3656 bitratus,
933 3584 1052 3661 pietatis
1073 3583 1311 3646 obluscationem
1337 3594 1387 3640 nou

104 3665 195 3726 titleta
211 3663 330 3727 cbristo
350 3665 519 3728 adhaerens
547 3666 737 3744 praedicatus
763 3661 1386 3742 secusatqucjaculaquaedamdeclinarit.

104 3753 173 3818 est,
197 3752 228 3806 ct
254 3749 355 3808 statim
376 3748 544 3807 excitatum
572 3750 617 3806 est
641 3742 735 3806 eccle·
764 3742 965 3806 Iudiciarium
987 3742 1123 3806 furorem
1143 3745 1231 3822 quasi
1246 3741 1388 3820 quandam

103 3828 163 3888 siae
185 3826 347 3887 theatrum.
369 3823 406 3886 Et
427 3821 687 3902 quemadmodum
702 3823 737 3884 d·
766 3823 841 3884 lumi
854 3822 1033 3884 effusionem
1049 3823 1215 3900 reputavit.
1231 3819 1340 3883 Etleras
1352 3834 1388 3880 sa·

1 3933 2 3938 .
104 3905 220 3966 delium
242 3903 492 3976 Dominusdixit,
517 3902 577 3978 Qui
594 3901 689 3964 credit
704 3903 736 3964 in
766 3901 898 3964 tellltum
911 3903 989 3964 acies
1011 3903 1088 3976 risit,
1112 3900 1246 3978 pericula
1260 3900 1387 3966 calcarit,

105 4002 150 4045 ose
176 3985 297 4047 etiamsi
321 3990 460 4046 mortuus
489 3982 611 4061 suerit,
645 3983 737 4055 cebet,-
764 3975 1389 4062 quasisuperrosistripudiaret.Plagisal·

105 4073 245 4126 mortuus
259 4069 304 4126 est
318 4065 402 4125 tortis
412 4059 560 4135 Barlaam,
577 4060 737 4142 etapplau·
766 4062 870 4136 lectus,
881 4061 1008 4123 laetatus
1022 4069 1076 4134 est,
1087 4077 1123 4122 ac
1136 4061 1160 4121 si
1173 4061 1288 4122 bonore
1302 4057 1388 4119 affice

106 4143 150 4199 dit
165 4142 206 4202 llll
222 4144 392 4221 panegyris.
406 4141 437 4202 ln
452 4142 589 4221 sepulcro
599 4156 737 4203 consum·
767 4147 862 4202 retur.
888 4139 920 4202 lu
942 4139 1098 4216 suppliciis
1120 4137 1388 4202 vehementioribus

106 4225 175 4288 ptus
195 4231 256 4288 est.
280 4229 312 4280 et
334 4220 369 4281 ad
395 4222 575 4282 convivium
600 4220 735 4284 advocat.
767 4219 1097 4289 nonsecuserutnrit.
1110 4221 1237 4296 quamsi
1250 4216 1387 4296 praeclaro

105 4289 191 4350 Nunc
212 4305 330 4382 tempus
350 4306 394 4358 est
419 4305 452 4359 ut
473 4299 659 4359 exclametis:
685 4297 740 4362 Ubi
767 4299 870 4362 bravia
884 4303 1044 4377 acciperet.
1067 4297 1203 4360 Nudatos
1224 4297 1333 4376 gladios
1345 4295 1388 4354 de·

106 4373 148 4424 est
163 4381 304 4447 sopiens?
319 4373 374 4436 obi
384 4373 508 4439 scriba?
522 4374 578 4440 ubi
589 4377 738 4455 discepto·
766 4381 862 4457 spuit:
886 4393 993 4442 manus
1004 4379 1147 4440 lictorum
1163 4393 1233 4439 cera
1247 4375 1388 4437 molliores
