2954 4816
228 317 294 382 llb
606 333 646 380 ns
678 332 705 378 s.
731 331 871 379 xusxnrn
894 331 1038 379 uanrxax
1299 313 1372 378 IlllC.
1388 315 1420 378 25

185 423 360 499 Senatum,
386 437 465 486 eum
493 428 600 506 rogat.
623 415 751 486 Deinde
773 437 854 485 cum
870 437 929 485 eos
945 415 1048 486 etiam
1068 415 1319 505 assumpsisset,
1343 416 1421 505 pedes

183 505 404 597 Imperatoris
422 505 602 593 prehendit
619 526 686 574 uon
708 505 782 576 sine
801 504 979 594 lacrymis,
998 517 1031 574 et
1047 525 1151 574 suum
1169 517 1337 592 tamquam
1351 525 1421 573 com·

184 617 291 667 mune
309 595 456 664 deflebat
480 591 720 663 infortunium.
748 617 766 659 a
795 598 858 665 Pro
883 593 980 662 vobis
1003 593 1101 683 Ipsis,
1121 591 1252 674 dicens,
1271 592 1422 662 edivinis-

185 686 265 756 simi
288 683 444 774 Augusti,
465 704 526 772 pro
550 682 646 752 vobis
668 681 753 771 ipsis
777 683 950 772 exsurgite
965 693 998 751 et
1013 682 1134 752 vestris
1148 681 1229 766 dils,
1247 693 1280 751 et
1293 703 1380 768 quem
1393 703 1420 748 ax

183 779 333 864 Aegypto
357 792 482 842 uorum
513 776 618 841 Deum
644 792 738 840 nunc
763 770 953 840 introduxit
976 775 1025 840 Eu
1072 772 1140 852 nia,
1166 793 1207 841 ex
1235 771 1318 841 urbe
1339 783 1419 840 vestra

183 861 353 952 expellite.
382 865 465 930 llam
492 861 526 928 ln
553 858 671 930 multis
694 859 834 946 quidem
866 859 968 929 etiam
1005 860 1085 928 aiis
1115 858 1283 929 damnum
1305 860 1422 928 aderunt

184 950 380 1030 Christiani,
408 947 589 1018 Irridentes
607 951 845 1038 Imperatores,
865 947 957 1038 leges
981 947 1223 1038 despicientes,
1241 949 1392 1038 benignos
1401 957 1422 1014 et
1472 997 1473 1014 t

185 1052 372 1111 servatores
387 1037 481 1118 deos,
500 1049 676 1124 tamquam
703 1037 820 1106 inania
843 1036 1012 1124 quaedam
1039 1035 1238 1107 manufacta
1261 1055 1423 1126 conspuen·
1472 1025 1473 1044 ¹

184 1141 246 1199 tes.
268 1133 365 1198 Ilunc
389 1139 503 1196 autem
522 1126 586 1195 hoc
608 1145 747 1212 quoque
769 1124 883 1196 scelus
899 1125 1045 1215 impium
1071 1139 1123 1196 est
1146 1125 1191 1196 ab
1214 1127 1264 1196 eis
1285 1125 1423 1216 excogita·

186 1229 272 1286 tum.
292 1215 435 1286 Solvunt
450 1215 551 1284 ctiam
573 1213 665 1304 leges
688 1214 910 1294 matrimonii,
930 1229 962 1285 ct
986 1213 1359 1306 prohibent'conjugia.
1380 1217 1423 1281 llas

184 1307 301 1385 enim,
330 1325 420 1392 quae
443 1315 524 1374 sunt
547 1302 762 1392 desponsae,
790 1304 974 1372 autetiam
1006 1302 1298 1394 despondendae‚
1322 1326 1341 1372 a
1367 1300 1424 1369 tius
1467 1340 1470 1365 .

184 1393 356 1464 avellunt:
384 1391 435 1462 vel
461 1392 575 1482 potius
594 1413 652 1462 eos
668 1391 807 1479 quidem
826 1390 896 1462 illis
913 1389 1065 1482 privant:
1083 1391 1151 1462 sibi
1170 1415 1251 1464 vero
1268 1392 1422 1462 riudicant.

183 1496 217 1554 et
239 1504 297 1554 aas
320 1482 466 1572 turpiter
489 1491 730 1570 corrumpunt.
760 1478 933 1562 Quidnam
965 1502 1059 1572 ergo,
1082 1479 1168 1568 quid
1196 1482 1361 1569 reliquum
1381 1491 1423 1552 est.

184 1571 276 1662 quod
301 1571 384 1640 stat:
410 1582 469 1640 aut
492 1591 561 1671 quo
585 1590 620 1638 se
645 1569 782 1638 verterit
828 1568 1039 1660 uispiam,si
1065 1591 1242 1658 nusquam
1269 1582 1318 1640 est
1339 1568 1425 1638 matri·
1475 1601 1476 1604 π

186 1659 370 1730 monium?
393 1663 475 1728 llam
501 1657 535 1727 rd
560 1657 714 1758 quidem,
733 1591 825 1746 quod
851 1657 889 1728 lit
913 1671 1046 1816 praeter
1072 1657 1195 1760 legem,
1224 1660 1337 1750 leges:
1359 1653 1424 1743 quod

184 1763 235 1819 est
250 1761 365 1819 autem
383 1747 589 1839 legitimum,
610 1747 793 1817 Christiani
812 1747 910 1836 prohi
937 1761 1014 1816 ent:
1041 1769 1118 1818 nort
1134 1747 1293 1835 quidam,
1311 1759 1346 1818 ut
1360 1743 1425 1812 vide
1475 1791 1476 1798 κ

185 1851 252 1921 tur,
272 1839 504 1927 irrumpentes
527 1834 819 1917 cacodaemones,
845 1848 878 1906 et
901 1835 1082 1906 hominum
1110 1838 1359 1927 generationem
1384 1831 1425 1901 tol·

185 1927 293 1998 lentes
317 1925 360 1996 de
388 1925 512 1996 medio.
543 1925 640 2008 Quod
677 1923 817 2010 quidem
850 1946 929 1994 cum
967 1926 1193 2015 processerit,
1220 1929 1286 1996 erit
1317 1923 1425 1994 omnhn

186 2029 275 2087 terra
299 2037 406 2086 vacua
431 2013 643 2086 hominibus.
670 2012 847 2096 Quomodo
870 2025 984 2084 autem
1010 2013 1053 2084 de
1075 2027 1210 2084 caetero
1228 2015 1322 2085 vobis
1343 2011 1424 2082 seha·

184 2105 279 2178 bebit
303 2103 483 2185 exercitus,
510 2115 542 2172 et
570 2101 743 2190 quomodo
779 2123 847 2172 non
885 2102 1036 2192 peribit?
1069 2103 1287 2187 Quibusnam
1318 2099 1424 2190 quiden

186 2193 407 2285 imperabunt
430 2195 680 2282 Imperatores,
706 2203 740 2260 et
764 2211 843 2260 cum
874 2191 1003 2278 quibus
1032 2191 1250 2282 superabunt
1273 2187 1425 2262 inimicos?

185 2281 364 2367 Quomodo
387 2300 466 2351 vero
488 2280 631 2350 omnino
648 2279 820 2350 constabit
840 2279 1034 2370 respublica
1058 2293 1090 2350 et
1115 2281 1181 2351 vita
1208 2278 1423 2352 nominant·

228 2373 353 2459 ὅθι
379 2373 462 2440 Cum
487 2369 537 2439 sle
554 2367 659 2438 ualde
684 2367 927 2438 miserabiliter
949 2369 1091 2442 dixisset
1114 2371 1324 2460 Pompejus,
1350 2359 1424 2436 simul

185 2460 287 2530 etlam
313 2459 343 2528 ei
368 2478 531 2529 assensus
556 2469 608 2528 est
631 2470 664 2526 et
695 2457 904 2547 suffragatus
929 2462 1097 2529 Senatus:
1127 2458 1214 2528 adeo
1240 2471 1278 2529 ut
1301 2457 1425 2526 misertus

185 2553 386 2636 Imperator,
405 2545 548 2616 celerem
575 2544 691 2616 tulerit
715 2547 933 2627 sententiam,
951 2558 990 2616 ut
1018 2545 1143 2617 basilla
1168 2547 1220 2618 vel
1244 2569 1309 2618 suo
1331 2559 1425 2634 sponso
1475 2579 1476 2618 1

185 2635 397 2708 matrimonii
424 2634 496 2724 lege
515 2635 796 2725 conjungeretur,
814 2646 875 2705 aut
889 2633 1004 2725 gladio
1021 2635 1186 2726 subjecta,
1207 2637 1310 2708 vitam
1330 2633 1424 2703 liniret·

184 2729 368 2814 Postquam
393 2738 506 2795 autem
533 2723 665 2793 audivit
680 2724 783 2793 etiam
800 2723 843 2794 de
857 2725 1021 2816 Eugenia,
1038 2725 1080 2794 de
1095 2745 1134 2794 ea
1148 2747 1288 2814 quoque
1303 2721 1426 2814 protinus

184 2814 404 2905 pronunciat,
422 2825 460 2882 ut
476 2811 526 2882 vel
545 2833 710 2902 persuasa
735 2811 916 2894 sacrificet,
935 2812 986 2882 vel
1005 2815 1181 2885 tormentis
1198 2814 1333 2895 tradita,
1348 2817 1425 2900 rorrrte¹
1475 2846 1476 2856 ,

185 2901 332 2974 violenta
357 2903 544 2972 moriatur:
565 2901 798 2972 communiter
820 2923 898 2971 vero
920 2923 1041 2973 ornnes
1063 2924 1203 2992 quoque
1232 2903 1317 2973 alios
1340 2895 1425 2991 puniri
1460 2913 1467 3008 Ι

181 2990 292 3081 jubet,
311 3011 377 3060 non
404 2989 516 3060 solum
541 2989 765 3071 Christianos,
788 2991 847 3060 sed
872 2991 1060 3072 eosetiam,
1079 2992 1140 3082 qui
1164 2991 1368 3064 Christianos
1386 3003 1426 3053 su·
1460 3009 1476 3078 p

185 3080 349 3170 acipiunt,
380 3091 432 3160 et,
461 3092 501 3150 ut
523 3078 666 3162 lateant,
698 3093 894 3170 procurant.
922 3083 1018 3149 llanc
1043 3081 1249 3150 sententIam
1278 3089 1424 3171 postqum
1460 3089 1476 3157 t

185 3169 318 3240 audivit
351 3167 492 3250 Basilia,
521 3189 610 3255 quae
634 3189 710 3238 vere
735 3168 828 3258 regia
856 3180 928 3238 erat
963 3167 1082 3260 lingua
1105 3181 1138 3238 et
1160 3170 1302 3251 auimo,
1326 3165 1426 3236 acriora
1461 3168 1476 3257 j3

184 3279 322 3347 quoque
345 3258 432 3347 ipsa,
451 3279 555 3346 quam
582 3256 650 3340 ille,
669 3278 749 3329 voce
765 3258 815 3326 sic
831 3270 882 3328 est
901 3256 1027 3340 locuta,
1044 3269 1078 3328 et
1093 3279 1191 3326 suam
1220 3257 1297 3329 tulit
1322 3264 1425 3344 senten·

186 3349 292 3418 tiam:
321 3369 339 3414 r
366 3345 449 3436 Regi
474 3367 594 3436 regum
619 3359 652 3416 et
674 3347 818 3416 creatori
849 3345 1046 3436 desponsa,
1078 3347 1142 3416 riri
1177 3347 1213 3416 in
1241 3367 1339 3434 quem
1360 3335 1425 3409 crdrt

185 3437 355 3519 interitus,
378 3457 447 3504 uon
472 3435 616 3506 admitto
638 3435 930 3525 conjunctionem,
957 3434 1093 3506 etiamsi
1122 3434 1186 3505 hoc
1213 3431 1425 3506 rideaturln·

187 3525 344 3616 peratori.
364 3522 529 3594 Terribile
551 3525 644 3594 enim
672 3537 723 3595 est
752 3545 880 3602 revere,
907 3523 1071 3605 terribile,
1091 3523 1244 3594 incidere
1267 3524 1300 3592 in
1328 3531 1425 3607 narnus¹

186 3615 255 3686 reri
280 3613 382 3706 Regis
404 3623 437 3682 et
459 3611 518 3684 Dei
535 3612 690 3684 viventis.
719 3635 737 3681 r
763 3612 872 3683 Simul
897 3625 1011 3684 autem
1037 3627 1070 3683 et
1093 3612 1157 3682 hoc
1173 3609 1370 3683 vocabulum
1384 3607 1424 3670 na
1466 3619 1476 3687 3w

186 3703 304 3806 liugua
328 3701 454 3784 emisit,
483 3714 517 3772 et
544 3703 786 3791 caputstatim
819 3700 883 3771 luit
908 3701 940 3772 ei
963 3713 1194 3792 amputatum.
1222 3707 1324 3789 Atque
1354 3695 1423 3764 hunt
1466 3746 1476 3760 .,

103 3841 110 3860 .
184 3792 326 3882 quidem
350 3791 454 3862 finam
486 3789 608 3862 habuit
642 3789 768 3860 Basilla
791 3789 820 3858 *.
851 3789 1199 3881 comprehenduntur
1228 3811 1305 3861 raro
1331 3789 1423 3854 brutus
1466 3816 1471 3870 t

184 3901 324 3971 quoque
345 3892 387 3950 et.
401 3879 628 3968 Hyacinthus
647 3892 680 3950 et
702 3879 745 3949 ad
769 3879 937 3969 templum
961 3880 1055 3951 Jovis
1078 3879 1309 3958 adducuntur,
1332 3885 1365 3944 ut
1382 3885 1422 3964 ct·
1468 3940 1471 3948 ,

186 3983 348 4063 gerentur
372 3967 568 4040 sacrificare
591 3968 642 4038 illi
673 3968 934 4039 abominationi.
961 3971 1042 4040 Cum
1077 3980 1197 4041 autem·
1224 3966 1380 4038 steIIsseut
1396 3970 1421 4019 1⁰
1464 3976 1469 3987 ·

186 4071 373 4150 conspectu
396 4057 484 4145 ejus
504 4059 564 4145 qui
589 4056 769 4129 videbatur
792 4057 890 4138 deus,
910 4058 1037 4147 precati
1064 4070 1156 4138 sunt,
1182 4069 1216 4128 et
1238 4053 1344 4129 statim
1364 4053 1421 4114 ante

186 4149 291 4238 pedes
318 4167 438 4218 eorum
471 4145 622 4216 concidit
651 4145 903 4228 simulacrum,
933 4161 966 4217 et
991 4145 1242 4216 admirabiliter
1266 4155 1297 4214 et
1341 4143 1422 4236 recht
1468 4155 1474 4203 ὲ

186 4238 384 4326 opinionem
409 4234 670 4320 comminuitur,
697 4247 730 4304 et
765 4235 800 4305 in
825 4235 1002 4325 pulverem
1033 4235 1251 4324 cineremque
1328 4227 1419 4316 Igitur·

214 4447 228 4475 ⁸
241 4447 264 4490 lh
274 4443 376 4490 aarum
384 4449 471 4492 textum
480 4447 520 4491 dte
529 4449 555 4492 to
564 4446 621 4498 neti
633 4447 719 4500 saltur.
