2960 4824
190 231 199 254 ι
247 273 312 337 288
512 287 552 334 nr
575 287 603 335 s.
630 285 795 334 srmrnortu
819 283 967 336 ansatur.
994 286 1165 337 rnrurrrra.
1312 267 1387 334 utu.
1410 269 1441 332 ta

204 373 314 465 gloria
344 385 376 444 et
405 372 658 463 potentiacum
683 376 781 440 Patre
807 371 882 462 ejus
913 372 974 472 qui
1003 384 1095 450 caret
1120 371 1298 462 principio,
1325 381 1354 440 et
1379 391 1443 440 san·

204 463 359 534 ctissime
388 475 421 532 et
451 461 539 531 bono
559 473 591 530 et
615 459 749 530 vivifico
766 461 842 550 ejus
858 460 1001 551 Spiritu,
1022 481 1115 530 nunc
1138 473 1172 530 et
1200 481 1338 550 semper,
1365 472 1392 529 et
1417 459 1443 527 iu

204 552 322 624 secula
337 549 547 632 seculorum,
566 554 685 620 lmen.

369 887 486 990 Vtra
520 887 581 988 ul
616 885 914 988 ululatum
948 889 986 988 S.
1019 885 1310 990 sPtututtms

550 1108 738 1176 luuntur.
761 1107 1102 1176 TllllllleHUllllS
1117 1105 1135 1142 ⁴*

294 1323 436 1372 abnuas
467 1325 602 1372 SlllEONll
633 1323 872 1372 HurardutsTu.
900 1324 1044 1372 nouerim
1073 1323 1107 1372 nt
1137 1323 1228 1372 sorus
1254 1323 1382 1372 seorstr.

584 1497 656 1556 Sec.
679 1497 728 1552 1v
749 1497 875 1556 claruit
889 1528 927 1540 —
942 1499 1100 1586 Cyprius.

250 1709 321 1792 51.
348 1707 396 1777 ld
420 1707 600 1777 utilitatem
620 1704 756 1774 animae
780 1723 834 1772 res
850 1716 901 1774 est
919 1705 1079 1786 maxima,
1103 1705 1170 1774 vita
1187 1706 1453 1801 generosorumet

210 1794 343 1882 piorum
359 1796 524 1877 virorum,
546 1807 579 1865 et
594 1815 682 1880 quae
700 1803 808 1882 potest
827 1813 946 1882 parare
971 1814 1115 1883 magnas
1139 1813 1221 1883 opes
1241 1792 1383 1862 virtutis.
1401 1791 1452 1855 llou

208 1883 319 1952 solum
337 1884 429 1954 enim
447 1894 575 1954 resecat
595 1881 627 1953 id
653 1881 820 1968 quodest
842 1881 1006 1962 deterius,
1034 1881 1091 1952 sed
1117 1883 1220 1952 etiam
1248 1898 1401 1980 magnam
1421 1871 1453 1972 el·

210 1972 279 2042 licit
300 1974 523 2042 mutationem
542 1971 584 2040 ad
609 1969 645 2040 id
669 1969 761 2057 quod
777 1981 828 2039 est
852 1970 989 2040 melius.
1010 1971 1086 2040 Sive
1109 1971 1201 2040 enim
1226 1968 1333 2038 suerit
1355 1966 1453 2060 aliquis

211 2061 299 2132 vitiis
320 2073 604 2162 praeoccupatus,
624 2059 752 2129 talibus
771 2056 889 2128 lruens
914 2060 1183 2140 narrationibus,
1205 2055 1346 2127 facilius
1364 2055 1402 2124 ab
1419 2071 1454 2152 ers

210 2171 244 2218 se
272 2151 436 2221 continet.
466 2154 542 2220 Srve
567 2149 611 2218 sit
638 2147 765 2238 aliquis
788 2146 924 2217 virtutis
952 2147 1148 2230 studiosus,
1174 2145 1452 2237 auditabistor1i‚

209 2239 363 2330 ‹rxusrgit
377 2237 535 2320 alacrior,
557 2249 591 2307 et
605 2257 721 2306 amore
737 2236 825 2327 ejuS,
845 2235 937 2322 quod
954 2248 1005 2307 est
1024 2236 1150 2317 simile,
1169 2236 1336 2305 incitatur
1349 2231 1387 2332 ad
1402 2231 1455 2331 intr·

210 2328 385 2396 tationem.
400 2326 550 2396 Imitatio
566 2337 681 2396 autem
694 2339 728 2396 et
743 2323 928 2413 aemulatio
945 2346 1151 2416 magnorum
1168 2337 1201 2394 et
1220 2320 1455 2412 admirabilium

210 2415 359 2484 virorum
385 2429 555 2502 quantum
573 2414 690 2504 possit,
717 2427 749 2484 et
773 2412 831 2483 alii
848 2412 989 2500 quidem
1013 2412 1252 2495 ostenderunt,
1280 2433 1394 2482 eorum
1414 2425 1455 2492 qut

212 2513 470 2591 praecesserunt
495 2501 710 2591 praeclarum
732 2501 868 2572 virtutis
885 2501 1038 2572 studium
1065 2502 1207 2572 imitati:
1236 2501 1384 2572 maxime
1401 2514 1456 2564 raro

210 2593 381 2674 omnium,
406 2591 472 2662 vitu
497 2589 713 2662 admirabilis
731 2589 935 2680 spiridonis
954 2592 1013 2678 qui
1032 2591 1138 2661 laceb
1155 2590 1261 2660 simul
1282 2603 1315 2660 et
1329 2589 1456 2684 divinum

214 2681 315 2751 David
340 2703 476 2752 summe
499 2693 549 2750 est
573 2679 788 2761 aemulatus;
815 2691 847 2750 et
870 2679 960 2749 sicut
984 2679 1054 2761 illi,
1082 2679 1265 2768 amplexus
1289 2691 1341 2750 est
1363 2677 1458 2747 lemta·

213 2786 278 2840 tem
295 2791 335 2839 ac
360 2768 675 2848 mansuetudinem,
698 2781 730 2838 et
754 2791 773 2838 a
798 2767 1020 2838 simulatione
1036 2768 1184 2838 alienam
1211 2767 1457 2858 simplicitatem.

212 2858 371 2927 similiter
389 2879 466 2928 vero
483 2857 524 2928 ad
543 2857 727 2928 Abrahami
751 2857 907 2946 adspexit
931 2855 1211 2948 hospitalitatem,
1230 2873 1265 2927 et
1280 2878 1361 2928 suas
1376 2846 1460 2922 laed·

212 2958 296 3016 tates
315 2946 425 3016 effecit
450 2967 654 3016 communes
669 2944 917 3037 indigentibus.
940 2947 1097 3033 Hincque
1114 2944 1244 3015 sactum
1261 2958 1326 3026 est,
1355 2955 1390 3012 ut
1411 2955 1461 3007 noo

211 3049 319 3104 terrae
344 3046 482 3124 propter
502 3033 816 3115 mansuetudinem,
845 3046 885 3104 ut
907 3033 1009 3106 babet
1034 3035 1228 3124 promissio,
1251 3033 1313 3104 sed
1331 3034 1461 3124 ipsorum

210 3123 384 3194 coelorum
409 3135 649 3210 assequeretur
674 3122 939 3204 haereditatem
965 3135 997 3192 et
1016 3136 1152 3212 propter
1164 3122 1307 3193 divitias
1325 3141 1405 3210 quas
1421 3115 1463 3184 de

212 3213 343 3300 spexit,
371 3212 495 3282 Christi
520 3211 622 3302 plane
644 3212 780 3282 divinas
808 3213 1016 3302 compararit
1048 3212 1205 3295 divitias;
1238 3209 1461 3282 miraculorum

211 3316 324 3372 nutem
350 3300 513 3372 dilatatus
538 3301 581 3372 sit
605 3301 731 3382 fluviis,
758 3301 819 3389 qui
843 3322 980 3391 semper
996 3301 1135 3390 quidem
1154 3299 1378 3378 hauriuntur,
1396 3313 1464 3364 nuu-

212 3414 316 3476 «luam
343 3411 421 3460 vero
444 3389 621 3460 desinunt.

257 3483 275 3566 5
295 3484 339 3551 ².
358 3483 442 3546 Eum
461 3477 540 3547 tulit
555 3477 694 3566 quidem
715 3477 830 3548 insula
846 3481 978 3568 Cyprus
992 3477 1038 3548 *ἢ
1054 3483 1132 3548 Erat
1148 3489 1264 3549 autem
1286 3497 1352 3548 nou
1368 3489 1464 3565 garru-

214 3569 267 3638 lus
284 3567 424 3654 aliquis,
443 3587 554 3654 nequa
574 3569 732 3638 urbanus
746 3579 778 3636 et
801 3567 941 3658 elegans
958 3568 1133 3648 moribus;
1161 3588 1274 3654 neque
1294 3566 1355 3655 qui
1371 3559 1464 3656 multr-

214 3657 333 3726 tudine
356 3669 389 3726 et
412 3654 485 3726 soro
510 3654 754 3738 delectabatur,
774 3655 833 3726 sed
859 3655 1005 3746 simplex
1021 3668 1057 3726 et
1072 3656 1221 3743 quietus,
1240 3668 1274 3726 et
1298 3679 1319 3753 a
1343 3659 1466 3742 negatus

211 3745 373 3832 curisque
386 3744 609 3814 remotionem
626 3743 753 3827 colens,
770 3745 799 3814 si
816 3743 1023 3816 ullusulius.
1036 3743 1256 3827 Quocirca-ad
1271 3737 1466 3814 ratriarohae

211 3835 317 3904 Jacob
341 3834 444 3903 vitam
467 3855 502 3905 se
518 3833 660 3904 omnino
676 3833 855 3925 effingens,
875 3835 966 3914 sieut
981 3834 1143 3916 diximus,
1166 3832 1231 3903 luit
1257 3833 1333 3922 ipsc
1351 3839 1465 3918 quoque

213 3936 329 4012 pastor
352 3923 490 3991 ovium:
518 3943 585 3992 non
608 3934 722 3992 tamea
747 3921 889 3992 omnino
907 3935 1032 4013 pastor,
1050 3934 1110 3993 aut
1126 3921 1235 3992 nimia
1252 3919 1463 4010 simplicitate.

212 4024 272 4084 aut
285 4010 367 4081 leris
385 4023 417 4081 et
433 4011 628 4101 agrestibus
649 4009 816 4091 moribus,
835 4011 893 4080 sed
919 4011 1111 4081 commodis
1135 4023 1168 4080 et
1192 4009 1292 4080 valde
1311 4007 1462 4078 facilibus.

213 4100 327 4188 etqui
355 4121 375 4168 a
407 4100 502 4190 vulgi
531 4099 671 4187 quidem
705 4122 740 4170 se
769 4098 961 4170 abducebat
986 4100 1246 4190 congressione
1277 4091 1464 4189 pauperibus

240 4243 252 4270 ⁸
266 4243 378 4291 Eiusdem
388 4243 466 4283 natale
476 4245 501 4282 lu
512 4243 607 4291 blartyr.
617 4245 690 4288 Rom..
699 4241 736 4283 die
747 4244 772 4282 14
783 4243 862 4292 hujus,
871 4241 993 4284 recolitur.

239 4295 267 4323 *λ’
281 4298 379 4344 cyprus,
392 4297 471 4338 lusnls
485 4298 510 4336 tu
528 4298 699 4337 mediterraneo
714 4300 780 4342 mart.
797 4294 821 4335 iu
836 4293 910 4338 Issico
919 4293 1286 4346 stancoettcrcmcnussottque
1299 4291 1476 4350 tertilltatererep

213 4348 553 4445 ὶέξέὲεῗὲιῗέῃιξὲᾶὲτέἑῗξζζία
569 4352 637 4389 autea
651 4347 714 4389 dicta
728 4349 781 4390 luit.
797 4351 886 4400 Cyprus
901 4352 979 4391 antam
994 4353 1093 4392 vocatur
1103 4351 1130 4391 ab
1141 4360 1193 4392 sere
1204 4349 1292 4402 (cupro),
1302 4348 1361 4398 quod
1376 4345 1418 4384 nuc
1427 4347 1461 4388 ΡΠ·
1475 4345 1476 4397 l
