2946 4798
14 345 78 408 tEtj.
102 345 144 408 29
416 359 455 406 nr
478 361 507 408 s.
535 359 695 408 naacrcco
720 357 841 407 aaalrr
1153 344 1212 408 etr

17 447 89 515 nibil
113 446 206 515 enim
228 465 308 515 eum
334 465 372 513 ex
396 444 439 515 iis
462 466 550 531 quae
566 456 674 526 erant,
694 443 846 528 latebat),
861 446 973 534 jubet,
993 455 1031 513 ut
1046 444 1134 515 citra
1151 444 1261 514 ullam

14 536 189 604 ›arcitatem
209 531 267 604 det
285 533 415 602 omnia.
443 532 507 603 Sed
524 533 583 603 ille
604 555 645 604 ne
666 534 715 602 sic
735 533 877 620 quidem
900 557 936 604 se
959 554 1044 623 pure
1064 533 1181 624 gessit.
1199 533 1263 604 Sed

14 647 67 692 um
86 623 239 693 dedisset
263 643 398 704 novem,
416 643 527 693 unum
546 621 730 703 detinebat,
750 621 867 694 volens
884 625 1005 710 utique
1028 621 1127 714 iungi
1151 621 1264 692 officio

14 713 70 780 roni
97 711 290 794 oeconomi,
317 722 356 782 ut
383 712 443 792 iis,
468 712 540 799 qui,
568 723 606 780 ut
630 710 797 792 solebant,
824 713 1024 793 veniebant,
1053 710 1266 802 pauperibus

14 801 118 887 liquid
141 800 285 871 baberet
299 799 392 888 quod
407 799 515 870 daret.
535 800 622 882 Quid
637 821 718 892 ergo
735 800 871 882 accidit,
891 815 923 873 et
939 800 1111 888 quomodo
1128 811 1265 871 utrum-

14 911 58 976 tne
75 889 217 960 docetur
239 887 414 971 Julianus,
434 910 545 977 neque
560 888 602 957 de
619 887 735 959 loturo
753 911 827 960 esse
852 890 1052 972 sollicitum,
1072 911 1134 960 nec
1150 889 1266 959 eristi-

14 1001 97 1059 oare,
115 999 284 1049 maenum
303 976 500 1049 Marcellum
516 977 646 1065 aliquid
663 979 767 1048 latere
782 998 1022 1067 eorum,·quae
1041 979 1155 1049 fiunt?
1169 977 1267 1048 Venit

14 1067 39 1134 id
63 1033 258 1137 Marcellum
280 1067 383 1138 bomo
407 1065 549 1155 quidam
577 1080 689 1138 motus
713 1089 732 1136 a
757 1067 904 1158 superis,
923 1081 956 1139 et
974 1066 1080 1138 donat
1103 1089 1180 1138 eum
1204 1088 1267 1136 no·

14 1155 132 1244 raginta
152 1156 305 1226 talentis.
334 1155 393 1226 ille
417 1167 627 1226 autemeam
652 1156 713 1247 qui
735 1167 933 1247 susceperat
958 1156 1264 1258 dispensationem,

14 1265 151 1332 arguam,
176 1257 216 1316 ut
241 1267 306 1346 par
328 1255 411 1326 erat,
438 1256 476 1315 ut
500 1246 561 1332 qui
585 1265 653 1314 non
671 1256 761 1316 recte
779 1259 867 1316 esset
882 1268 968 1317 usus
988 1245 1262 1335 dispensatione:

14 1337 125 1414 allece,
149 1335 284 1422 inquit,
309 1356 330 1403 o
355 1355 472 1423 parce,
499 1335 579 1421 quis
606 1336 650 1404 sit
669 1334 780 1404 exitus
805 1347 882 1404 tuae
907 1335 1158 1425 parsimoniae;
1185 1333 1264 1403 elle·

14 1421 185 1504 ristienim,
211 1435 252 1493 ut
277 1423 355 1493 totis
375 1422 492 1493 decem
518 1422 655 1492 talentis
679 1422 779 1492 nobis
802 1423 917 1493 minor
939 1436 1038 1505 esset,
1066 1445 1170 1510 quam
1196 1434 1269 1491 erat

14 1508 109 1580 lutura
133 1510 285 1582 donatio.
318 1515 401 1582 Cum
430 1511 532 1602 enim*
547 1532 703 1583 essemus
731 1513 905 1603 accepturi
930 1511 1115 1613 decuplum
1146 1532 1265 1582 eorum

14 1619 83 1682 puae
98 1599 270 1682 dedimus,
289 1613 469 1691 propterea
486 1599 579 1688 quod
596 1622 708 1670 unum
725 1600 807 1670 dare
824 1600 978 1681 noluisti,
1002 1601 1044 1672 irs
1063 1622 1151 1687 quae
1169 1623 1268 1691 prae-

14 1699 84 1756 terea
100 1691 274 1780 accepturi
296 1711 448 1772 eramus,
470 1689 588 1758 decem
615 1689 736 1779 privati
754 1711 888 1760 sumus.
912 1713 930 1758 a
957 1689 1020 1760 Sed
1046 1689 1110 1758 boc
1124 1689 1266 1777 quidem

14 1773 135 1848 tortasse
152 1777 257 1851 suerit
276 1778 417 1848 evidens
433 1789 690 1868 argumentum,
711 1799 778 1847 non
800 1778 914 1849 solum
929 1777 1021 1866 quod
1040 1779 1266 1868 praevideret,

14 1864 177 1937 sedetiam
202 1867 296 1956 quod
323 1888 392 1938 non
417 1877 570 1958 oporteat
592 1887 667 1936 esse
690 1867 876 1938 sollicitum
902 1866 1094 1948 delutum,
1121 1877 1154 1937 et
1177 1867 1269 1957 quod

18 1973 120 2042 magna
139 1971 227 2027 esset
250 1958 327 2046 ejus
343 1957 378 2025 in
396 1965 522 2046 egenos
542 1954 750 2046 benignitas.
1217 1985 1222 1996 ·

35 2041 66 2138 ‚i
84 2049 152 2115 ao.
179 2045 351 2128 Quoniam
377 2058 490 2115 autem
517 2043 559 2113 de
584 2044 784 2135 prophetico
807 2044 884 2134 ejus
909 2045 999 2115 dono
1029 2066 1153 2136 parum
1185 2043 1269 2130 quid

18 2130 282 2226 significavimus,
298 2145 436 2234 tempus
452 2144 503 2203 est
518 2145 557 2204 ut
569 2133 731 2204 bibamus
748 2133 850 2203 etiam
864 2133 907 2202 de
924 2133 1015 2206 sonte
1034 2133 1267 2206 curationum.

20 2217 142 2310 burdam
157 2243 198 2292 ex
213 2222 408 2304 monachis,
428 2222 567 2292 nomine
582 2222 722 2310 quidem
739 2221 916 2312 Elpidius:
933 2223 1052 2294 morbo
1068 2235 1181 2292 autem
1197 2233 1270 2292 erat

23 2305 204 2400 inplicatus,
230 2313 294 2400 qui
318 2333 456 2382 omnem
481 2331 577 2401 spem
595 2311 800 2401 superabat;
825 2331 905 2380 nam
932 2321 1039 2384 totum
1065 2309 1205 2401 quidem
1231 2331 1269 2380 os

22 2411 84 2477 rjus
108 2419 200 2486 grave
232 2401 337 2472 ulcus
365 2399 593 2491 depascebat:
623 2411 691 2471 tota
712 2421 789 2470 vero
822 2421 861 2469 ea
888 2421 991 2489 pars,
1017 2421 1106 2488 quae
1130 2397 1270 2489 linguae

23 2480 127 2582 subest,
143 2487 290 2560 babebat
306 2490 492 2580 ingentem,
519 2489 580 2578 qui
596 2500 800 2570 excreverat,
827 2489 942 2559 carnis
965 2501 1150 2558 tumorem:
1177 2487 1269 2574 quod

21 2569 137 2654 quidem
155 2579 185 2648 ei
202 2577 368 2648 reddebat
391 2590 527 2649 mutum
548 2589 581 2647 et
600 2577 704 2648 inane
724 2579 1015 2658 instrumentum;
1037 2590 1069 2648 et
1086 2578 1150 2646 boc
1174 2597 1269 2646 aoce-

21 2655 104 2730 debat
125 2663 398 2738 intolerabilibus
423 2667 518 2738 illius
533 2665 725 2749 doloribus,
747 2666 840 2754 quod
859 2688 921 2738 nec
938 2667 1032 2756 ipsos
1051 2665 1191 2756 quidem
1213 2665 1271 2736 do·

24 2741 93 2817 lores
107 2767 212 2840 posset
235 2757 436 2826 enunciare.
464 2756 571 2827 Ambo
588 2767 702 2826 autern
727 2756 824 2837 baec,
846 2757 960 2837 ulcus,
981 2756 1192 2842 inquam,.et
1218 2768 1272 2832 tu,-

24 2853 92 2918 nor,
116 2863 190 2914 cum
215 2845 382 2936 probrum
403 2845 506 2914 etiam
534 2855 566 2914 et
594 2844 744 2914 dedecus
768 2845 992 2935 accepissent,
1018 2842 1212 2914 efficiebant
1234 2853 1273 2913 ut

25 2941 98 2994 nors
115 2946 199 3003 esset
212 2937 243 3004 ei
265 2933 428 3025 optanda.
449 2933 511 3003 Hic
527 2955 609 3035 ergo
624 2954 704 3002 cum
722 2931 906 3004 accedente
925 2932 1113 3021 aliquando
1134 2937 1270 3013 Sancto,-

25 3017 222 3113 lttorpectore
242 3023 480 3114 ingemuisset,
500 3035 533 3092 et
555 3045 610 3093 var
626 3035 715 3093 esset
731 3021 878 3104 locutus,
899 3033 1032 3093 tantum
1052 3023 1158 3094 dixit:
1177 3021 1272 3092 «Hei

25 3100 104 3204 nihi,
126 3129 175 3178 me
194 3133 289 3184 nunc
305 3111 451 3202 despicit
468 3110 642 3202 magister.
663 3133 681 3179 a
701 3111 764 3181 Ille
787 3123 902 3182 autern
926 3121 1061 3182 tantum
1086 3112 1215 3193 aberat,
1235 3121 1273 3182 ut

25 3182 197 3281 despiceret,
217 3201 385 3272 utstatim
404 3213 599 3272 commotus
614 3201 658 3271 sit
673 3200 717 3272 ad
738 3221 867 3291 preces,
884 3210 917 3270 et
934 3199 1137 3271 elementiae
1158 3201 1271 3290 lacry-

27 3293 85 3348 mas
101 3289 263 3385 eruoculis
278 3289 442 3360 emiserit.
470 3289 598 3361 Deinde
621 3310 701 3360 cum
727 3301 897 3360 tumorem
918 3299 951 3360 et
970 3288 1071 3360 ulcus
1092 3289 1270 3380 tetigisset,

28 3357 76 3432 hoc
97 3375 227 3467 quidem
254 3389 364 3460 sanat,
388 3378 487 3450 illum
513 3400 591 3450 vero
615 3378 697 3450 lacit
719 3399 943 3458 evanescere;
969 3389 1001 3448 et
1025 3399 1063 3448 os
1087 3379 1118 3448 ei
1143 3398 1271 3468 purum

30 3451 171 3558 redditu
196 3467 380 3548 mundum,
398 3479 430 3538 et
458 3479 576 3557 aptum
606 3479 643 3538 ut
669 3467 799 3556 alioqui
824 3465 1174 3556 loqueretur'absque
1201 3464 1274 3536 ullo

30 3545 257 3638 ¹ffltedrnento,
283 3567 315 3626 et
329 3569 417 3628 esset
434 3557 466 3625 ei
489 3556 573 3627 utile
596 3557 868 3629 instrumentum
888 3557 931 3627 ad
956 3555 1109 3648 agendas
1128 3555 1270 3648 gratias.

63 3629 77 3712 l
95 3639 153 3708 1².
179 3645 323 3726 Quidam
350 3645 440 3716 alius
465 3645 667 3728 monachus,
686 3647 825 3718 nomine
845 3646 1051 3739 Stephanae,
1071 3645 1131 3734 qui
1151 3666 1273 3717 secun·

32 3707 267 3804 ‘iteraturam
299 3733 441 3822 quidem
466 3733 668 3807 admittebat
691 3735 916 3806 alimentum:
944 3747 982 3806 ut
1009 3735 1043 3805 id
1074 3747 1187 3806 autem
1215 3755 1275 3825 per

34 3813 192 3896 naturalem
208 3824 337 3894 exitum
356 3822 566 3916 procederet,
587 3825 652 3895 boo
670 3824 815 3895 minime
831 3825 997 3895 habebat:
1019 3825 1181 3895 extremis
1196 3845 1275 3893 cru·

36 3892 160 4004 §labatur
181 3907 368 3984 doloribus.
399 3917 482 3985 Cum
512 3936 568 3983 ars
587 3927 701 3984 autem
732 3913 892 3984 medendi
916 3936 956 3984 ea
980 3917 1015 3984 in
1041 3935 1077 3985 re
1101 3913 1162 3984 dio
1186 3926 1276 3983 esset

37 3991 149 4073 ursata,
166 3995 298 4072 dolores
314 4001 454 4090 quidem
474 4003 621 4092 augebat
644 4002 829 4074 vulnerum
855 4002 1058 4086 acerbitate;
1085 4023 1173 4091 quae
1196 4022 1275 4073 vero

40 4079 191 4167 tuntapud
207 4111 263 4162 eos
282 4088 423 4161 elateria
446 4102 479 4161 et
503 4091 739 4183 purgationes,
766 4091 934 4183 probabat
957 4115 1032 4163 esse
1048 4092 1180 4172 inania,
1200 4102 1273 4162 stu-

42 4145 216 4252 dmmltleet
238 4201 377 4271 operam
394 4179 522 4250 trustra
551 4183 585 4250 in
611 4181 661 4251 eis
692 4182 862 4252 consumi.
894 4188 976 4254 Cum
998 4204 1079 4272 ergo
1105 4179 1276 4250 videretur

45 4241 141 4322 nalum
164 4261 438 4360 inexpugnabile,
465 4280 498 4340 et
515 4291 581 4340 non
602 4270 751 4342 multum
768 4271 913 4354 abesset,
931 4273 1017 4360 quin
1034 4274 1063 4342 is
1079 4271 1275 4371 disrumpe-

47 4335 122 4471 ἱθῑῦῐ,
137 4344 166 4416 id
179 4360 347 4429 renuntiat
365 4358 534 4429 llorcello.
553 4357 616 4429 Ille
633 4371 746 4430 autem
769 4373 930 4451 precatus
949 4359 1090 4448 quidem
1107 4371 1169 4442 est,
1185 4373 1276 4430 sieut

56 4431 240 4516 -ttsueveratz
270 4469 349 4520 cum
377 4469 455 4520 vero
483 4450 632 4518 venisset
655 4449 697 4518 ad
731 4447 954 4532 laborantem,
982 4450 1105 4540 partim
1133 4447 1274 4538 quidem
