2972 4826
253 293 316 357 trs
627 310 665 357 nn
689 311 716 357 s.
743 309 876 357 nrccnno
898 311 973 357 ura.
1000 312 1050 358 ar.
1331 295 1402 360 bEf.
1425 299 1442 361 6

207 395 290 467 mali
311 392 609 485 serperequotidie
626 393 740 474 latiuS,
757 393 951 463 incredibili
970 395 1090 466 ardore
1103 417 1290 469 succensus
1303 397 1441 487 insurgit:
1477 433 1478 438 =

206 498 239 555 et
253 483 407 570 undique
423 483 480 551 Dei
497 481 638 553 verbum
655 482 870 572 praedicans,
888 483 949 553 ubi
966 483 1136 554 idolorum
1158 507 1252 556 aram
1270 487 1443 576 quampiam
1477 485 1478 550 3

205 573 449 663 conspexisset,
468 570 624 641 funditus
639 572 818 653 evertebat,
833 570 921 641 nulli
938 594 1092 662 parcens
1110 575 1282 644 neminem
1298 587 1441 656 metuens,

204 661 292 732 nihil
318 659 385 730 nisi
408 659 451 730 de
474 661 533 730 Dei
556 659 677 750 gloria,
693 660 944 747 hominumque
958 662 1068 732 salute
1085 661 1266 732 sollicitus
1284 663 1333 733 Sic
1348 663 1443 750 itaque

204 751 299 822 omni
322 749 532 819 daemonum
556 748 654 818 cultu
681 747 810 838 ejecto,
840 771 962 840 puram
987 751 1083 842 gregi
1105 773 1169 822 suo
1187 751 1442 840 tranquillitatem

204 851 236 910 et
260 839 413 926 requiem
441 838 662 928 comparavit.

248 929 266 1016 ἓ
289 932 360 1000 ss.
383 931 472 996 Haec
491 947 570 995 cum
596 925 719 995 Christi
739 925 850 1006 miles,
869 926 976 996 immo
996 933 1187 1017 Imperator
1204 941 1237 1000 ct
1254 930 1333 1010 dur,
1347 927 1445 998 adrer-

205 1039 265 1088 sus
290 1015 464 1116 principes
481 1014 699 1084 tenebrarum
725 1035 792 1083 non
815 1015 931 1085 minus
952 1015 1105 1099 feliciter,
1125 1039 1229 1106 quam
1256 1017 1377 1089 fortiter
1396 1039 1446 1086 au·

205 1105 311 1185 deret,
337 1115 427 1262 cepit
454 1103 616 1174 continuo
651 1102 749 1172 illum
778 1101 896 1184 libide,
919 1117 1088 1190 quatenus
1113 1128 1155 1176 ne
1178 1107 1222 1176 ab
1247 1107 1319 1198 ipsc
1344 1107 1446 1175 Dianae

206 1193 333 1284 templo
352 1215 371 1262 a
398 1193 548 1262 stineret:
574 1191 710 1262 lacinus
733 1191 903 1279 siquidem
920 1193 1188 1265 desiderandum
1236 1196 1336 1275 otius,
1359 1216 1445 1282 quam

206 1281 429 1373 sperandum.
465 1287 542 1350 Erat
574 1281 666 1351 chim
698 1280 799 1350 aedes
830 1279 913 1349 haec
944 1281 1142 1353 admirabili
1169 1217 1401 1373 pchritudine,
1422 1292 1446 1349 et

205 1369 446 1472 magnitudine
464 1369 646 1460 singulari,
667 1379 699 1438 et
722 1390 810 1456 quae
829 1391 847 1438 a
869 1371 1015 1458 llyrensi
1035 1371 1163 1462 populo
1192 1372 1280 1443 inter
1305 1371 1446 1462 primaria

205 1461 303 1530 urbis
327 1471 526 1529 ornamenta
548 1459 730 1548 praecipue
753 1457 931 1527 coleretur.
958 1463 997 1528 In
1018 1459 1108 1530 hanc
1129 1460 1234 1552 igitur
1261 1483 1337 1531 cum
1364 1460 1447 1528 robu-

155 1625 158 1632 ,
205 1548 356 1620 stissima
371 1548 537 1638 juvenum
556 1568 662 1616 manu
686 1545 853 1635 impeturn
879 1546 1018 1630 faciens,
1042 1571 1109 1618 non
1127 1549 1200 1619 solo
1216 1549 1324 1632 illam,
1339 1561 1374 1619 ut
1388 1571 1447 1618 cae

206 1649 306 1719 teras,
329 1658 493 1724 aequasse
526 1647 717 1714 contentus,
747 1633 970 1706 fundamenta
994 1658 1131 1725 quoque
1160 1638 1328 1710 radicitus
1349 1636 1446 1707 evulsa

204 1726 351 1814 disjecit,
372 1723 467 1794 nullo
492 1745 633 1815 prorsus
652 1723 778 1792 civium
802 1723 998 1795 obsistente.
1021 1726 1198 1796 Horrenda
1217 1749 1273 1798 res
1292 1739 1370 1808 erat,
1387 1747 1447 1815 pro·

204 1815 239 1886 fli
266 1827 399 1885 atorum
425 1813 630 1883 daemonum
658 1811 778 1881 audire
808 1812 973 1895 ululatus,
994 1815 1349 1897 immurmurantium,
1369 1815 1447 1884 terri·

202 1839 334 1992 bifiquc
357 1902 501 1972 stridore
524 1901 810 1970 inclamantium:
836 1905 933 1971 llunc
957 1924 992 1972 se
1018 1925 1076 2004 per
1095 1903 1261 1992 injuriam
1288 1927 1307 1975 e
1329 1903 1447 1974 sedibus

203 1992 352 2094 propriis
371 1991 460 2082 ejici,
483 2003 584 2077 atque
609 1989 643 2058 fu
671 1991 733 2058 ari.
754 1989 817 2060 Hic
848 1990 962 2077 itaque
986 1993 1184 2083 triumphus
1210 1995 1319 2063 armis
1343 1993 1408 2082 ejus
1423 1999 1446 2058 et

202 2081 346 2151 milrtiae
362 2080 525 2150 adversus
546 2013 702 2148 infideles
717 2077 819 2146 frnem
841 2077 929 2159 fecit,
949 2101 1016 2149 non
1037 2094 1150 2150 autern
1168 2083 1299 2163 animo,
1318 2079 1446 2171 corpori·

202 2191 270 2256 que
297 2171 330 2239 in
362 2169 514 2238 alienum
539 2166 706 2238 auxilium
731 2167 929 2248 exercendo,
952 2181 1011 2238 aut
1036 2169 1255 2240 mirabilibus
1287 2169 1443 2241 faciendis.

202 2262 295 2342 Quae
315 2259 482 2345 quoniam
500 2255 607 2336 multa
631 2267 723 2337 sunt,
754 2277 820 2324 non
841 2257 958 2325 omnia
982 2257 1109 2328 idcirco
1138 2257 1275 2330 silentio
1297 2259 1445 2349 patiemur

202 2347 303 2418 bbrui
327 2359 359 2416 et
382 2345 564 2415 oblivione:
583 2343 642 2413 sed
660 2344 802 2416 strictim
823 2366 932 2432 pauca
950 2346 1172 2436 attingemus
1192 2349 1221 2419 si
1240 2349 1338 2437 prius
1353 2360 1446 2417 osten-

201 2435 367 2516 derimus
385 2432 520 2521 qualem
543 2454 577 2504 se
602 2433 675 2522 ipse
699 2433 865 2524 praestitit
884 2433 918 2501 in
940 2433 999 2503 illo
1018 2435 1156 2517 celebri,
1175 2449 1207 2506 et
1226 2439 1381 2507 omnium
1400 2454 1446 2502 no-

200 2523 372 2596 bilissimo
405 2520 675 2592 Christianorum
706 2533 886 2601 conventu,
908 2523 969 2608 qui
993 2533 1065 2593 tum
1087 2525 1207 2595 Niceae
1231 2540 1283 2595 est
1314 2525 1445 2595 habitus.

202 2612 421 2682 Constantino
446 2610 561 2700 igitur,
580 2609 794 2766 quiprimus
811 2609 1080 2684 Christianorum
1105 2613 1251 2696 cultum,
1273 2615 1307 2683 in
1328 2614 1446 2683 univer-

200 2723 272 2772 sam
299 2723 398 2771 suam
423 2699 588 2768 ditionem
613 2698 646 2767 in
676 2699 763 2780 urit,
795 2703 988 2768 Romanum
1015 2703 1204 2789 Imperium
1236 2704 1444 2794 gubernante,

199 2788 313 2859 Julius
336 2789 364 2871 ⁴¹,
394 2787 455 2876 qui
478 2809 638 2856 summus
665 2799 737 2858 erat
760 2785 922 2868 Pontifex,
953 2809 1019 2858 non
1053 2790 1154 2859 modo
1186 2793 1443 2866 Constantinum,

199 2899 317 2946 verum
343 2877 444 2946 etiam
465 2887 614 2945 caeteros
633 2897 764 2956 omnes,
786 2875 914 2964 quibus
939 2891 1092 2966 praeerat
1119 2883 1323 2980 Imperator,
1345 2878 1383 2948 ad
1405 2897 1446 2945 or·

199 2965 375 3048 thodoxae,
395 2978 572 3052 rectaeque
593 2963 671 3032 fidei
697 2963 799 3034 ritum
821 2977 853 3035 et
871 2965 1090 3056 disciplinam
1112 2968 1255 3062 assidue
1270 2969 1445 3038 inflamma-

198 3056 267 3125 bat.
285 3060 323 3125 Et
343 3077 421 3124 cum
439 3055 584 3124 brianus
599 3075 694 3122 error
713 3053 805 3122 haud
828 3075 965 3141 parvam
986 3054 1079 3124 orbis
1101 3070 1231 3144 partem
1247 3062 1443 3147 occupasset,

198 3142 349 3214 Pontifex
374 3143 509 3212 tandem
531 3141 650 3222 effecit,
670 3154 708 3211 ut
732 3163 806 3223 suo,
828 3144 1117 3232 lnrperatorisque
1139 3146 1244 3235 jussu
1269 3140 1445 3216 universale

198 3232 475 3304 Christicolarum
493 3231 678 3301 concilium
700 3231 855 3301 Nicaeam
882 3245 1149 3302 convocaretur:
1176 3235 1237 3304 ubi
1261 3235 1384 3325 dogma
1405 3231 1445 3298 in·

196 3334 377 3412 corruptae
396 3321 476 3391 fidei
496 3321 765 3391 Christianorum
795 3319 1010 3390 comitiorum
1033 3323 1229 3392 firmaretur
1248 3323 1442 3394 auctoritate,

196 3411 391 3500 pariterque
410 3421 448 3480 ut
471 3409 581 3491 tirius,
603 3408 813 3494 arianaeque
843 3409 1005 3479 stultitiae
1037 3423 1219 3482 sectatores
1250 3410 1444 3504 damnatis

196 3499 384 3589 Republica
408 3498 599 3569 Christiana
622 3496 852 3586 abigerentur.
880 3500 917 3566 lli
940 3498 1087 3569 concilio
1117 3501 1290 3570 affuerunt
1323 3505 1444 3569 trecenti

194 3588 311 3660 decem
333 3599 365 3658 et
381 3601 455 3657 octo
474 3587 644 3677 Episcopi,
664 3587 751 3656 inter
770 3608 857 3673 quos
875 3585 1034 3658 Nicolaus
1061 3609 1127 3657 non
1156 3589 1270 3658 minor
1289 3586 1440 3682 doctrina,

193 3697 295 3762 quam
331 3677 415 3747 vila:
444 3698 552 3762 neque
577 3696 745 3756 sermone,
766 3695 869 3761 quam
895 3697 1007 3764 opere,
1031 3675 1064 3743 in
1098 3675 1295 3747 refellendis
1325 3675 1443 3746 hrianrs

193 3763 338 3836 fallaciis
350 3765 528 3866 judicatus
544 3776 605 3834 est.
627 3763 800 3832 Haeresim
820 3762 913 3832 illam
935 3763 1136 3834 acutissima
1157 3767 1295 3856 ingenia
1317 3764 1442 3835 tueban-

192 3851 258 3933 tur,
276 3867 308 3924 et
332 3856 394 3923 vrri
415 3855 570 3924 omnium
589 3852 822 3921 doctrinarum
844 3851 940 3921 cultu
956 3863 991 3921 et
1003 3852 1183 3943 elegantiis
1202 3854 1353 3943 expoliti,
1369 3867 1441 3938 quos

189 3953 307 4012 contra
325 3965 391 4012 non
409 3942 511 4012 modo
527 3939 818 4032 disputationibus
838 3955 870 4010 et
888 3940 1018 4032 lingua,
1043 3964 1159 4012 verum
1179 3942 1287 4013 multo
1309 3939 1440 4010 maxime

189 4031 501 4120 supplicationibus
520 4043 552 4100 et
568 4029 718 4100 assiduis
732 4029 772 4098 ad
792 4033 896 4100 Deum
916 4031 1076 4119 precibus
1093 4031 1251 4102 Nicolaus
1265 4028 1438 4122 pugnabat.

189 4122 238 4188 Ita
261 4141 339 4188 cum
372 4119 510 4189 illorum
538 4118 672 4189 landem
695 4117 847 4207 argutias
873 4129 905 4189 et
936 4139 1068 4189 errores
1103 4121 1176 4220 ipse
1204 4143 1282 4190 curn
1313 4113 1439 4187 caeteris

186 4209 337 4279 veritatis
360 4207 598 4278 defensoribus
614 4207 836 4288 dissolvisset,
857 4229 1092 4296 canonemque
1118 4231 1189 4300 rpse
1205 4222 1237 4279 et
1257 4206 1378 4293 reliqui
1393 4221 1437 4288 sy·

188 4297 269 4365 nodi
288 4311 400 4386 patres
417 4295 621 4384 orthodoxae
639 4296 718 4366 lidei
735 4296 1048 4388 praescripsissent,
1060 4299 1262 4369 homousion
1283 4294 1435 4367 videlicet,

216 4425 229 4452 ¹·
244 4425 329 4464 Procul
339 4425 417 4472 dublo,
428 4426 534 4477 Sgtceatn
541 4425 666 4475 legendum
676 4425 720 4466 est.
