2954 4816
39 293 110 357 oen
135 294 177 358 25
425 313 463 359 or
487 314 513 360 s.
540 312 716 361 annsrasrn
740 313 885 360 unnrvns
1036 337 1038 341 -
1182 301 1247 366 ll9

36 397 83 480 qni
105 417 182 464 eum
206 395 365 466 invocant
388 408 421 465 et
445 397 577 478 timent,
599 397 828 488 intelligenter
847 419 905 466 eos
925 397 1140 482 illuminans,
1158 415 1190 470 et
1209 424 1289 472 cum

35 485 74 552 eis
93 505 277 554 versans.»
302 483 362 554 Ille
385 506 523 555 verozs
549 486 695 555 Ubinam
722 499 815 568 sunt,
842 487 966 573 inquit,
996 489 1063 564 isti,
1091 502 1129 558 nt
1152 511 1209 560 eos
1234 512 1292 560 co·

34 577 283 660 gnoscamusl»
310 572 373 642 llla
396 594 494 644 vero:
524 596 542 640 α
567 579 754 662 Hucusque
778 575 930 662 quidem,
965 577 1097 664 inquit,
1127 577 1183 648 hic
1208 592 1292 648 suot

34 663 152 742 versati,
169 674 202 731 et
218 661 397 731 nobiscum
416 675 561 752 egerant
585 665 619 733 in
645 684 797 752 corpore.
825 667 922 734 Nunc
946 677 1073 746 autem,
1098 671 1186 736 terra
1212 667 1290 736 reli·

30 753 86 830 cta,
108 771 166 819 nos
190 750 310 840 procul
339 749 464 832 vident,
489 765 660 822 versantes
685 753 719 821 io
748 751 966 822 coelestibus
996 759 1085 823 llors
1109 756 1201 824 enim
1229 777 1289 826 su·

31 853 133 927 scepta
148 853 286 930 propter
309 838 493 920 Christum,
520 839 605 910 haec
628 841 678 910 eis
702 841 908 911 conciliavit.
937 845 976 910 ln
996 863 1144 929 quorum
1165 865 1289 912 nume·

29 947 98 995 rum
122 929 221 1017 cupio
245 949 308 1019 ego
331 950 468 1015 qunque
493 929 622 1009 referri,
641 943 673 998 et
688 928 779 998 idem
804 929 895 1018 quod
921 929 973 998 illi
995 931 1059 1001 iter
1078 932 1264 1022 ingredi.»

68 1019 84 1102 ξ
107 1021 178 1089 21.
197 1023 379 1104 Postquam
401 1029 514 1086 autem
533 1018 698 1086 intellexit
723 1019 916 1088 Praefectus
941 1019 1024 1088 haec
1048 1020 1176 1092 dixisse
1198 1041 1288 1089 mar·

30 1116 126 1190 tyrem
150 1104 192 1174 de
217 1105 430 1185 Christianis,
448 1106 507 1192 qui
538 1107 732 1196 interempti
757 1105 893 1177 fuerant
920 1108 1136 1194 incarcere:
1161 1132 1179 1176 v
1205 1109 1288 1178 Mihi

33 1191 155 1275 videris,
176 1195 224 1264 ait
244 1193 307 1274 illi,
332 1192 450 1264 multis
466 1216 555 1282 opus
570 1195 695 1264 habere
712 1196 907 1286 suppliciis.
926 1201 1010 1267 Ecce
1026 1199 1118 1268 enirn
1137 1197 1287 1287 injecisti

33 1280 122 1350 nobis
145 1284 400 1372 suspicionem,
431 1295 461 1351 te
492 1282 562 1353 illis
586 1282 693 1354 foisse
719 1305 861 1354 cansam
887 1285 1027 1366 monis,
1056 1299 1093 1355 ut
1116 1307 1205 1373 quae
1229 1307 1288 1358 eos

31 1381 136 1439 contre
160 1394 221 1441 nos
245 1391 410 1452 moveres,
431 1382 463 1440 et
483 1372 534 1440 eis
558 1372 783 1460 persuaderes
806 1395 1000 1463 repugnare
1026 1375 1149 1444 edictis
1172 1380 1288 1465 lmpe-

30 1472 179 1528 ratorum.
200 1460 263 1530 Sed
283 1481 350 1529 non
378 1471 513 1548 poteras
532 1459 635 1530 latere
658 1461 751 1543 deos,
773 1483 860 1548 quos
881 1461 967 1530 nihil
994 1463 1093 1532 latet:
1119 1465 1180 1550 qui
1205 1485 1286 1534 curn

30 1561 98 1614 tuae
116 1550 215 1618 menti
237 1571 400 1639 magnam
421 1549 625 1619 offudissent
648 1549 846 1639 caliginem,
865 1562 895 1619 te
912 1563 971 1619 tua
988 1571 1055 1619 non
1084 1551 1286 1640 praeviden-

30 1647 87 1704 tem
105 1637 144 1705 ad
162 1638 244 1707 haec
262 1635 487 1727 impulerunt,
504 1651 548 1720 et,
567 1651 603 1708 ut
625 1649 657 1708 te
682 1640 780 1709 nobis
797 1639 961 1729 aperires,
981 1653 1239 1729 persuaserunt.
1268 1664 1286 1708 v

29 1725 183 1804 Quoniam
205 1747 283 1796 vero
307 1747 385 1795 com
412 1724 538 1795 illustri
563 1748 686 1816 genere
714 1738 792 1797 nata
820 1740 909 1797 esset
930 1730 1119 1810 Anastasia,
1138 1751 1207 1800 non
1235 1728 1288 1798 fas

30 1826 95 1882 erat
109 1815 273 1885 Praefecto
290 1835 365 1884 eam
394 1815 528 1904 punire,
555 1827 738 1904 antequam
763 1815 806 1886 de
829 1837 869 1886 ea
892 1838 932 1886 co
960 1827 1114 1886 nosceret
1133 1822 1287 1908 Impera-

32 1913 86 1982 tor,
110 1905 220 1974 omnia
245 1902 345 1973 refert
369 1902 412 1972 ad
438 1907 695 1993 Imperatorem.
713 1903 775 1973 Ille
799 1916 911 1974 autem
934 1839 1166 1994 {intellexerat
1189 1905 1284 1976 enirn

30 1990 111 2074 quod
133 2013 211 2062 curn
228 2015 248 2063 a
269 2006 364 2082 patre
389 2013 549 2083 magnam
568 1993 755 2083 accepisset
774 1993 1032 2074 haereditatem,
1052 2015 1127 2063 eam
1144 2015 1282 2063 omnem

28 2077 237 2152 distribuerat
261 2081 487 2171 pauperibus)
499 2079 605 2168 jussit
628 2103 703 2152 eam
729 2092 801 2151 tuto
824 2080 1003 2162 custodiri,
1028 2081 1135 2152 donec
1158 2081 1286 2152 veniret

29 2167 57 2233 in
80 2170 257 2240 civilatem.
276 2175 358 2239 Cum
377 2191 455 2238 vero
475 2169 685 2251 accessisset,
706 2171 739 2238 in
765 2171 840 2260 ejus
862 2184 1086 2261 conspectum
1102 2169 1287 2242 deducitur

31 2255 81 2324 illa
100 2258 204 2328 beata.
222 2258 284 2328 Ille
307 2271 420 2328 autern
447 2273 524 2328 ante
548 2257 615 2328 alia
637 2280 711 2328 eam
740 2259 870 2350 rogavit
894 2258 936 2328 de
958 2259 1201 2330 facultatibus:
1228 2279 1287 2328 eas

32 2344 109 2412 enim
130 2348 239 2438 magis
264 2347 412 2427 amabat,
430 2367 534 2432 quam
559 2346 689 2416 deos«
716 2348 779 2418 Ubi
803 2359 864 2422 est.
892 2347 1015 2436 inquit,
1044 2370 1168 2419 aurum
1193 2346 1284 2434 quod

32 2431 83 2500 tibi
98 2435 230 2506 obvenit
246 2457 264 2505 a
288 2438 397 2522 patret
411 2457 427 2500 v
442 2434 504 2504 Illa
521 2456 599 2505 vero
618 2436 796 2526 respondit
814 2457 938 2526 magno
953 2451 985 2507 et
1002 2437 1135 2507 excelso
1152 2437 1283 2506 animo:

29 2523 88 2590 «Si
111 2524 224 2595 adhuc
242 2524 327 2593 mihi
346 2523 516 2610 reliquum
537 2536 625 2594 esset
641 2547 778 2606 aurum,
800 2547 859 2616 per
875 2526 965 2612 quod
993 2526 1116 2596 Christi
1140 2524 1281 2611 quidem

28 2613 133 2693 servis,
161 2615 246 2682 meis
264 2626 378 2682 autem
403 2613 589 2694 conservis,
610 2634 746 2704 possem
771 2614 965 2695 subvenire,
990 2635 1132 2684 nonme
1156 2613 1200 2684 iis
1224 2613 1285 2701 qui

27 2702 234 2784 quaerebant,
261 2700 492 2772 tradidissem.
516 2703 685 2784 Quoniam
712 2711 824 2772 autem
855 2703 888 2771 in
914 2723 972 2771 eos
1003 2703 1062 2788 qui
1089 2712 1178 2771 recte
1206 2723 1286 2792 age·

29 2787 108 2868 bant,
127 2791 255 2871 omnia,
274 2803 313 2860 ut
336 2800 479 2880 oportet,
498 2804 615 2859 sunta
641 2813 694 2860 me
718 2804 935 2880 consumpta:
954 2791 1044 2877 quod
1068 2790 1154 2859 mihi
1171 2789 1283 2859 solum

25 2891 67 2946 est
82 2879 264 2966 reliquum,
282 2879 397 2968 ipsum
423 2899 560 2967 quoque
579 2900 706 2968 corpus
726 2879 847 2948 studeo
863 2880 995 2949 Christo
1013 2899 1088 2948 meo
1112 2879 1246 2949 offerre.
1266 2901 1284 2944 v

28 2969 204 3056 imperator
212 2989 290 3037 vero
303 2989 382 3038 cum
398 2968 499 3037 verba
513 2967 680 3039 audiisset
694 2968 875 3058 sapientia,
887 2967 1000 3058 speeie
1014 2967 1155 3055 quidem
1171 2969 1282 3058 ipsam

26 3053 207 3156 despiciens
236 3070 273 3126 ut
297 3055 482 3127 foeminam
507 3067 538 3126 et
564 3055 749 3144 juvenem:
783 3078 896 3126 revera
929 3069 1041 3125 autem
1076 3057 1214 3138 timens,
1242 3077 1285 3124 ne

28 3147 136 3233 majori
160 3144 353 3216 alliceretur
367 3145 544 3226 dedecore,
563 3145 735 3233 quomodo
752 3145 875 3226 verbis,
896 3144 942 3214 ita
958 3145 1060 3214 etiam
1078 3145 1182 3214 rebus
1199 3145 1285 3245 ipsis

28 3235 124 3322 magis
143 3235 266 3314 victus,
283 3233 423 3322 quando
446 3233 522 3322 ejus
549 3255 609 3324 per
636 3245 804 3303 tormenta
830 3233 956 3303 faceret
985 3232 1192 3323 periculum,
1211 3253 1285 3321 ipse

26 3323 151 3404 quidem
172 3322 293 3392 dicens
317 3345 382 3393 non
411 3344 471 3424 par
487 3342 573 3402 esse,
593 3332 630 3391 ut
649 3345 728 3392 cum
752 3321 895 3392 muliere
920 3322 1041 3392 insana
1074 3321 1282 3420 loqueretur,

26 3407 140 3568 destiitit
171 3411 216 3481 ab
238 3412 513 3492 examinatione;
541 3409 710 3481 Praefecto
738 3425 852 3480 autem
881 3431 955 3480 eam
985 3409 1127 3479 mandat
1153 3431 1284 3478 erami-

29 3517 83 3567 nan
110 3523 178 3570 am.

62 3589 78 3673 ξ
99 3593 176 3662 ²5.
194 3588 255 3659 lllo
275 3609 352 3658 vero
367 3609 446 3657 curn
468 3589 582 3658 statim
603 3586 726 3678 pellem
745 3587 915 3658 induisset
932 3587 1124 3677 vulpinam,
1142 3585 1283 3687 blandis

29 3677 124 3746 verbis
148 3698 223 3747 eam
249 3677 440 3747 conabatur
460 3675 636 3758 inducere,
655 3676 797 3746 dicens:
817 3700 835 3744 «
853 3682 931 3758 Cur,
950 3698 971 3745 o
990 3675 1126 3756 mulier,
1148 3697 1214 3744 non
1233 3696 1285 3743 vrs

25 3759 83 3840 diis
97 3765 215 3836 offerre
231 3765 454 3845 sacrificium,
476 3765 650 3852 quomodo
675 3779 770 3856 pater
791 3779 871 3838 tuus
895 3763 1041 3836 ob'tulit?
1060 3763 1124 3834 Sed
1147 3765 1189 3834 iis
1207 3762 1286 3833 reli-

30 3851 90 3931 ctis,
106 3855 189 3924 colis
214 3855 398 3932 Christum,
417 3875 519 3941 quem
545 3855 657 3925 nescis
680 3867 713 3924 et
737 3876 775 3924 er
799 3855 939 3932 ludaeis
961 3865 1093 3934 natum,
1112 3865 1144 3921 et
1172 3851 1216 3922 ab
1243 3852 1285 3922 iis

31 3937 112 4024 ipsis,
134 3956 309 4030 tamqnam
335 3943 545 4023 maleficum,
564 3943 606 4013 de
631 3943 744 4012 medio
769 3943 1005 4014 sublatumlv
1030 3941 1208 4012 Anastasia
1225 3961 1285 4008 au-

33 4037 84 4096 tem
109 4031 306 4122 respondit:
328 4054 346 4098 a
371 4036 441 4122 Ego
469 4031 550 4102 deos
575 4045 608 4102 et
626 4031 720 4112 deas,
739 4054 826 4120 quas
848 4045 882 4101 tu
910 4030 1010 4112 dicis,
1041 4029 1194 4101 colebam
1221 4026 1286 4098 ali-

33 4120 169 4208 qnando:
201 4141 294 4190 nunc
319 4141 409 4200 vero,
441 4121 573 4191 rectiori
602 4135 761 4210 suscepta
786 4121 965 4201 sententia,
993 4141 1050 4189 eos
1073 4117 1213 4204 quidem
1241 4118 1285 4188 ab

36 4207 101 4286 ipsis
116 4209 285 4299 impositis
308 4209 444 4281 araneis
461 4221 493 4279 et
507 4209 639 4288 avibus,
657 4231 745 4296 quae
761 4229 818 4278 eos
835 4207 1030 4278 afficiebant
1052 4208 1193 4295 iniuria,
1212 4219 1245 4276 et
1264 4228 1285 4276 a

40 4298 144 4367 muscis
159 4320 247 4386 quae
273 4300 306 4368 in
329 4301 378 4370 eis
398 4299 612 4380 habitabant,
636 4297 798 4376 liberans,
817 4296 890 4388 igni
912 4296 1060 4378 tradidi;
1079 4311 1111 4366 et
1134 4319 1213 4398 curn
1233 4295 1284 4365 sic

40 4393 84 4447 eos
94 4389 325 4458 convertissem
340 4388 374 4458 in
394 4389 569 4478 pecunias,
586 4387 706 4459 satiavi
724 4386 910 4456 multorum
930 4400 1063 4459 ventres
1078 4397 1279 4466 esurientes,
