2960 4824
58 247 116 311 let.
141 249 177 312 l3
311 267 350 314 ua
374 267 418 314 ss.
443 265 628 325 uusraamo,
655 266 813 316 auxarum
836 265 903 316 arc.
931 267 987 314 ux.
1175 251 1238 315 305

54 370 91 418 aas
105 361 256 441 protegat,
276 372 341 420 non
367 349 436 432 alii,
456 363 492 420 ut
518 362 656 438 pareat,
683 351 841 430 dixerint,
867 373 971 438 quam
992 351 1016 420 ii
1033 351 1108 430 soli,
1131 353 1191 439 qui
1207 353 1282 442 ejus

54 438 197 508 miraculis
215 438 363 509 sinoulis
381 439 474 507 horis
492 438 657 508 fruuntur
680 453 712 508 et
728 440 849 529 gratia.
882 445 1017 528 Oportet
1048 461 1124 509 aero
1153 461 1195 509 ne
1220 441 1282 510 boc

51 527 159 610 quidem
183 493 342 598 lraurlare
359 528 448 598 viros
473 528 558 616 pios.
587 527 619 596 Si
645 527 723 614 quis
747 528 910 599 dubitans
929 542 1081 614 quaerat,
1110 528 1281 598 undenam

50 615 79 682 sit
97 615 260 704 spiridoni
276 629 407 686 tantum
435 637 527 684 mare
547 615 806 696 miraculorum,
824 631 858 687 et
872 617 1080 704 quibusnam
1101 617 1285 688 benefactis

48 703 174 774 ellectum
203 719 272 787 est,
303 718 341 775 nt
362 716 451 775 esset
470 717 537 774 tam
564 719 683 795 gratus
712 707 867 785 Domino,
898 706 982 776 sciat
1006 707 1120 777 omnia
1146 707 1283 793 quidem

49 793 115 862 bona
127 808 156 861 et
167 794 319 874 honesta,
333 806 508 880 tamquam
526 815 567 862 ex
583 815 754 865 consensu
771 794 805 862 in
823 815 901 862 eum
920 794 1147 876 concurrisse,
1161 807 1283 866 eteum

50 878 130 952 luisse
158 882 470 972 praestantissimae
500 883 585 952 vitae
608 883 783 972 exemplar
810 881 1005 952 delinitum.
1034 887 1146 952 Unum
1171 896 1285 954 autem

47 970 156 1059 signnm
173 994 243 1060 quo
262 985 525 1063 cognosceretur
541 971 700 1060 Spiridon
725 983 759 1042 et
782 971 917 1074 insigne
939 971 1085 1040 aliorum
1114 986 1286 1061 praestan-

49 1059 202 1140 tissimum,
220 1075 295 1131 erat
318 1083 457 1132 summa
482 1060 660 1132 humilitas
683 1074 716 1130 et
740 1061 888 1151 insigms
913 1059 1112 1141 moderatio,
1140 1073 1172 1130 et
1194 1060 1284 1151 quod

49 1169 107 1216 rum
127 1171 244 1220 omnes
260 1149 329 1219 lere
352 1149 438 1219 alios
461 1163 650 1238 superaret,
679 1150 739 1236 qui
765 1160 846 1220 sunt
871 1148 1118 1220 miraculorum
1140 1150 1284 1239 gratiam

51 1240 203 1319 consecuti,
225 1261 264 1310 se
281 1238 366 1308 nibil
386 1238 606 1318 existimaret,
628 1259 737 1325 neque
765 1249 898 1328 putaret
926 1259 961 1308 sc
988 1249 1159 1326 praestare
1182 1237 1287 1308 alicui

52 1344 79 1391 ex
97 1325 218 1407 vilibus,
241 1338 276 1396 et
299 1327 452 1415 abjectis,
479 1339 511 1396 et
534 1327 684 1417 gravatis
702 1338 917 1416 peccatorum
936 1325 1167 1396 multitudine.
1195 1326 1286 1396 Talia

49 1413 156 1494 quidem
181 1429 265 1486 sunt
288 1417 364 1519 ejus
387 1415 474 1484 vitae
498 1415 685 1497 benefacta,
712 1415 792 1486 talia
815 1427 928 1485 autem
956 1414 1135 1484 miracula.
1163 1419 1287 1486 Conce-

46 1503 124 1572 tatur
138 1526 212 1575 vero
231 1506 333 1577 nobas
351 1523 487 1590 quoque
506 1517 544 1576 ut
564 1503 658 1576 illius
674 1503 790 1592 aliqua
812 1505 882 1595 (vix
906 1503 998 1574 enim
1024 1504 1099 1574 fieri
1119 1517 1228 1593 potest
1250 1517 1289 1575 ut

45 1593 150 1679 annia)
171 1593 249 1682 ejus
275 1593 404 1664 auxilio
428 1592 614 1675 imitemur,
642 1605 680 1664 ut
702 1592 894 1664 efficiamur
915 1591 1017 1661 etiam
1043 1613 1122 1662 cum
1148 1615 1187 1662 eo
1213 1615 1289 1683 par-

46 1677 141 1768 ticipes
164 1694 363 1772 paratorum
389 1682 571 1763 bonorum,
588 1682 696 1773 gratia
722 1696 754 1752 et
782 1681 992 1772 benignitate
1021 1681 1154 1752 Domini
1182 1683 1289 1752 nostri

44 1771 106 1837 tesu
127 1771 272 1853 Christi;
298 1792 378 1842 cum
403 1790 472 1858 quo
496 1771 585 1840 Patri
609 1770 713 1840 simul
740 1793 820 1842 cum
850 1775 972 1840 Sancto
1002 1771 1143 1859 Spiritu,
1166 1771 1287 1861 gloria,

45 1853 140 1940 bonor,
160 1860 318 1949 potentia
332 1871 365 1928 et
382 1859 552 1940 adoratio;
579 1871 719 1930 nuncet
735 1881 881 1950 semper,
902 1870 936 1928 et
960 1858 993 1928 in
1016 1858 1130 1930 secula
1156 1861 1291 1932 seculo·

45 1965 114 2014 rum.
131 1953 248 2020 Amen.

496 2295 821 2376 MARTYRIUM

46 2515 95 2618 Sl.
123 2519 419 2638 EUSllll'lll,
457 2520 723 2638 atttttttttt,
759 2521 998 2641 actutu,
1032 2521 1289 2624 llllllllllll

301 2715 305 2721 ’
510 2716 572 2816 lll
607 2717 813 2818 tunsus

124 2973 269 3024 nument:
294 2971 430 3022 SIHEONB
453 2973 688 3022 nertennasttt.
715 2973 859 3022 llAbssl'Ull
883 2973 916 3022 m
939 2973 1032 3021 roms
1057 2973 1191 3023 aborsu.

382 3169 550 3237 Martyria
572 3169 723 3228 decorati
743 3171 861 3228 seculo
881 3171 940 3228 IV.

77 3369 147 3452 ll.
173 3374 374 3459 Imperante
399 3365 605 3438 Diocletiano
636 3378 669 3438 et
698 3365 923 3446 Maximiano,
948 3365 1148 3436 universum
1175 3369 1298 3454 Roma-

45 3476 148 3528 norum
166 3455 360 3548 Imperium
378 3455 586 3546 completum
600 3453 710 3526 fuerat
721 3454 817 3524 cultu
833 3453 1112 3536 simulacrorum,
1131 3466 1164 3522 et
1179 3473 1299 3524 omnes

46 3539 183 3617 hemines
212 3543 337 3636 perciti
362 3558 480 3614 mutua
504 3543 652 3632 quadam
689 3543 777 3614 inter
807 3541 1015 3612 seinvicem
1048 3541 1298 3624 aemulatione,

47 3633 256 3717 proficiebant
281 3633 315 3702 in
343 3633 406 3702 hac
429 3631 513 3702 salsa
531 3632 712 3724 religione:
745 3631 892 3700 maxime
911 3653 991 3702 cum
1016 3630 1127 3700 edicta
1153 3630 1302 3720 impera-

47 3723 300 3812 toriaquotidie,
321 3732 359 3792 ut
383 3720 486 3792 semel
512 3720 638 3802 dicam,
666 3721 883 3792 mitterentur
906 3719 947 3789 ad
973 3718 1040 3790 loci
1066 3719 1301 3810 magistratus,

46 3829 119 3894 quae
136 3813 311 3904 Jubebant
333 3821 370 3880 ut
395 3809 551 3880 Calendis
581 3809 764 3900 magnifice
794 3809 999 3878 offerrentur
1029 3807 1096 3878 diis
1115 3807 1304 3909 sacrificia,

46 3913 71 3966 et
90 3899 154 3974 lore
173 3915 212 3972 ut
226 3901 275 3972 ab
291 3899 561 3988 Imperatoribus
583 3897 745 3969 honorem
772 3909 1076 3984 consequerentur,
1092 3917 1209 3983 easque
1233 3909 1305 3968 nota

47 3990 223 4073 eraderent,
241 3989 305 4078 qui
321 3987 364 4057 ad
383 3986 466 4056 baec
485 4009 586 4058 suum
604 3986 758 4057 studium
776 3985 1013 4066 contulissent,
1034 3985 1303 4075 significabant:

49 4077 64 4140 ii
85 4093 207 4162 autem,
234 4079 296 4168 qui
322 4077 357 4144 in
382 4075 432 4145 eis
454 4075 607 4146 colendis
625 4088 739 4146 essent
763 4073 879 4162 aliquo
902 4073 1001 4144 modo
1022 4073 1192 4155 socordes,
1210 4074 1306 4146 etad

48 4163 135 4238 aliam
159 4168 371 4238 inclinarent
393 4163 618 4255 religionem,
646 4164 768 4254 privati
798 4163 840 4229 iis
871 4161 971 4233 bonis
998 4183 1086 4250 quae
1116 4163 1301 4246 habebant,

49 4269 111 4336 post
134 4257 261 4326 multos
283 4253 459 4325 cruciatus
483 4253 735 4341 subjicerentur
762 4251 880 4322 mortis
903 4263 1073 4322 extremae
1103 4253 1304 4323 sententiae.

51 4342 114 4411 Erat
125 4345 240 4432 itaque
259 4365 387 4435 magna
405 4342 597 4434 persecutio
616 4343 651 4411 in
669 4356 736 4413 toto
751 4340 832 4412 orbe
847 4353 1028 4424 terrarum,
1043 4361 1120 4412 cum
1135 4353 1307 4430 quotquot

116 4457 617 4540 amana-maess-runru
1189 4454 1228 4518 an
