2954 4816
237 263 301 327 ιιιὸ
612 281 651 328 na
682 281 710 328 ε.
737 279 874 326 acosma
898 281 1042 326 aaarrna
1308 262 1379 326 bau.
1396 262 1429 324 '235

191 366 403 452 quicumque
426 374 522 434 erant
545 364 686 451 quidem
712 385 816 434 sanae
844 365 990 445 mentis,
1023 365 1057 434 id
1084 364 1176 452 quod
1206 365 1329 436 lactum
1354 377 1428 442 erat,

192 455 366 526 ducebant
391 452 611 534 miraculum,
637 467 669 522 et
695 454 862 542 putabant
884 475 973 542 opus
1001 453 1137 523 divinae
1167 455 1351 541 potentiae:
1373 452 1431 537 qui-

193 544 410 630 buscumque
433 563 512 610 vero
536 555 670 631 praeter
699 541 756 622 id,
784 540 874 628 quod
901 555 998 612 crant
1023 556 1112 612 recta
1141 543 1261 629 privati
1285 541 1430 632 opinione.

192 632 309 703 decrat
323 633 425 702 etiam
442 630 623 720 sapientia,
643 631 666 699 ii
684 630 803 702 multis
818 630 1038 702 contumeliis
1055 630 1243 702 allicientes
1258 630 1429 720 Eugenium,

193 743 267 791 eam
294 721 395 790 etiam
422 719 588 788 vocabant
615 741 762 808 magam.

199 836 203 842 ·
236 811 356 896 585.
384 812 473 878 llaec
494 809 590 877 audit
613 809 715 878 etiam
746 811 945 898 Imperator,
975 821 1008 878 et
1035 830 1177 878 suorum
1206 807 1429 892 deorumque

192 897 378 967 dammodo
402 895 493 966 ultor
520 897 592 966 fieri
619 918 819 986 properans,
843 898 944 988 jubet
967 896 1116 987 lapidem
1135 897 1277 983 quidem
1302 893 1433 985 gravissi·

194 1008 289 1056 mum
308 985 606 1074 suspendiacollo
619 986 711 1070 ejus:
731 985 842 1075 ipsam
860 999 973 1056 autem
984 986 1054 1074 jaci
1076 986 1110 1054 in
1129 986 1273 1056 flurium
1299 984 1431 1054 Tiberim,

194 1075 256 1144 Sed
274 1075 324 1144 sic
339 1074 492 1164 quidem,
518 1075 578 1164 qui
598 1074 798 1165 concipiunt
823 1072 986 1156 laborem,
1008 1087 1040 1144 et
1064 1075 1206 1164 pariunt
1223 1074 1430 1161 iniquitaten:

195 1169 259 1232 beo
275 1174 388 1232 antem
404 1185 508 1234 curae
523 1174 606 1245 crat,
633 1178 670 1233 ut
693 1184 812 1234 eorum
833 1165 956 1254 jussus
978 1176 1066 1234 esset
1091 1164 1211 1234 irritus
1234 1177 1268 1233 et
1292 1161 1431 1232 inefficax.

195 1251 289 1322 Unde
304 1252 405 1323 ctiam
421 1251 509 1341 lapis
524 1253 665 1339 quidem
680 1255 724 1323 ab
743 1252 818 1342 ejus
834 1252 922 1322 collo
938 1265 988 1322 est
1001 1251 1198 1324 exsolutus:
1212 1253 1289 1342 ipsa
1301 1273 1372 1320 vero
1385 1269 1432 1316 non

194 1361 292 1412 secus
318 1363 358 1410 ac
384 1363 530 1430 magnus
556 1347 687 1423 Petrus,
714 1341 798 1410 citra
824 1340 929 1410 ullam
952 1341 1174 1412 offensionem
1205 1341 1435 1432 ingrediebatur

194 1452 299 1518 supra
323 1429 436 1500 undas
461 1430 629 1500 fluminis.
654 1429 779 1512 beiqde
794 1451 873 1500 cum
899 1451 939 1500 ea
961 1453 1048 1518 aqna
1074 1429 1147 1500 risa
1170 1445 1261 1500 esset
1283 1429 1433 1520 potentior.

192 1539 266 1587 eam
286 1519 365 1609 igne
392 1521 513 1608 punire
536 1519 725 1600 constitnit,
751 1529 784 1588 et
810 1541 969 1609 magnam
996 1517 1090 1588 illam
1116 1520 1309 1610 lingoniam
1333 1516 1436 1604 accepit

194 1606 323 1676 l'ornar.
347 1606 409 1676 Sed
428 1608 488 1694 qui
512 1629 585 1676 eam
612 1607 826 1678 custodiebat
854 1608 1032 1688 Dominus,
1056 1607 1111 1676 hic
1135 1630 1275 1698 quoque
1296 1629 1381 1676 nunc
1396 1601 1436 1672 ad·

191 1709 285 1767 urat:
313 1699 497 1784 statimque
513 1709 689 1766 ostensum
708 1696 783 1777 luit,
804 1696 918 1785 ignem
937 1698 1092 1786 protinus
1108 1697 1270 1767 amisisse
1291 1710 1432 1766 naturam.

191 1796 224 1854 et
247 1807 373 1874 corpus
393 1785 468 1872 ejus
495 1798 734 1856 conservatum
759 1797 810 1855 est
831 1785 1003 1855 illaesum.
1025 1785 1112 1868 Quid
1139 1789 1282 1875 postea?
1305 1780 1435 1855 Tenebris

195 1873 338 1962 punitur
366 1873 669 1963 profundissimis:
697 1887 830 1964 praeter
845 1876 1014 1945 tenebras
1033 1887 1148 1944 autem
1172 1875 1280 1944 etiam
1306 1875 1395 1952 lame,
1414 1879 1433 1936 et

191 1983 267 2032 eam
285 1963 410 2034 domus
424 1964 555 2054 accepit
578 1963 738 2044 obscura,
766 1985 828 2032 nec
850 1963 918 2034 cibi
943 1964 1129 2050 quicquam
1155 1963 1302 2033 omnino
1322 1982 1433 2034 sumen·

194 2067 274 2120 tem.
300 2051 500 2123 Nesciebant
523 2064 636 2122 autem
670 2052 812 2122 omniuo
840 2073 913 2122 csse
939 2075 1018 2122 cum
1044 2073 1084 2121 ea
1106 2052 1292 2122 nominum
1317 2051 1432 2126 incisa

192 2141 386 2227 quostiam
412 2141 634 2223 matutinum,
655 2155 692 2210 ut
715 2141 762 2210 ait
792 2139 971 2228 Propheta,
999 2140 1113 2210 lumen
1140 2143 1271 2232 erupit,
1293 2153 1325 2210 et
1349 2139 1433 2207 dirim

194 2229 327 2299 lumine
351 2241 417 2299 tota
435 2229 560 2300 domus
577 2229 826 2300 illustrabatur.
850 2235 920 2298 Non
938 2229 1049 2300 solum
1073 2251 1150 2298 vero
1166 2228 1288 2300 lumen
1306 2227 1432 2298 dabatur.

193 2317 252 2386 sed
272 2318 373 2388 etiarn
399 2317 573 2404 quoddam
599 2318 755 2388 divinum
774 2340 923 2404 superne
939 2317 1228 2408 suppeditabatur
1245 2317 1433 2408 alimentum

194 2408 295 2496 panis
318 2407 379 2494 qui
401 2406 555 2493 quotidie
586 2407 771 2496 parabatur
790 2405 1053 2486 admirabiliter,
1081 2407 1156 2476 nire
1180 2408 1325 2497 quidem
1345 2401 1433 2498 candr-

193 2495 280 2578 dior,
300 2495 471 2586 voluptate
487 2508 600 2566 autem
622 2496 724 2584 plane
740 2494 897 2566 divinus:
923 2509 956 2566 et
979 2495 1070 2584 quod
1096 2508 1147 2566 est
1169 2497 1332 2578 omnium
1357 2511 1434 2584 marr

193 2606 302 2666 mum,
319 2583 377 2654 ille
392 2585 466 2674 ipsc
483 2583 614 2654 accedit
635 2589 810 2654 Servatur:
830 2607 847 2650 a
865 2590 933 2675 Ego
953 2607 1044 2666 sum,
1064 2584 1195 2666 dicenS,
1217 2585 1378 2676 Eugenia,
1395 2599 1436 2665 qd

191 2684 330 2832 propter
355 2685 386 2744 te
409 2695 544 2743 crucem
565 2685 597 2742 et
622 2684 763 2743 mortem
784 2673 947 2752 sustinui,
975 2685 1112 2764 propter
1136 2696 1240 2761 quem
1268 2689 1306 2743 ιιι
1329 2685 1435 2759 quoque

216 2783 276 2832 aec
306 2763 375 2851 pati
401 2761 620 2833 constituisti.
656 2767 744 2851 Ergo
771 2773 803 2830 et
829 2777 858 2830 te
888 2763 1039 2832 maxima
1072 2761 1234 2832 amiciam
1265 2763 1388 2852 gloria,
1416 2765 1436 2820 et

192 2849 311 2920 multis
332 2850 483 2940 implebo
502 2850 634 2940 gratiis.
655 2851 703 2920 Sit
718 2862 831 2920 autem
851 2849 914 2920 hoc
930 2873 1067 2938 quoquc
1083 2851 1223 2941 signum
1243 2853 1293 2920 tui
1312 2843 1434 2940 honoris.

190 2943 268 3027 lpse
286 2939 378 3007 enim
410 2939 484 3008 dies
509 2954 540 3009 te
565 2939 764 3008 transmittit
788 2938 830 3008 ad
860 2941 962 3009 vitam
989 2961 1188 3030 supernam,
1212 2941 1274 3027 qui
1302 2961 1353 3009 me
1374 2932 1435 3002 vidit

191 3025 281 3097 inira
305 3026 507 3098 adventasse
523 3028 564 3096 ad
592 3027 799 3100 homines.»
1415 3109 1418 3115 Ι

234 3117 253 3203 ἓ
276 3119 360 3190 88.
383 3122 464 3187 Cum
487 3116 535 3187 sic
559 3117 711 3196 dixisset,
739 3115 795 3184 ille
819 3115 958 3202 quidem
977 3117 1021 3186 ab
1039 3137 1080 3184 ea
1105 3117 1265 3187 recessit:
1293 3113 1379 3186 haud
1394 3109 1437 3177 du

192 3217 268 3294 post
291 3218 406 3275 autem
431 3206 589 3276 ellectum
614 3205 733 3276 sortita
752 3216 834 3275 sunt
862 3227 901 3274 ea
924 3225 1013 3292 qnae
1036 3205 1125 3274 dicta
1144 3203 1295 3274 lucrant.
1323 3200 1437 3272 llittitur

190 3295 283 3364 enim
303 3294 444 3382 quidam
470 3295 612 3384 impius,
634 3293 792 3364 monachi
811 3293 967 3364 habitum
990 3291 1275 3382 praeseferens:
1302 3291 1435 3381 quicum

192 3384 312 3454 luisset
337 3385 424 3454 intra
441 3403 626 3466 carcerem,
645 3404 726 3454 ense
742 3382 832 3452 lacta
855 3381 958 3452 caede
974 3395 1193 3452 consummat
1220 3397 1393 3472 martyrem
1409 3391 1436 3439 ao

193 3474 267 3562 ipso
293 3473 349 3542 die
372 3495 440 3560 qno
459 3471 696 3542 celebrabatur
721 3471 842 3542 festum
870 3470 993 3540 natalis
1019 3475 1206 3542 servatoris
1231 3471 1349 3542 nostri.
1374 3469 1434 3534 dud

186 3563 281 3650 justa
305 3573 419 3632 autem
446 3560 605 3632 fecissent
629 3562 687 3630 tali
712 3560 803 3630 filiae
828 3572 861 3630 et
885 3559 1006 3642 sorori,
1034 3559 1109 3648 ejus
1137 3573 1247 3630 mater
1270 3574 1303 3630 et
1325 3557 1433 3627 fratres.

192 3671 308 3721 sacras
324 3650 401 3738 ejus
417 3649 582 3737 reliquias
599 3648 777 3739 deponunt
790 3648 929 3736 quidem
952 3649 984 3717 in
1007 3647 1079 3718 loco
1098 3649 1157 3736 qui
1176 3671 1243 3718 non
1270 3649 1360 3719 abest
1378 3659 1435 3732 pro·

191 3738 247 3810 cul
266 3761 285 3807 a
302 3744 426 3808 Roma:
446 3753 585 3808 vocatur
601 3753 714 3809 autem
742 3739 795 3806 via
815 3741 980 3808 Romana.
1009 3739 1062 3808 Sic
1086 3735 1227 3825 quidem
1252 3737 1331 3807 vixit
1352 3734 1434 3804 hono-

191 3827 286 3898 rihce
306 3828 470 3918 Eugenia,
497 3841 529 3898 et
553 3827 602 3898 sic
626 3849 645 3896 e
669 3827 735 3896 vita
764 3848 927 3916 generose
950 3826 1105 3908 excessit,
1134 3828 1369 3896 convenienter
1389 3833 1434 3917 ιιι

131 3963 132 3968 =
191 3917 344 3987 nomini:
368 3915 453 3986 adeo
469 3932 508 3987 nt
524 3916 720 3987 nesciamus
736 3929 854 3986 utrum
880 3916 992 4074 magis
1016 3914 1242 3997 admiremur,
1270 3917 1304 3985 in
1328 3911 1433 4010 Chrtle

194 4005 368 4087 navitam,
386 4027 431 4074 an
457 4018 599 4076 mortem
626 4026 686 4095 pro
710 4005 854 4075 Christo.
884 4009 931 4074 [ln
959 4004 1116 4087 aetiam,
1143 4015 1307 4092 quantam
1330 4011 1369 4072 srt
1389 4009 1434 4084 prb

192 4094 349 4180 utrisque
372 4091 516 4183 gloriam
531 4111 725 4176 consecuta,
745 4095 853 4164 evasit
878 4093 1072 4183 paulopost
1096 4093 1328 4164 manifestum.

236 4185 351 4267 582.
378 4188 460 4254 Nam
486 4205 565 4252 cum
597 4182 734 4254 duobus
758 4183 866 4252 animi
892 4182 1043 4253 motibus
1066 4180 1312 4253 distraheretur
1334 4184 1429 4268 mater.

191 4280 224 4337 et
242 4270 364 4357 partim
382 4269 522 4358 quidem
543 4270 737 4353 laetaretur,
759 4271 851 4358 quod
898 4284 1011 4362 ropter
1028 4271 1199 4342 Christum
1218 4282 1304 4340 esset
1324 4255 1431 4334 sacrist-

104 4453 107 4462 .
193 4369 288 4424 cata:
307 4357 400 4428 lieret
414 4371 540 4442 autem,
557 4359 680 4447 quoda
698 4360 767 4430 filia
786 4359 845 4430 tali
862 4293 1130 4452 (llsjungeretur,
1155 4373 1187 4431 et
1204 4381 1269 4430 non
1288 4352 1430 4425 moderate
