2954 4816
236 303 299 368 366
548 325 585 368 aa
609 325 625 368 s
666 323 853 371 ruraoooruo
878 325 926 370 ar.
955 321 1103 370 auarocn.
1304 305 1376 368 bat.
1397 305 1429 366 ao

192 405 379 494 praefectos
406 406 585 496 adJuvent,
620 409 742 478 horum
769 431 872 480 curas
898 408 1028 478 leniant
1053 408 1232 498 precibus,
1263 406 1427 478 eoncordia.

190 494 372 565 charitate:
400 497 545 566 scientes
569 497 660 586 quod
690 498 724 566 ni
757 497 869 567 modis
893 496 1057 568 omnibus
1086 497 1298 586 opitulentur
1323 496 1361 564 iis
1384 497 1429 581 qui

190 597 237 652 tut
262 583 424 674 perieulis
457 585 670 674 objiciuntur
706 607 766 675 per
799 586 945 676 gratiam
972 587 1052 666 Dei,
1093 598 1207 672 totque
1243 585 1427 674 negotiorum

189 694 290 742 curas
319 674 501 755 sustinent,
534 674 815 762 quibuscumque
844 688 988 766 possunt
1015 675 1207 744 rationibus
1229 673 1425 748 auxilientur,

190 781 400 847 quamquam
428 762 546 851 procul
573 762 786 844 habitantes,
813 777 844 835 et
876 765 986 834 rietus
1013 785 1087 833 sors
1115 763 1201 853 ipsis
1239 763 1385 852 perisset,
1408 775 1431 826 rt

190 861 255 918 tota
275 849 308 917 in
324 849 513 939 scopulum
530 853 730 942 impegisset
746 853 926 943 sapientia.
946 857 1070 922 Verum
1090 852 1153 922 hoc
1170 873 1244 922 esse
1271 851 1429 921 maximum
1474 855 1476 944 J

188 937 361 1008 amicitiae
375 961 455 1030 erga
473 939 643 1010 Christum
667 955 924 1032 argumentum,
946 941 1141 1012 declaratur
1162 953 1194 1010 et
1219 941 1312 1010 hino.
1413 1028 1417 1036 Ι
1474 949 1475 954 ’

235 1030 310 1106 Sd.
337 1027 521 1099 Videamus
545 1041 672 1109 autem,
691 1030 865 1118 quomodo
884 1051 1011 1100 rnuaus
1037 1030 1100 1100 hoc
1125 1030 1285 1120 Episcopi
1309 1029 1430 1097 admim-
1469 1034 1474 1090 1

190 1115 317 1184 strarit.
345 1117 433 1198 Quin
465 1118 577 1208 potius
608 1139 675 1188 non
705 1132 756 1189 est
782 1141 871 1209 opus
891 1119 947 1189 hle
973 1119 1132 1208 pluribus
1161 1119 1274 1190 verbis
1298 1131 1352 1188 aut
1373 1136 1431 1184 voce
1467 1125 1474 1201 g

192 1217 317 1285 nostra,
336 1227 445 1292 quum
463 1217 571 1276 vester
587 1205 682 1276 lavor
699 1220 918 1299 vestrumque
941 1207 1093 1278 studium
1113 1207 1176 1278 hoc
1191 1207 1282 1278 ultro
1297 1204 1428 1276 declarat.
1466 1210 1474 1271 r'

189 1293 487 1373 Quemadmodum
504 1295 597 1364 enim
622 1295 748 1386 aliquis
766 1297 944 1388 ingressus
965 1297 1112 1378 vineam,
1133 1297 1287 1384 vitesque
1305 1309 1431 1365 contem·
1466 1278 1473 1373 ξ

192 1380 320 1468 platuS,
354 1384 528 1473 pampinis
551 1400 738 1467 comantes,
768 1385 883 1456 sructu
910 1385 1082 1476 gravidas,
1112 1387 1271 1458 maceriis
1295 1408 1332 1454 ac
1351 1385 1432 1472 septis
1466 1378 1472 1476 ξ

189 1469 343 1556 undique
364 1473 526 1554 munitas,
547 1473 816 1561 haudquaquam
838 1474 1011 1544 desiderat
1028 1475 1216 1544 orationem
1235 1474 1430 1562 cujusquam,
1466 1496 1472 1566 χ

188 1559 248 1644 qui
268 1557 478 1658 demonstret
494 1562 649 1658 vinitoris
667 1563 873 1634 industriam
891 1576 923 1634 et
939 1561 1109 1654 agricolae
1124 1565 1312 1662 ‚virtutem;
1341 1561 1431 1632 itidem
1466 1618 1470 1627 ,

187 1659 218 1715 et
243 1647 310 1728 hro,
338 1650 367 1718 si
387 1650 466 1736 quis
486 1651 662 1742 ingressus
686 1653 876 1742 conspiciat
901 1652 984 1721 vites
1008 1653 1218 1742 spirituales,
1243 1665 1433 1735 vestrumque
1467 1676 1471 1685 ·

188 1733 337 1833 fructum
359 1751 491 1808 contem
521 1739 620 1822 letur,
642 1740 727 1810 nihil
746 1763 834 1832 opus
856 1741 1025 1822 habuerit,
1047 1755 1083 1811 ut
1106 1763 1145 1810 ex
1160 1743 1365 1831 cuiusquam
1379 1759 1433 1834 ora·
1469 1745 1470 1814 ξ

188 1837 278 1893 trane
292 1825 411 1910 discat,
424 1762 538 1914 quaiis
553 1829 596 1898 sit
609 1842 718 1899 vester
730 1831 955 1920 praepositus.
973 1830 1069 1900 Siout
1080 1843 1112 1899 et
1125 1829 1255 1900 Paulus
1266 1829 1378 1899 scribit
1390 1825 1432 1894 alr·

187 1913 268 1984 cubi
279 1939 285 1979 ι
297 1917 449 2006 Epistola
461 1939 536 1987 mea
547 1941 603 1987 cos
616 1921 705 1998 ester,
720 1943 807 2008 quoe
821 1921 984 2008 r’nacrr'pta
994 1930 1053 1999 eat,
1069 1930 1100 1988 et
1118 1921 1301 2010 lepiturffi.
1313 1923 1377 1990 Cor.
1387 1913 1431 2014 ur).

189 2001 327 2072 Fluvios
352 2005 477 2106 arguit,
497 2007 611 2094 qualis
628 2007 671 2075 sit
688 2007 784 2089 sons;
807 2021 839 2077 et
858 2007 992 2078 lructus
1011 2007 1140 2078 indicat
1156 2008 1273 2095 qualis
1290 2009 1332 2078 sit
1346 2004 1431 2074 redu.

189 2091 375 2162 Dicendum
404 2095 508 2185 igitur
523 2109 595 2164 erat
618 2109 650 2164 et
668 2109 804 2188 tempus
819 2108 851 2166 et
871 2097 1023 2178 initium,
1050 2096 1189 2184 quando
1208 2098 1344 2166 vineam
1369 2095 1433 2162 haar

187 2181 349 2270 suscepit.
372 2186 485 2269 acque
508 2185 600 2254 enirn
628 2184 690 2256 hoc
717 2186 900 2256 minimum
923 2185 1062 2255 habebit
1087 2187 1253 2256 momenti
1278 2185 1320 2254 ad
1344 2179 1432 2252 absol·
1468 2271 1469 2274 Ἴ

187 2270 331 2338 rendam
349 2273 497 2341 encomii
517 2285 659 2364 partem,
680 2275 737 2345 sed
755 2277 898 2345 omnino
918 2275 1001 2344 satis
1017 2273 1119 2344 luerit
1142 2274 1185 2344 ad
1210 2271 1431 2345 declarandam
1468 2353 1469 2360 ἵ

186 2356 337 2426 hominis
360 2359 533 2431 virtutem.
557 2367 622 2432 Res
647 2375 719 2433 tum
739 2376 812 2433 erat
830 2364 957 2433 multae
973 2361 1199 2444 difficultatis,
1218 2385 1329 2452 quum
1349 2377 1433 2448 nuper
1468 2369 1469 2429 l

185 2459 273 2514 esset
296 2446 413 2518 sedata
432 2451 634 2538 persecutio,
663 2453 883 2522 manentibus
907 2453 1097 2522 etiamnum
1123 2453 1349 2542 gravissimae
1371 2463 1432 2518 ten-

187 2537 325 2620 pestatis
350 2536 444 2608 illius
463 2539 629 2628 reliquiis,
649 2563 827 2630 quumque
853 2541 988 2631 negotia
1010 2540 1195 2630 plurimam
1221 2541 1432 2612 desiderarent

183 2624 441 2696 correctionem.
469 2628 529 2700 llis
554 2629 696 2718 insuper
721 2629 806 2700 illud
824 2629 1087 2731 adjungendum
1108 2643 1191 2709 erat,
1211 2631 1319 2717 quod,
1339 2645 1432 2714 quem·

183 2711 369 2783 admodum
396 2715 565 2796 dicebam,
594 2717 841 2788 haereticorum
867 2718 969 2788 laeuo
989 2719 1054 2788 sub
1079 2717 1137 2788 illo
1168 2734 1260 2800 nata,
1284 2717 1432 2808 negotium
1464 2724 1468 2811 J

182 2800 348 2882 exhibuit,
371 2803 465 2875 illius
490 2806 659 2896 sapientia
678 2821 802 2878 cuneta
824 2807 1065 2900 prospiciente.

228 2892 245 2976 ὅ
269 2893 309 2961 S.
328 2895 451 2962 lterum
470 2895 511 2963 ad
533 2896 637 2964 aliam
659 2897 885 2966 necessariam
906 2898 1082 2966 materiam
1110 2896 1209 2966 nobis
1230 2895 1432 2966 festinatam·
1467 2905 1468 2952 1

184 2979 241 3061 tio,
264 3001 372 3067 eoque
396 2983 575 3053 communi
600 2984 699 3074 patri,
723 2984 882 3142 beatitpue
906 2985 1098 3076 Philogonii
1120 2987 1282 3055 sectatori
1302 2985 1377 3054 haec
1396 2979 1433 3046 di·

183 3067 291 3138 cenda
327 3069 580 3159 relinquentes,
614 3075 738 3161 utqui
768 3095 820 3144 me
838 3075 891 3144 ius
920 3074 1019 3143 nobis
1044 3085 1176 3156 teneat,
1210 3071 1372 3161 quiequid
1396 3075 1433 3165 est
1468 3083 1469 3086 ’

183 3156 439 3246 antiquitatum,
460 3161 502 3230 ad
520 3161 622 3232 aliam
642 3163 872 3232 concionandi
895 3163 1059 3233 rationem
1079 3175 1309 3232 transeamus.
1324 3165 1432 3248 llppetrt

183 3246 274 3315 enim
294 3245 415 3318 lesturn
437 3252 592 3321 omnium
612 3249 774 3320 festorum
795 3252 941 3320 maxime
957 3251 1205 3333 venerandum,
1223 3249 1431 3320 adorandum·

182 3357 269 3426 que:
295 3338 386 3424 quod
412 3339 440 3409 si
465 3340 544 3426 quis
560 3339 708 3429 appellet
724 3340 880 3410 omnium
900 3339 1063 3411 lestorum
1090 3338 1320 3430 metropolim,
1344 3331 1430 3405 haud·

181 3446 355 3512 quaquam
387 3428 531 3498 aberret.
566 3429 661 3512 Quod
689 3443 801 3498 autem
836 3428 900 3498 hoc
924 3432 999 3499 est?
1030 3429 1154 3498 Christi
1185 3430 1286 3518 juxta
1315 3439 1429 3496 carnem

182 3515 353 3584 nativitas.
381 3517 429 3587 ab
454 3516 518 3587 hoo
542 3518 634 3587 enim
660 3517 843 3588 illustratio
870 3518 950 3599 bei,
973 3517 1097 3588 festum
1124 3517 1282 3588 videlieet
1305 3512 1429 3604 Epipha-

182 3603 331 3685 niorum,
351 3626 391 3675 ac
415 3627 551 3676 sacrum
587 3606 728 3689 Pascha,
748 3607 908 3676 ascensio
931 3619 963 3676 et
988 3613 1195 3690 Pentecoste,
1222 3607 1381 3697 originem
1398 3616 1427 3664 ac

181 3690 444 3765 fundamentum
471 3694 615 3765 ducunt.
641 3695 711 3766 Nisi
738 3696 830 3765 enim
858 3696 1049 3767 secundum
1075 3718 1214 3765 carnem
1242 3711 1340 3765 natus
1360 3693 1428 3758 esset
1471 3711 1472 3758 t

180 3781 346 3862 Christus
368 3785 805 3874 nequaquam'baptizatus
821 3797 929 3866 esset3
962 3807 1041 3854 nam
1068 3783 1101 3854 id
1126 3785 1251 3854 l‘estum
1277 3777 1427 3866 Theopla-

182 3871 331 3940 niorum.
350 3877 572 3961 Nequaquam
592 3871 711 3943 luisset
735 3873 934 3943 crucifixus:
956 3896 1034 3943 nam
1058 3873 1121 3942 hoc
1138 3872 1263 3944 lestum
1289 3867 1424 3940 Paschae·

179 3965 400 4048 Nequaquam
428 3963 577 4032 misisset
601 3963 767 4052 Spiritum
794 3967 970 4043 Sanctum,
990 3961 1081 4050 quod
1106 3975 1157 4032 est
1186 3961 1307 4034 sestum
1332 3963 1425 4048 Penta·

180 4062 301 4120 costes.
320 4055 438 4136 ltaque
454 4050 497 4119 ab
523 4051 586 4122 hoc
606 4073 670 4121 ceu
693 4050 784 4121 lonte
808 4051 986 4142 quopiam,
1015 4050 1051 4121 hi
1075 4051 1201 4120 diversi
1225 4069 1339 4130 ornnes
1362 4055 1421 4112 ortt.
1470 4083 1471 4140 q

181 4149 259 4206 nata
283 4152 365 4208 sunt
394 4137 492 4208 nobis
521 4139 603 4210 haee
627 4139 724 4210 festa.
744 4146 868 4210 verum
896 4163 963 4210 non
991 4140 1034 4210 ob
1060 4140 1123 4210 hoo
1154 4153 1285 4210 tantum
1314 4154 1368 4225 par
1386 4135 1423 4224 etl

180 4226 274 4295 hunc
291 4227 381 4296 diem
400 4229 543 4298 coeteris
567 4229 741 4320 anteponi,
762 4227 819 4298 sed
850 4229 952 4299 etiam
981 4227 1024 4299 ob
1045 4228 1091 4310 id,
1111 4229 1203 4316 quod
1225 4228 1270 4309 id,
1295 4217 1374 4312 quoti
1395 4233 1421 4281 ¹11

180 4314 244 4384 lroo
276 4328 392 4386 natum
423 4330 486 4395 est,
513 4319 655 4387 caeteris
691 4317 854 4388 omnibus
888 4331 939 4389 est
973 4317 1216 4388 venerabilius.
1249 4321 1326 4387 Nam
1348 4298 1420 4394 qu⁰d

179 4403 334 4473 Christus
348 4405 450 4474 homo
464 4405 574 4476 sactus
591 4419 747 4480 mortuus
761 4419 822 4488 est,
842 4429 949 4495 quum
967 4407 1101 4478 nullum
1116 4407 1257 4476 omnino
1271 4408 1419 4495 peecatum
