2920 4810
187 296 249 362 sat
580 313 620 360 nu
643 313 672 361 s.
699 311 980 362 saumariorum
1259 265 1328 335 ΜΕ·
1350 258 1376 324 3¹

144 399 349 469 mulieribus
373 398 490 489 magui
514 397 625 468 lacere
651 399 839 488 jejunium,
866 409 899 468 et
923 398 1069 478 timeret,
1096 419 1133 467 ue
1166 390 1201 458 in
1229 397 1267 448 0⁰
1295 375 1379 469 9¹¹⁵st

143 501 276 558 mantes
300 487 416 558 omnia
439 488 620 572 contineri,
640 488 727 556 alias
753 489 895 558 virtutes
920 486 1140 580 negligerent,
1174 471 1256 578 tales
1283 452 1378 556 &⁵5³4
1426 501 1427 506 ’

142 577 542 658 ducenssimilitudines,
561 575 603 646 ad
619 577 773 666 ipsarum
792 576 961 647 excitabat
976 575 1141 646 studium.
1159 557 1291 642 Dicebat
1301 565 1374 645 curn,

142 668 294 736 animam
319 665 458 754 quidem
483 685 558 734 esse
590 687 738 755 sponsae
762 665 934 747 similem;
960 685 1050 752 quae
1081 675 1160 736 sunt
1187 661 1293 728 autern
1315 653 1372 704 llll!

144 758 255 843 ipsam
281 755 449 834 virtutes,
476 754 694 843 nuptialibus
717 752 932 824 indumentis
971 762 1250 841 unamquamque
1280 738 1366 821 llllem

142 844 294 933 aliquam
330 863 389 913 cor
414 843 485 914 oris
508 863 642 913 ornare.
669 843 847 931 Jejunium
874 865 953 912 vero
986 865 1061 913 esse
1085 843 1207 932 pedum
1231 833 1365 899 ornanu-

144 949 229 1004 tum.
248 865 424 1017 Quomodo
440 953 522 1022 ergo
538 955 618 1002 cum
632 931 710 1001 aliis
728 932 943 1002 indumentis
959 943 1091 1023 oportet
1105 933 1201 1002 etiam
1217 942 1254 990 ea
1269 907 1362 982 habco,

143 1043 230 1109 quae
263 1021 366 1112 pedes
390 1034 526 1102 ornant,
553 1023 599 1090 ita
622 1023 725 1091 etiam
759 1022 897 1090 animae
927 1043 1006 1090 cum
1036 1020 1115 1092 aliis
1138 1019 1249 1090 adesse
1278 1003 1367 1090 ⁰l³⁰¹¹l³

138 1111 326 1200 jejunium.
348 1110 383 1179 Si
406 1111 486 1198 quis
509 1123 623 1179 autem
644 1131 765 1179 rursus
781 1111 857 1199 ejus
880 1107 1021 1198 quidem
1048 1109 1156 1181 solius
1177 1115 1284 1200 curem
1300 1093 1364 1176 80⁰²*
1413 1126 1415 1140 ⁴

142 1199 211 1268 alia
235 1219 312 1268 vero
332 1201 450 1268 omnia
474 1198 629 1290 negligit,
657 1219 725 1268 non
750 1211 802 1268 est
825 1221 865 1268 ea
895 1199 1013 1268 anima
1036 1197 1219 1292 dissimilis·
1236 1182 1281 1287 dl!
1302 1167 1367 1294 llll}
1408 1143 1417 1283 ,³

143 1288 206 1370 lae,
233 1309 320 1376 quae
343 1309 422 1356 oum
444 1286 629 1358 duceretur
652 1287 695 1356 ad
716 1287 868 1377 nuptias,
890 1301 923 1357 et
940 1286 1051 1357 solum
1079 1287 1178 1378 pedes
1194 1279 1255 1380 aibr
1270 1263 1365 1339 indus·
1410 1286 1415 1383 ¹,

144 1389 204 1459 aet,
221 1376 354 1464 reliqua
370 1376 488 1446 omnia
504 1376 644 1464 reliquit
661 1377 820 1446 inornata
834 1390 867 1446 et
883 1376 988 1446 nuda.
1013 1381 1057 1446 lle
1076 1376 1260 1466 ohedientia
1275 1365 1365 1451 auten.

142 1479 174 1535 et
190 1465 281 1552 quod
298 1477 452 1554 oporteat
467 1465 727 1556 magistratibus
741 1467 873 1554 parere,
896 1465 980 1536 haec
1004 1486 1142 1553 quoque
1158 1464 1278 1554 adjecit.
1290 1447 1363 1538 littam
1427 1489 1428 1492 ,

143 1557 178 1623 in
203 1555 258 1636 iis,
280 1575 369 1642 quae
393 1553 436 1622 ad
453 1555 556 1623 vitam
584 1553 797 1624 mundanam
825 1555 1007 1644 pertinent,
1031 1554 1097 1624 hoc
1119 1543 1266 1640 estquod
1283 1547 1361 1606 onon
1427 1539 1428 1576 ¹

144 1644 290 1712 maxime
314 1643 483 1712 continet:
503 1642 642 1731 etquod
667 1643 839 1731 imperare
868 1642 1008 1729 quidem
1036 1642 1118 1713 lacit
1146 1639 1362 1731 Imperatorem»
1427 1723 1428 1726 Ἴ

144 1735 262 1821 parere
285 1745 400 1802 autem
424 1753 517 1812 eum,
536 1731 598 1818 qui
621 1744 672 1801 est
694 1732 726 1810 ei
743 1732 929 1820 subjectus.
948 1737 987 1801 Et
1010 1733 1040 1801 si
1065 1732 1131 1801 hoc
1154 1725 1362 1801 sustutenstt·
1427 1731 1428 1748 ¹

142 1819 258 1890 dinem
283 1841 421 1910 quoque
441 1819 623 1901 sustulisti,
650 1833 785 1890 etcum
812 1821 1015 1891 nominibus
1043 1821 1173 1892 scilicet
1202 1839 1251 1888 res
1273 1813 1365 1898 quoqu

142 1909 340 1980 confudisti.
358 1911 471 1997 Neque
495 1931 572 1979 vero
596 1909 627 1978 ei
651 1909 793 1980 deerant
815 1909 972 2066 exempla
989 1911 1039 1978 sic
1063 1909 1213 1979 dicenti:

186 1999 303 2086 §u
328 1999 476 2068 Accessit
498 1997 686 2085 aliquando
718 1997 860 2085 quidam
890 2019 908 2068 a
958 2019 1124 2090 magnum
1151 1991 1315 2085 quemdam
1335 1993 1365 2046 n·

144 2107 235 2168 uem,
260 2085 335 2175 ejus
359 2085 501 2157 studens
519 2087 594 2156 fieri
616 2086 823 2177 discipulus.
851 2090 884 2156 Is
900 2099 1015 2158 autem
1040 2086 1084 2156 ab
1104 2087 1203 2157 initio
1221 2071 1364 2156 ostendens,

143 2175 280 2263 qualem
306 2187 437 2264 oportet
451 2197 527 2244 esse
550 2174 777 2265 discipulum,
794 2175 901 2266 jussit
923 2198 1003 2245 eum
1026 2187 1188 2256 statuam,
1203 2191 1282 2262 quae
1299 2173 1368 2312 put?
1406 2210 1414 2337 p

144 2265 265 2342 stabat.
284 2276 453 2352 quantum
468 2277 585 2366 posset
609 2265 798 2344 verberare,
818 2277 850 2333 et
877 2265 909 2333 ei
938 2263 1106 2334 insultare
1130 2265 1287 2334 calcibus.
1307 2257 1349 2322 1²⁰⁵

143 2375 248 2440 quam
273 2374 351 2422 vero
376 2365 491 2442 paruit
507 2352 719 2436 adolescens,
739 2352 961 2444 interrogavit
985 2375 1098 2434 senex,
1126 2375 1169 2423 an
1194 2373 1276 2441 quae
1292 2339 1367 2438 pulsi-
1408 2352 1413 2367 ·

143 2442 245 2512 batur
260 2453 293 2510 et
315 2441 471 2512 calcibus
495 2441 725 2532 impetebatur
744 2455 868 2522 statua,
896 2441 1142 2512 contradixerit
1165 2457 1225 2512 aut
1244 2453 1322 2530 aegre
1338 2441 1367 2496 ¹¹¹·

146 2531 232 2602 lerit.
256 2535 339 2600 Cum
365 2531 394 2602 is
418 2543 532 2600 autem
550 2531 702 2612 dixisset,
727 2531 815 2600 nibil
840 2530 970 2601 lactum
998 2531 1184 2618 ejusmodi,
1211 2531 1303 2621 jussit
1319 2533 1367 2613 cru

146 2641 268 2690 rursus
290 2631 480 2710 percutere,
499 2633 531 2688 et
556 2631 690 2709 praeter
713 2619 835 2710 plagas
858 2639 934 2689 eam
954 2620 1057 2689 etiam
1086 2620 1256 2690 incessere
1274 2605 1368 2706 malell-

144 2711 220 2780 ctis.
247 2713 430 2796 Postquam
448 2729 527 2778 vero
546 2721 595 2777 ter
610 2707 689 2778 lecit
707 2707 840 2790 eadem,
864 2720 976 2778 statua
996 2723 1110 2778 autem
1131 2721 1203 2778 erat
1226 2708 1319 2779 solun
1338 2715 1367 2764 n

145 2799 261 2867 anima
280 2809 313 2866 et
334 2809 439 2878 muta,
468 2811 549 2868 tunc
566 2817 681 2866 senex:
703 2799 773 2866 «Si
792 2796 947 2886 quidem,
963 2798 1087 2886 inquit,
1114 2808 1153 2867 tu
1175 2797 1368 2885 quoqueptlts

144 2886 262 2956 eadem
287 2886 469 2969 sustinere,
495 2898 527 2955 et
544 2885 630 2955 nihil
655 2886 901 2968 contradicere,
919 2886 1092 2973 quomodo
1118 2907 1180 2956 nec
1201 2887 1282 2956 haec
1299 2889 1366 2973 statu

146 2986 309 3064 perpetuo
333 2973 469 3063 probris
492 2973 612 3044 affecta
635 2988 668 3044 et
692 2974 925 3057 contumeliis,
952 2975 1092 3056 accede,
1118 2988 1152 3045 et
1176 2989 1287 3046 nostra
1303 2970 1367 3040 disu-

147 3063 240 3152 pliua
264 3061 398 3132 lruere:
417 3063 469 3131 sin
486 3064 614 3146 minus,
641 3085 684 3133 ne
705 3076 735 3134 te
752 3063 794 3132 ad
810 3077 962 3134 nostram
979 3062 1135 3134 conseras
1151 3063 1365 3155 disciplina.»

145 3151 208 3222 llla
233 3151 341 3222 multa
357 3151 529 3239 ejusmodi
547 3152 700 3222 oratione
718 3152 941 3242 percurrebat
956 3152 1049 3244 apud
1074 3153 1233 3242 virgines.
1255 3154 1297 3222 ld
1309 3166 1365 3219 suu·

79 3318 83 3328 ¹
145 3261 237 3311 mam
262 3253 389 3321 autem,
440 3263 477 3310 er
498 3263 620 3313 omnes
646 3241 836 3328 pervadens
859 3242 1013 3322 virtutes,
1031 3253 1064 3310 et
1086 3244 1298 3334 quantumin
1315 3253 1364 3308 tot·

144 3351 282 3419 quaque
304 3341 393 3399 esset
417 3261 506 3400 fueri
530 3329 735 3412 ostendens,
761 3343 794 3400 et
817 3342 985 3418 quantum
1007 3330 1140 3410 damni,
1167 3331 1197 3401 si
1224 3332 1322 3422 pigrae
1337 3342 1363 3392 aa

145 3432 220 3489 sent
243 3441 283 3490 ao
299 3418 470 3498 socordes,
496 3439 555 3487 eas
577 3420 730 3510 erigebat
753 3433 785 3488 et
808 3419 977 3489 excitabat
995 3420 1161 3500 oratione,
1181 3432 1212 3488 et
1229 3413 1362 3510 persuade·

145 3509 214 3590 bat,
233 3523 271 3579 ut
294 3525 430 3579 omnem
457 3507 609 3578 laborem
634 3508 799 3578 audacter
822 3508 989 3579 subirent.
1007 3507 1135 3578 Deinde
1157 3508 1264 3588 etiam,
1279 3521 1311 3579 ut
1327 3521 1362 3595 pn

145 3609 228 3680 erat,
253 3597 304 3666 eis
327 3617 463 3684 quoque
486 3596 655 3686 templum
670 3597 841 3678 aedificat,
859 3598 895 3666 in
912 3618 982 3685 quo
996 3609 1137 3688 possent
1160 3597 1298 3668 divinum
1317 3612 1360 3686 per

144 3707 245 3779 agere
261 3687 504 3767 ministerium,
531 3684 596 3756 hoc
620 3699 818 3756 sanctorum
840 3686 997 3773 reliquiis
1019 3707 1235 3767 consecrans,
1261 3684 1359 3776 Pruple

146 3790 210 3859 tae,
230 3776 386 3864 inquam,
405 3774 587 3844 Zachariae
600 3788 632 3844 et
647 3774 813 3866 Stephani
830 3776 935 3866 primi
953 3775 1126 3865 martyris,
1143 3787 1178 3846 et
1193 3775 1356 3868 quadraginti

145 3867 246 3936 etiam
272 3865 396 3934 Christi
413 3877 622 3954 martyrum.

188 3958 207 4044 ξ
232 3956 308 4028 ²8.
331 3951 421 4036 *Quid
445 3950 520 4023 vult
543 3953 590 4036 id,
617 3951 708 4040 quod
742 3966 794 4024 est
822 3966 937 4044 postea
965 3963 1215 4034 consecutum,
1239 3951 1354 4023 declarare

145 4045 279 4114 oratio?
302 4043 499 4132 Aponianus
515 4041 575 4130 qui
599 4039 710 4112 luerat
725 4042 799 4130 ejus
814 4040 955 4130 quidem
973 4037 1165 4112 secundum
1180 4063 1290 4112 carnem
1305 4061 1352 4112 cu·

142 4133 217 4220 jux,
252 4129 356 4201 frater
382 4143 501 4208 *anatem
537 4129 728 4200 secundum
770 4132 953 4221 spiritum,
978 4131 1024 4200 iis
1055 4151 1144 4219 quaa
1169 4143 1237 4202 sunt
1260 4130 1351 4214 inbriu

148 4219 286 4316 relictis,
310 4220 493 4311 migratad
511 4239 656 4309 superas
672 4220 843 4311 regiones.
869 4220 932 4290 Illa
956 4234 1069 4290 autem
1094 4241 1194 4290 suum
1216 4217 1348 4309 quoquel

149 4325 226 4402 nem
246 4325 320 4392 Jam
348 4331 455 4400 prope
486 4308 606 4380 adesse
628 4310 850 4394 existimans,
883 4311 1053 4400 majorum
1087 4311 1282 4384 certaminum
1299 4309 1349 4382 lin

148 4391 213 4463 sibi
238 4397 387 4481 sumpsit
417 4399 656 4480 occasionem,
693 4400 785 4470 intra
809 4400 978 4492 templum
1017 4401 1158 4489 quidem
1194 4421 1304 4482 marens,
1320 4389 1348 4470 td
