2960 4824
62 297 123 362 tut.
148 299 185 362 l3
314 317 354 363 ns
378 315 423 364 ss.
449 315 634 376 xusmrrco,
662 315 821 364 auxamio
846 315 912 364 xxc.
939 317 996 364 ux.
1186 301 1249 365 3t5

58 400 175 469 laborat:
202 400 347 470 maxime
372 422 449 470 oum
476 401 563 470 nihil
597 402 724 490 possim
760 402 913 470 invenire
947 401 1037 488 quod
1069 401 1217 472 sufficiat
1249 402 1292 472 ad

57 489 244 558 avertendum
263 490 408 559 audacia
427 489 500 575 ejus
524 501 662 578 coepta:
689 489 746 560 sed
764 490 826 560 etsi
846 490 933 579 ejus,
958 511 1046 576 quae
1066 491 1150 559 mibi
1176 493 1289 572 servit,

57 577 169 646 militiae
182 577 343 648 honorem
364 592 452 648 esset
474 591 665 658 assecutus,
690 578 812 666 majori
833 577 994 668 superbia
1011 580 1128 649 auimo
1143 593 1289 661 erectus,

54 665 130 734 desiit
144 667 175 734 in
193 666 450 737 coutumeliam.
468 667 563 750 Quod
581 667 610 736 si
625 668 826 736 intentarem
846 680 986 746 metum,
1012 689 1074 736 sua
1098 670 1294 758 arrogantia

52 754 294 845 circumscripsit
308 754 477 835 futurum,
494 757 559 825 rim
576 777 657 825 suae
672 755 926 844 superstitionis
951 755 1098 828 reddens
1123 758 1289 846 potentio·

53 863 122 910 rem:
144 857 174 912 et
193 843 270 913 lieet
287 845 412 913 videret
437 843 523 914 alios
547 843 674 913 eisdem
701 845 839 914 allectos
863 843 1056 933 suppliciis,
1084 866 1194 931 neque
1216 867 1293 935 pro-

54 943 109 1017 pter
124 933 242 1014 minaS,
268 955 356 1018 quae
374 933 406 1001 in
424 954 482 1001 cos
502 932 778 1014 intendebantur,
798 954 895 1001 suam
918 933 1079 1022 repressit
1094 933 1289 1003 audaciam:

52 1019 93 1087 sed
107 1020 188 1108 quod
201 1034 370 1102 evenerat,
381 1021 597 1091 existimabat
609 1041 683 1091 csse
698 1023 810 1112 potius
825 1019 982 1090 fortunae
1001 1021 1169 1091 insultum
1184 1045 1289 1110 quam

50 1109 245 1197 supplicium.
266 1113 351 1178 llum
363 1131 443 1200 ergo
459 1123 491 1179 et
505 1111 566 1196 qui
582 1132 660 1178 cum
678 1133 717 1179 eo
734 1123 783 1180 est
808 1114 971 1190 Orestem,
994 1110 1054 1196 qui
1071 1123 1122 1180 est
1135 1111 1289 1197 ejosdem

50 1199 219 1280 sententiae,
231 1197 273 1267 ad
292 1211 383 1266 tuam
402 1199 497 1268 mitto
512 1198 729 1299 sapientiam,
743 1219 889 1284 sequens
905 1197 1015 1267 edicta
1032 1199 1289 1286 imperatoria.»

51 1289 112 1352 tum
129 1286 187 1356 bas
202 1309 285 1378 crgo
302 1286 431 1356 litteras
446 1299 658 1376 accepissent
674 1286 810 1368 milites,
831 1298 863 1355 et
879 1291 1020 1357 Sanetos
1038 1286 1202 1358 baberent
1217 1288 1292 1356 vin·

50 1387 112 1452 ctos,
129 1377 211 1445 viam
239 1377 544 1464 persequebantur.
571 1379 715 1444 Sanctus
738 1388 852 1444 autem
874 1376 1066 1444 Eustratius
1086 1377 1189 1445 simul
1208 1399 1288 1447 cum

49 1463 138 1532 Oreste
156 1465 204 1532 sic
219 1464 365 1534 canebat
382 1465 415 1532 in
434 1465 503 1533 via:
534 1467 627 1533 Viam
645 1466 928 1554 justificationum
946 1475 1083 1532 tuarum
1097 1468 1187 1556 elcpt'
1197 1492 1208 1534 :
1240 1467 1292 1534 in-

45 1561 117 1620 strae
130 1575 189 1635 mc,
216 1564 249 1622 et
272 1554 401 1621 discam
423 1554 587 1622 mandata
604 1563 663 1622 tuo
676 1558 746 1642 (Ps.
767 1553 856 1640 llS).

77 1641 191 1724 §w
218 1641 374 1740 lmpletis
399 1663 476 1711 vero
500 1642 672 1730 precibus,
699 1641 804 1710 dixit:
832 1645 983 1709 «Frater
1006 1643 1161 1722 Orestes,
1190 1663 1291 1710 narra

48 1729 112 1796 mibi
133 1751 197 1819 qua
222 1731 332 1798 ammi
357 1729 531 1800 alacritato
553 1741 816 1800 consummatus
840 1727 904 1798 luit
927 1743 1067 1798 sanctus
1091 1730 1288 1808 auxentius,

46 1827 68 1880 ct
86 1817 114 1883 in
136 1841 201 1904 quo
227 1818 314 1888 loco.
343 1841 361 1884 u
387 1823 531 1888 Sanctus
554 1831 669 1888 autem
693 1823 827 1888 Orestes
850 1817 955 1886 dixit:
982 1823 1200 1904 «Postquam
1219 1824 1291 1887 Dux

49 1908 310 1986 pronuntiavitin
336 1928 414 1976 eum
441 1907 657 1987 sententiam,
687 1907 816 1998 rogavit
842 1906 967 1976 milites
990 1906 1050 1993 qui
1074 1928 1152 1974 eum
1179 1907 1291 1975 abdu-

45 1993 144 2064 cebant
158 2010 194 2064 ut
210 1997 341 2065 veniret
357 1995 398 2064 ad
418 1996 598 2065 videndam
622 2009 714 2065 tuam
732 1996 903 2076 virtutem,
922 2008 954 2064 et
970 2007 1000 2064 te
1012 1995 1149 2082 juberet
1165 1995 1287 2062 valere.

46 2083 126 2151 lcmo
144 2106 219 2154 vcro
242 2107 324 2154 eum
351 2084 470 2154 audire
495 2085 674 2154 sustinuit:
702 2084 888 2153 eratenim
916 2096 1051 2172 tempus
1078 2081 1211 2171 prandii
1226 2104 1233 2162 ;
1260 2095 1293 2151 ct

46 2167 224 2243 festinabant
244 2173 309 2252 illi,
338 2174 444 2241 ventri
464 2173 659 2252 servientes,
679 2172 822 2262 implere
845 2171 875 2240 id
895 2171 984 2258 quod
1011 2172 1060 2240 eis
1081 2171 1287 2260 imperatum

47 2253 142 2340 luerat,
161 2275 193 2330 et
208 2262 384 2330 duxerunt
407 2283 485 2330 eum
504 2263 535 2330 in
552 2260 740 2349 quamdam
765 2259 902 2341 vallem,
925 2281 1029 2346 quam
1052 2281 1113 2328 nos
1131 2281 1292 2328 vocamus

45 2347 184 2420 Omriam.
204 2349 354 2419 Veniens
371 2363 483 2419 autem
501 2351 534 2419 io
553 2351 604 2418 via
622 2350 766 2420 canebat
781 2356 946 2420 Sanctus:
967 2351 1065 2418 Booti
1079 2349 1292 2418 immaculati

47 2435 72 2498 in
90 2441 152 2518 nio,
171 2443 233 2530 qui
249 2441 425 2508 ambulant
441 2441 478 2506 c'n
498 2441 570 2529 lcpe
594 2440 727 2508 Domini
743 2439 811 2528 (Ps.
833 2438 923 2527 tt8),
941 2451 973 2507 et
993 2437 1160 2524 usquead
1177 2438 1291 2526 ipsum

48 2521 134 2594 locum
158 2527 315 2618 implevit
344 2527 529 2608 Psalmum,
556 2540 588 2596 et
612 2527 707 2596 llexis
732 2527 879 2616 genibus
906 2528 1024 2597 oravit.
1053 2533 1134 2596 Cum
1166 2546 1292 2594 manus

46 2631 103 2682 tero
123 2617 329 2696 sustulisset,
349 2617 480 2706 accepit
504 2628 677 2702 tamquam
704 2614 923 2696 oblationem,
942 2629 975 2685 et
997 2615 1093 2695 dixit,
1115 2619 1241 2693 Aaron:
1259 2626 1293 2682 et

44 2721 103 2768 cum
127 2703 438 2793 circumspexisset,
471 2704 553 2772 vidit
584 2726 638 2774 me
659 2725 763 2793 prope
786 2725 864 2774 eum
895 2717 1053 2782 stantem,
1080 2717 1211 2771 etcum
1239 2723 1292 2770 me

44 2805 182 2874 vocasset,
201 2793 288 2862 dixit
313 2793 398 2862 mibi
422 2793 564 2863 acriter:
599 2798 712 2862 Frater
738 2796 882 2873 Orestes,
905 2792 1078 2880 alloquere
1107 2791 1289 2861 [lominum

44 2879 241 2962 lustralium,
262 2894 294 2950 et
318 2880 374 2950 dic
397 2883 427 2950 ci
453 2895 490 2951 ut
514 2892 585 2951 oret
611 2901 760 2971 prome:
782 2893 915 2950 eleum
936 2881 1002 2949 cito
1027 2879 1069 2949 ad
1092 2901 1146 2948 mc
1171 2891 1291 2950 ventu-

44 2985 204 3040 cumeum
222 2972 317 3040 enim
336 2983 510 3060 exspecto:
529 2982 561 3039 et
575 2969 624 3038 sic
637 2968 739 3039 luitci
754 2983 857 3070 caput
870 2981 1100 3058 amputatum,
1115 2969 1291 3048 omnibus,

42 3073 109 3135 quos
128 3060 278 3149 suspicio
293 3073 366 3128 erat
380 3079 454 3128 esse
469 3059 689 3138 Christianos,
719 3080 828 3148 passis
844 3057 1127 3147 persecutionem.
1148 3061 1292 3156 Sanctae

42 3157 134 3214 antem
151 3153 225 3235 ejus
248 3147 413 3234 reliquiae
431 3161 533 3217 noctu
557 3146 648 3216 furto
672 3147 827 3218 sublatae
851 3159 974 3216 sunta
1001 3146 1207 3236 presbyteris
1232 3167 1292 3230 qut

42 3247 120 3302 crant
142 3237 173 3304 in
199 3237 391 3306 tlrabracis.
415 3235 497 3323 lljus
514 3254 591 3306 vcro
615 3235 726 3325 capite
751 3257 817 3304 non
837 3235 984 3317 invento,
1004 3246 1189 3322 coeperunt
1212 3233 1294 3302 llere

40 3333 64 3385 ct
78 3325 171 3392 Oeum
193 3331 365 3415 rogarent
383 3325 433 3392 eis
450 3325 596 3412 aperiret
610 3337 766 3394 sanctum
785 3335 888 3412 caput
909 3323 1080 3413 martyris.
1102 3323 1159 3391 Oai
1175 3335 1288 3390 autem

44 3412 234 3483 trondemta
257 3427 351 3483 stans
367 3413 483 3482 cornix
504 3433 607 3501 super
623 3435 758 3482 ramum
780 3412 913 3481 arboris
931 3413 964 3480 in
989 3435 1055 3499 qua
1076 3422 1149 3481 erat
1173 3421 1289 3498 caput,

42 3501 132 3584 coepit
150 3501 314 3572 clamare.
347 3507 430 3570 Cum
465 3501 702 3590 adspexissent
725 3522 805 3570 vero
831 3499 874 3570 ad
897 3521 1030 3570 ramum
1056 3499 1189 3570 arboris
1214 3519 1290 3588 pre-

43 3583 159 3674 sbyteri,
179 3592 213 3660 in
232 3613 301 3677 qua
318 3589 435 3658 cornix
455 3591 565 3659 stabat
583 3590 750 3670 clamans,
774 3589 889 3658 vident
906 3588 940 3658 id
956 3588 1076 3678 jacens
1094 3609 1200 3677 prope
1220 3609 1293 3687 cor-

45 3673 153 3745 nicem:
178 3693 316 3748 etcum
343 3679 456 3765 ipsum
479 3678 666 3748 honorifice
691 3677 923 3759 sustulissent,
951 3676 1166 3747 sustulerunt
1189 3687 1293 3744 ettam

43 3779 157 3836 arctas
179 3766 456 3855 cjusseliquias,
483 3778 516 3835 et
542 3789 599 3836 eas
624 3764 875 3837 transtulerunt
905 3767 938 3835 in
965 3765 1078 3834 locum
1108 3786 1234 3856 purum
1261 3775 1295 3833 et

44 3852 207 3942 insignem.
231 3879 249 3922 »
275 3859 366 3924 llaec
385 3877 464 3924 cum
491 3868 631 3925 sanctus
662 3855 851 3926 audivisset
885 3853 1099 3930 Eustratius‚
1122 3853 1235 3934 flevit,
1262 3865 1293 3922 ct

46 3939 129 4010 lteum
149 3944 329 4024 invocavit,
357 3957 389 4013 et
412 3943 497 4014 dixit
517 3947 673 4014 Orestae:
701 3967 719 4010 tt
740 3950 927 4034 Pergamus
953 3962 1015 4012 nos
1034 3963 1182 4030 quoque,
1200 3941 1291 4010 etad

44 4047 102 4098 cum
127 4033 241 4102 tenire
266 4031 518 4102 festinemus.»

75 4123 183 4196 §81-
210 4121 369 4208 Quinque
385 4133 498 4190 autem
528 4132 603 4210 post
625 4119 747 4190 diebus
772 4119 886 4190 Sancti
913 4117 1055 4189 adducti
1086 4130 1167 4189 sunt
1194 4119 1294 4188 Seba-

47 4215 154 4287 tteam,
180 4223 213 4279 et
242 4210 359 4280 traditi
390 4224 471 4281 sunt
494 4232 515 4280 a
539 4208 727 4289 militibus;
759 4221 792 4278 et
814 4221 955 4298 accepta
985 4209 1105 4298 Lysiae
1129 4207 1291 4298 epistola,

49 4297 221 4379 lgricolaus
233 4298 339 4387 jussit
352 4321 409 4369 eos
426 4299 555 4368 servari
571 4300 604 4368 in
628 4297 797 4368 tutissimo
816 4297 994 4367 custodia:
1014 4309 1046 4366 et
1066 4296 1121 4366 die
1139 4299 1293 4384 sequenti

48 4399 107 4450 tum
122 4386 254 4474 publice
269 4388 415 4458 sedisset
427 4388 461 4458 in
476 4387 548 4458 loro
563 4409 624 4478 pro
639 4385 802 4457 tribunali
813 4387 848 4456 irx
861 4386 994 4456 civitate
1012 4385 1289 4468 Sebastenorum,
