2946 4798
28 251 94 318 net.
118 253 158 316 28
366 271 406 318 or
430 270 473 317 ss.
501 269 593 328 mor,
619 267 726 316 nonus
749 267 816 318 rra.
844 269 900 316 rm.
1162 251 1225 316 519

26 355 60 424 ibi
82 353 111 422 in
135 365 257 424 terrem
281 352 450 424 cadebant
473 353 709 424 semimortui:
735 352 794 422 elii
819 374 897 422 vero
926 353 959 422 in
985 353 1101 444 fugem
1128 353 1268 440 quidem

25 466 50 512 se
63 443 282 532 conjecerunt,
310 463 345 512 se
365 455 477 512 entem
500 440 609 512 multo
633 441 772 532 gravius
788 441 987 524 affecerunt,
1009 443 1125 529 utqui
1142 441 1270 512 luerint

23 555 37 600 a
56 531 239 607 seinvicem
257 530 463 612 conculcati,
482 541 515 600 et
535 531 584 602 sio
609 531 696 602 vitae
711 529 898 601 violentum
919 530 1113 602 invenerint
1127 531 1269 602 exitum.

23 626 83 708 lpse
104 642 234 710 quoque
258 621 390 711 impius
406 624 597 709 Imperator
614 619 863 710 propemodum
886 619 997 708 periit,
1018 621 1191 709 periturus
1205 618 1274 690 sor-

22 723 104 790 tasse,
131 709 195 782 uisi
219 714 310 782 neus
330 708 519 798 judicasset
536 707 572 778 id
591 709 708 780 minus
722 731 797 778 esse
810 708 1036 798 supplicium,
1054 731 1159 866 guam
1175 707 1269 796 quod

22 798 67 866 ille
87 799 208 888 dignus
231 811 306 870 eret
330 798 412 888 pati.
438 803 509 868 Non
532 819 642 885 nsque
659 811 773 867 entem
805 797 847 866 ed
865 819 916 879 ee,
943 819 1030 886 quae
1080 798 1146 866 icta
1177 810 1269 879 sunt,

20 887 91 956 stitit
111 891 194 956 bens
209 899 356 960 terrores
373 887 455 956 :sed
480 885 578 957 fluvii
602 907 738 974 quoque
752 908 922 975 aquarum
949 887 1080 975 impetu
1097 886 1273 956 inundan-

21 991 69 1056 tes,
92 988 122 1044 et
139 988 267 1064 segetes
288 974 446 1048 funditus
473 973 666 1056 evellentes
695 974 925 1066 agricolarum
954 976 1088 1046 labores
1112 975 1148 1044 in
1182 997 1275 1045 mere

19 1064 236 1154 deportarunt:
264 1064 369 1152 idque
393 1085 473 1134 cnm
498 1075 587 1136 esset
610 1077 733 1146 aestas,
748 1077 781 1134 et
796 1075 992 1154 speraretur
1014 1063 1096 1145 lore,
1115 1075 1154 1134 ut
1169 1062 1273 1155 longo

21 1167 152 1240 tempore
179 1175 247 1223 non
274 1153 417 1243 plueret.
445 1154 521 1223 Fuit
549 1165 683 1232 tamen,
712 1152 804 1241 qnod
829 1151 956 1223 factum
983 1166 1044 1235 est,
1078 1151 1267 1222 admodum

22 1239 85 1308 leve
103 1254 131 1310 et
151 1263 293 1332 pervum
319 1241 362 1312 ad
387 1241 638 1332 penetrandum
665 1241 862 1311 Maximiani
885 1242 1055 1325 animum,
1073 1253 1105 1312 et
1130 1263 1270 1331 persue-

23 1327 152 1400 dendum
166 1344 204 1402 ut
228 1331 446 1420 resipisceret
469 1332 512 1402 ab
533 1331 719 1421 impietate.
738 1335 820 1400 Nam
842 1353 922 1401 eum
937 1342 1052 1421 postea
1068 1331 1272 1419 quaesiisset

22 1417 210 1500 schedulam,
238 1423 275 1492 in
292 1441 362 1506 que
385 1432 483 1488 erant
507 1422 647 1490 nemine
678 1440 819 1500 eorum,
841 1419 901 1507 qni
928 1419 1048 1510 primis
1073 1419 1268 1501 duodecim,
1303 1431 1309 1438 '

21 1505 69 1591 qni
90 1507 167 1577 lelso
195 1509 364 1578 dicuntur
387 1508 447 1586 dii.
476 1509 736 1591 ministrabant,
762 1509 926 1594 qnoniam
956 1513 1085 1578 bomne
1112 1521 1146 1578 et
1169 1507 1272 1578 Indes

21 1615 75 1662 non
98 1597 357 1668 inveniebantur
381 1619 458 1666 oum
485 1597 575 1678 aliia,
602 1597 718 1668 dolore
735 1597 840 1666 simul
865 1609 896 1666 et
914 1597 964 1668 ira
979 1596 1208 1687 implebatur:
1236 1610 1269 1666 et

21 1681 179 1774 diligenter
199 1685 476 1774 percontabatur,
503 1686 675 1774 quomodo
702 1707 754 1756 res
770 1707 888 1756 eorum
915 1708 951 1754 se
968 1685 1144 1756 baberent.

56 1775 71 1858 ξ
91 1779 158 1847 1².
183 1781 368 1863 Postquam
394 1787 507 1844 autem
528 1773 660 1844 audivit
675 1774 718 1843 eb
735 1775 1010 1856 drohieunucbe,
1031 1779 1180 1844 Domnee
1195 1775 1271 1862 qui-

23 1858 84 1928 dem
99 1875 239 1934 emotem
259 1885 335 1934 esse
360 1877 529 1933 mentem:
549 1885 623 1932 eam
645 1884 723 1932 vero
742 1885 835 1933 nunc
859 1885 932 1934 esse
950 1862 1042 1954 apud
1067 1884 1136 1946 eos,
1159 1865 1220 1951 qui
1233 1885 1273 1932 ee

24 1950 117 2020 sciunt
138 1975 279 2024 curare:
298 1973 376 2024 cum
401 1973 441 2021 ee
467 1965 581 2022 autem
612 1973 685 2024 esso
710 1952 842 2033 lntlem,
876 1966 913 2022 ut
936 1973 1010 2022 eam
1031 1951 1213 2032 custodiet,
1240 1963 1272 2020 et

24 2037 47 2134 ei
68 2038 231 2112 inserviat:
261 2040 319 2110 ille
339 2039 412 2128 jam
439 2041 489 2112 ira
514 2053 689 2119 aestuans,
716 2053 748 2110 et
767 2039 864 2112 valde
889 2040 1099 2110 vociferans:
1126 2043 1184 2110 «0
1194 2062 1275 2198 (pes-

26 2147 93 2196 sime
114 2129 306 2213 bominum,
334 2129 459 2217 inquit,
486 2135 649 2200 Domnam
675 2129 828 2217 quidem,
848 2151 936 2216 quae
957 2131 1179 2200 vexabatura
1219 2151 1271 2197 ee·

27 2234 116 2298 mnne,
134 2217 277 2289 sortasse
294 2240 361 2288 non
389 2218 558 2288 immerito
571 2219 728 2290 amovisti
745 2241 765 2288 a
780 2219 922 2288 deornm
940 2218 1151 2288 ministerio:
1170 2216 1273 2305 quid-

29 2321 92 2370 nam
112 2320 217 2378 autem
245 2320 278 2376 te
297 2307 412 2389 movit,
429 2319 467 2376 ut
484 2307 603 2376 todem
630 2329 779 2396 quoque,
807 2329 1012 2396 magnorum
1031 2306 1174 2377 deornm
1198 2305 1273 2376 cul-

30 2401 125 2474 torem,
146 2417 224 2465 oum
239 2419 282 2466 ee
299 2396 514 2477 emendares,
531 2407 562 2464 et
577 2408 744 2484 quantum
770 2397 806 2464 in
827 2408 857 2465 te
874 2395 950 2477 suit,
967 2417 1024 2466 eos
1045 2418 1064 2466 a
1085 2395 1273 2466 ministerio

28 2476 455 2556 desertosdimittereslsed
479 2485 664 2572 ipsosjuro
688 2484 781 2566 deos,
800 2499 831 2554 te
850 2485 963 2575 justes
983 2483 1122 2554 sceleris
1149 2506 1274 2574 poenes

28 2587 80 2636 non
101 2593 169 2641 esse
196 2595 435 2644 evasurum.»
462 2573 567 2654 Dixit,
596 2594 707 2662 neque
736 2573 827 2662 quod
857 2573 988 2644 dixerat
1018 2573 1187 2662 neglexit:
1215 2573 1274 2644 sed

26 2655 231 2757 ministerium
259 2661 484 2743 camelorum,
510 2662 688 2763 quierant
708 2662 741 2731 in
759 2662 897 2754 regione
917 2661 1225 2750 Claudiopolitana,
1242 2663 1274 2732 ei

26 2745 97 2813 tradi
116 2749 304 2840 imperavit,
340 2751 372 2820 ei
399 2762 635 2822 auctoritatem
660 2751 844 2821 detrahens
871 2751 1113 2833 Praefecturae,
1140 2765 1172 2821 et
1196 2773 1275 2821 eurn

26 2832 58 2900 ed
79 2849 255 2912 extremam
283 2838 457 2910 deducens
473 2839 715 2930 ignominiam.
737 2839 864 2910 Deinde
879 2839 998 2909 Indem
1017 2860 1153 2928 quoque
1173 2839 1278 2931 jussit

26 2921 145 3026 adduci,
170 2941 201 2998 et
224 2951 262 3000 ee
284 2949 404 2998 rursus
424 2927 544 3011 lacere,
567 2951 655 3018 quae
679 2929 747 3002 diis
768 2939 1001 2999 consueverat.
1022 2928 1083 2998 llle
1098 2951 1176 3000 rere
1196 2951 1275 2999 cum

27 3029 214 3097 accessisset,
234 3016 381 3087 faciebat
405 3039 441 3088 re
460 3039 550 3099 vera,
600 3040 664 3088 uee
687 3029 925 3089 consueverat:
962 3017 1113 3107 deosque
1139 3033 1172 3089 et
1195 3018 1276 3088 dees

26 3112 170 3174 eteorum
196 3106 388 3176 secerdotes
409 3104 531 3188 valere,
551 3039 600 3176 vil
618 3108 731 3196 potius
756 3107 836 3177 llere
856 3107 995 3196 jubens,
1023 3106 1097 3197 ipse
1122 3107 1187 3178 soli
1211 3113 1277 3177 Deo

26 3190 158 3288 recubat,
185 3194 218 3264 in
237 3195 453 3266 orationibus
474 3217 613 3266 versans
627 3208 659 3265 et
668 3196 813 3286 jejuniis
833 3214 865 3264 et
882 3217 948 3264 non
966 3193 1079 3266 solnm
1097 3196 1140 3266 ed
1156 3219 1274 3266 eornm

28 3293 214 3365 impietatem
241 3284 386 3354 minime
410 3304 446 3352 se
469 3283 676 3366 demittens,
707 3283 766 3354 sed
792 3283 919 3356 multos
942 3283 1044 3354 etiem
1072 3307 1111 3354 ex
1138 3287 1191 3365 iis,
1218 3283 1278 3371 qni

28 3360 141 3456 decepti
163 3371 310 3454 inerant,
337 3371 379 3442 ad
399 3371 550 3443 veritatis
567 3373 776 3463 agnitionem
802 3393 977 3443 revocans.
1009 3377 1074 3443 ltes
1098 3387 1149 3445 est
1170 3373 1276 3454 enim,

28 3471 101 3536 quae
117 3458 156 3528 ad
174 3461 349 3532 veritatem
378 3460 513 3532 inducit
538 3462 658 3542 oratio,
687 3461 826 3550 quando
856 3461 959 3533 habet
981 3462 1083 3531 etiam
1110 3461 1213 3531 vitem
1248 3461 1280 3530 ei

30 3548 288 3637 consentientem.
316 3553 386 3622 Hac
409 3552 525 3639 itaque
549 3551 680 3620 ratione
701 3549 803 3621 ledes
823 3549 951 3621 multos
970 3549 1013 3620 ed
1039 3556 1144 3620 Deum
1170 3550 1281 3620 addu-

30 3641 85 3698 nt:
108 3646 138 3704 et
151 3651 222 3708 eret
239 3659 356 3708 revera
372 3637 422 3708 sal
439 3637 591 3721 divinus,
609 3640 669 3726 qui
681 3652 713 3710 et
729 3639 883 3730 seipsum
909 3638 1116 3720 continebat,
1143 3653 1175 3708 et
1194 3637 1280 3710 alios

31 3730 139 3800 poteret
161 3728 346 3800 continere.
365 3727 429 3801 Sed
454 3728 538 3799 tales
561 3729 701 3816 quidem
726 3741 824 3798 erant
852 3749 905 3800 res
930 3728 1044 3799 illius:
1074 3729 1279 3798 Maximiano

31 3819 124 3878 entem
140 3829 210 3890 erat
234 3815 458 3898 intolerabile,
479 3817 586 3888 videri
600 3817 741 3906 quidem
756 3839 876 3888 omnes
895 3839 1077 3904 superasse
1099 3817 1275 3896 barbaros,

31 3904 56 3988 et
75 3897 138 3970 solo
152 3903 317 3995 adspectu
341 3919 466 3976 terrere
491 3906 609 3996 populi
628 3905 738 3980 multe
762 3905 889 3976 millia:
917 3905 1009 3975 vinci
1031 3929 1108 3978 vero
1131 3929 1152 3976 e
1177 3907 1274 3988 suis,

35 3979 117 4068 tique
132 4013 208 4062 oum
225 4005 340 4064 essent
363 3994 448 4065 adeo
459 3994 617 4083 juvenes,
643 4007 676 4066 et
692 4006 800 4066 aetate
824 3993 1036 4084 imperfecte.

68 4073 173 4174 llll.
199 4085 282 4156 Cum
309 4083 424 4171 itaque
452 4083 617 4174 paulatim
644 4082 818 4165 solvisset,
851 4105 1108 4171 quamcumque
1136 4082 1282 4154 habebat

39 4173 161 4240 Speciem
185 4170 422 4255 humanitatis,
442 4185 557 4264 aperte
580 4172 721 4262 quidem
746 4173 924 4264 pugnabat
947 4196 1028 4244 cnm
1054 4171 1199 4250 Christo,
1226 4195 1281 4242 sa-

40 4257 219 4348 coempta
242 4259 397 4341 diruens,
423 4274 456 4331 et
479 4261 581 4334 aedes
604 4260 834 4333 daemonibus
858 4262 1065 4342 aedificens;
1093 4261 1280 4332 Praefectos

42 4347 150 4425 antem,
177 4360 208 4418 et
236 4351 270 4419 in
305 4349 450 4421 dicendo
484 4349 742 4432 formidabiles,
769 4363 801 4421 et
829 4353 863 4421 in
889 4349 1066 4442 puniendo
1099 4350 1279 4430 crudeles,
