2954 4816
35 307 107 372 titt.
134 305 172 371 tt
326 384 330 389 ¹
416 325 453 370 ou
476 324 594 370 vietum
619 326 751 373 virtuts
777 327 886 374 noarar
1183 315 1249 379 389

33 433 84 478 suo
107 431 166 498 per
189 421 308 477 noctes
339 429 521 495 quaerere,
547 431 649 496 quern
683 411 849 502 diligebat
881 393 1003 482 anima'
1030 433 1163 485 eorum.
1194 417 1293 498 Quod

32 500 241 656 picettpolpglrna
263 497 547 590 consuetudinem
575 512 836 588 praesumptum
858 502 912 582 sit,
941 523 1008 570 non
1036 515 1149 572 tamen
1173 519 1294 574 contra

50 609 101 656 evo
119 608 148 656 to
238 636 245 651 .

65 679 81 762 ἐ
102 681 144 748 4.
170 679 303 754 Fateor,
324 674 504 744 interhaeo
520 677 637 745 omnia
650 676 865 766 cogitabam:
889 683 1008 749 Castro
1031 681 1090 748 Dei
1102 691 1177 748 sunt
1196 681 1288 750 boec.

30 770 88 832 :lon
109 774 156 834 est
171 765 227 832 blo
243 765 352 842 atiud,
372 766 439 832 nisi
455 765 570 834 domm
594 767 657 834 Dei
678 777 709 834 et
728 778 831 923 porta
846 770 932 836 coeli
952 768 1047 858 (Gen.
1071 769 1197 856 xxviii).
1217 771 1291 839 Vel-

32 853 98 932 lem,
125 852 266 932 nollem,
297 867 406 920 vestra
430 853 607 924 devotione
632 854 727 924 trabe
753 877 802 932 ar,
833 869 866 924 et
890 857 985 928 vobis
1009 859 1289 947 negotiantibus,

29 943 114 1010 otiari
140 963 208 1010 non
238 953 401 1030 poteram.
429 942 601 1029 sequebar
622 965 692 1021 vos,
720 944 777 1012 sed
803 967 822 1013 a
848 945 973 1034 longe,
1002 945 1051 1014 vel
1081 947 1247 1014 aberrans
1273 968 1294 1015 a

30 1031 84 1110 ria,
102 1030 148 1099 vel
162 1030 370 1099 claudicans
387 1053 407 1099 a
423 1032 554 1100 semitis
572 1032 669 1114 meis,
687 1031 809 1122 lugens
824 1047 856 1102 et
871 1035 1104 1111 contristatus,
1122 1036 1204 1122 quia
1223 1055 1293 1104 non

31 1132 166 1208 poteram
188 1141 339 1206 aequare
356 1133 544 1190 currentes.
572 1121 667 1188 Novit
687 1119 865 1202 bleonus,
892 1143 970 1191 cum
998 1144 1067 1210 quo
1085 1145 1154 1192 uno
1179 1145 1291 1192 unum

31 1231 94 1278 esse
114 1209 209 1297 coepi
243 1209 277 1277 in
310 1209 478 1288 Domino,
506 1229 610 1298 quam
642 1208 880 1296 frequentibus
908 1211 1056 1298 querelis
1079 1211 1292 1300 impleverim

32 1317 117 1365 aures
131 1297 218 1384 ejus
246 1296 338 1386 quod
366 1318 423 1365 vos
446 1297 481 1364 in
502 1297 644 1366 meridie
667 1299 787 1367 essetis
805 1321 884 1369 cum
903 1321 1041 1400 sponso,
1062 1314 1094 1369 et
1108 1321 1171 1390 ego
1186 1301 1221 1369 in
1240 1322 1293 1369 ve·-

32 1387 165 1474 spertino
185 1385 314 1474 frigore
335 1407 579 1454 commorarer.
606 1387 665 1476 Eja
688 1387 821 1466 iratres,
840 1387 869 1456 si
887 1388 1014 1478 aliquis
1029 1389 1142 1458 adhuc
1160 1390 1292 1459 influus

32 1473 140 1543 bumor
163 1474 205 1542 de
225 1474 371 1543 flumine
396 1474 612 1545 mortalitatis
629 1477 734 1563 bujus
750 1489 879 1546 vestras
895 1477 1121 1548 circumrorat
1143 1479 1292 1548 allectio·

32 1584 91 1644 nes,
109 1565 241 1654 tergite,
259 1576 293 1632 et
313 1564 413 1653 tegite
430 1564 528 1634 illum
555 1566 652 1634 niveo
672 1563 900 1634 consessionis
921 1567 1062 1647 amictu,
1088 1579 1121 1635 et
1144 1566 1293 1637 calceate

32 1673 79 1718 vos
93 1653 123 1720 in
143 1653 405 1742 praeparatione
429 1651 603 1743 Evangelii
625 1655 731 1743 pacis,
753 1667 791 1722 ut
809 1655 883 1723 sitis
907 1654 949 1722 de
965 1656 1094 1744 quibus
1110 1655 1194 1725 dicit
1209 1678 1292 1726 san-

34 1752 110 1808 ctus:
126 1743 320 1899 leporariae
331 1744 584 1832 pertransibunt
598 1744 682 1834 pede
694 1744 763 1832 (Pa.
777 1743 845 1832 65).
864 1742 951 1826 Quid
971 1757 1083 1813 antem
1102 1745 1294 1833 posthaec?
1392 1741 1396 1752 '

37 1829 171 1899 llilceta
195 1834 289 1898 imur
311 1833 447 1920 inipso.
475 1835 520 1900 lte
544 1831 688 1900 llomine
713 1832 788 1912 boc,
815 1833 922 1901 immo
939 1832 981 1901 de
998 1833 1203 1902 lluminibus
1218 1834 1294 1904 istis
1331 1897 1333 1902 .

40 1918 123 1988 lsaias
143 1919 313 2009 propbeta
330 1918 364 1986 in
383 1919 560 1989 nocturnis
576 1920 781 1990 lectionibus
802 1919 933 2010 largius
952 1921 1152 2010 disputavit.
1171 1927 1292 1991 Percu·

38 2007 100 2081 tict,
131 2007 263 2096 inquit,
298 2010 457 2076 Dominus
485 2009 628 2098 [lucium
654 2011 802 2099 Aegypti
832 2012 867 2078 tn
895 2033 929 2078 se
954 2022 1019 2079 tun
1043 2012 1146 2088 rivis,
1182 2013 1232 2079 ita
1254 2022 1293 2079 ut

37 2103 185 2165 trameant
204 2121 267 2186 per
291 2117 367 2165 enm
391 2099 535 2165 calceati
555 2099 639 2186 (ise.
669 2097 716 2186 ιι).
748 2098 826 2166 Volo
853 2098 896 2168 de
943 2101 1031 2180 uvio,
1054 2113 1087 2167 et
1114 2099 1194 2167 rivis
1217 2099 1293 2185 ejus

39 2184 193 2274 paulisper
208 2183 425 2254 conlabulari
441 2185 630 2265 vobiscum,
648 2186 820 2272 quomodo
835 2201 868 2257 et
882 2187 1029 2277 qualiter
1042 2189 1290 2278 percutiantur,

36 2273 144 2360 etquid
167 2275 222 2354 sit,
253 2274 400 2342 transire
417 2295 478 2361 per
492 2295 571 2343 eum
590 2274 770 2344 calceatos.

69 2363 143 2440 ib.
168 2368 232 2432 Per
253 2367 443 2451 Aegyptum
475 2363 665 2453 figuraliter
691 2363 836 2452 exprimi
860 2364 1030 2434 mundum
1056 2365 1182 2444 istum,
1204 2364 1292 2432 divi-

39 2467 136 2516 norum
161 2451 379 2541 eloquiorum
407 2465 613 2522 scrutatores
630 2452 815 2533 allirmant,
842 2453 902 2538 qui
925 2455 1056 2542 positus
1072 2468 1123 2524 est
1140 2455 1173 2522 in
1194 2453 1292 2521 mali-

39 2556 100 2620 gno.
125 2541 183 2624 qui
203 2540 356 2609 tenebris
379 2553 412 2608 et
438 2541 701 2612 confusionibus
722 2555 773 2611 est
803 2541 963 2630 repletus.
993 2543 1149 2622 Flumen,
1177 2542 1291 2611 fluxus

39 2622 160 2695 bomani
177 2628 316 2718 generis
340 2641 401 2708 est,
427 2629 552 2716 quide
581 2631 703 2719 primis
731 2629 932 2720 parentibus
951 2630 1081 2700 inlelici
1101 2652 1184 2698 vena
1210 2651 1289 2718 pro-

40 2733 204 2806 rumpens,
233 2719 467 2806 impetuosum
497 2731 679 2788 torrentem
706 2740 766 2809 per
789 2731 893 2788 totam
923 2719 1042 2788 mundi
1071 2719 1287 2788 latitudinem

39 2807 243 2891 instagnavit:
270 2807 331 2892 qui
350 2807 383 2873 in
402 2819 529 2895 septem
550 2809 759 2878 torrentibus
775 2808 960 2889 derivatus,
980 2807 1084 2877 valles
1104 2821 1137 2877 et
1153 2829 1291 2898 campe·

39 2889 103 2988 stria
120 2895 289 2980 profunda
306 2894 468 2984 voragine
492 2896 696 2985 supersedit,
723 2898 808 2986 ipsis
831 2918 968 2987 quoque
993 2897 1162 2966 montium
1185 2919 1288 2966 cacu-
1330 2977 1333 2986 Ι

40 2979 170 3050 minibus
184 2983 343 3053 eamdem
366 2981 572 3054 refusionem
599 2985 793 3064 intentans;
821 2986 913 3054 aride
930 3006 1022 3054 unus
1041 2985 1084 3056 de
1108 2985 1290 3057 altioribus

40 3063 165 3139 clamat:
192 3078 364 3142 Torrentes
386 3074 578 3164 iniquilatis
605 3075 885 3143 conturbaverunt
909 3097 961 3142 mc
985 3075 1053 3164 (Pa.
1083 3079 1157 3158 li),
1184 3089 1216 3143 et
1239 3077 1291 3143 in·

41 3161 191 3228 treverum
215 3183 327 3252 aquae
351 3183 456 3264 usqne
472 3163 517 3231 od
541 3165 690 3232 animam
706 3185 815 3233 meum
838 3164 907 3250 (Pa.
931 3167 1000 3244 68).
1215 3251 1221 3262 ·

73 3245 150 3330 §tl
176 3251 314 3320 Primus
339 3249 445 3338 anus
469 3251 625 3320 lluminis
649 3252 743 3321 rivus
767 3265 840 3332 est,
867 3252 1027 3341 cogitatio
1057 3251 1166 3332 mala,
1195 3273 1290 3321 rivus

42 3335 207 3420 exundans,
233 3350 267 3408 et
290 3339 351 3425 qui
375 3337 482 3408 nullis
509 3338 667 3410 obicibus
699 3339 894 3430 repellatur.
924 3339 1032 3409 Habet
1059 3337 1289 3427 {requentiam

44 3417 225 3508 pluviarum,
252 3427 419 3496 fenestras
443 3449 684 3516 corporeorum
707 3451 885 3510 sensuum,
912 3429 973 3516 qui
989 3428 1020 3497 ei
1038 3426 1079 3496 de
1098 3427 1288 3497 mundanis

44 3516 196 3584 cataractis
219 3515 414 3586 mortiferos
439 3515 567 3586 imbres
590 3517 740 3588 infusius
759 3517 1015 3588 administrant.
1038 3521 1204 3587 Occursat
1224 3515 1286 3584 ad·

45 3603 152 3680 spectui
170 3606 306 3686 mentis,
325 3603 418 3694 quod
444 3604 528 3674 vidit
551 3618 584 3674 et
613 3605 757 3690 audivit,
786 3607 879 3694 quod
895 3606 1050 3677 adoravit
1069 3617 1102 3676 et
1121 3603 1284 3696 gustavit,

46 3687 113 3781 upon
128 3691 275 3782 palpavit
290 3705 323 3762 et
341 3693 460 3783 tetigit,
480 3709 512 3763 et
533 3695 738 3785 plerumque
757 3695 847 3782 quod
867 3695 1018 3784 simplici
1035 3693 1137 3765 oculo
1161 3693 1287 3782 adspe-

46 3789 145 3857 tinus,
167 3781 356 3874 versipellis
372 3794 545 3852 contortor
562 3783 603 3853 ad
622 3784 871 3854 offendiculum
890 3796 1062 3871 retorquet
1084 3796 1117 3852 et
1141 3782 1289 3853 scanda-

48 3855 110 3932 lum,
134 3869 240 3960 lingit
263 3869 522 3952 similitudines,
551 3873 722 3963 imagines
747 3875 875 3964 pingit,
901 3871 1033 3944 colores
1057 3885 1180 3972 aptat,
1197 3882 1230 3939 et
1254 3871 1289 3946 in

49 3945 168 4052 tlalamo
184 3961 308 4031 mentis
323 3961 485 4031 universa
504 3961 685 4044 convolvit,
708 3964 737 4030 si
762 3961 847 4031 sorte
870 3981 1078 4032 consensum
1104 3962 1230 4036 elimat,
1257 3969 1291 4027 et

52 4036 333 4134 inieratall'ectom.
356 4049 459 4120 Ollert
475 4049 656 4120 horribilia
679 4049 723 4119 de
739 4049 929 4130 divinitate,
947 4049 1112 4120 terribilia
1140 4050 1182 4117 de
1208 4046 1288 4129 fide,

47 4129 191 4214 ntrabilia
214 4137 257 4207 de
289 4137 368 4207 lidei
394 4137 621 4220 institutione,
652 4151 684 4209 et
714 4141 748 4208 in
774 4138 904 4209 alveolo
930 4140 1053 4210 mentis
1074 4135 1289 4208 veneniferas

57 4221 147 4302 ttgerit
168 4226 332 4310 potiones,
358 4249 446 4314 quas
470 4227 520 4296 vel
546 4229 580 4296 in
606 4227 822 4298 consessione
844 4249 999 4297 evomere
1023 4241 1183 4317 peccator
1206 4247 1289 4296 one-

60 4313 124 4374 ratus
137 4311 296 4385 exhorret.
315 4315 413 4385 lenit
432 4317 466 4386 in
491 4317 693 4398 oratorium,
715 4316 955 4387 dormitorium
981 4332 1139 4407 occupat,
1163 4315 1291 4386 insidet

62 4387 551 4488 clutorio,circultctaustrurn,
570 4405 688 4475 revisit
705 4404 874 4488 officinas,
898 4405 1028 4476 nullam
1048 4404 1291 4497 praetermittit
