2960 4824
245 323 309 385 322
495 341 533 384 nn
557 339 601 385 ss.
628 338 813 398 cusmarm,
841 339 999 386 runcano
1021 339 1089 386 nrc.
1115 339 1173 385 uu.
1305 319 1375 382 bEt‘.
1397 319 1427 382 ta

202 425 259 496 sed
286 423 397 492 salvas
417 443 490 492 esse
506 422 728 509 deponendas
753 421 787 491 in
814 423 898 504 ioco,
916 423 975 510 qui
1003 435 1140 493 vocatur
1163 406 1371 500 Analicozor'a,
1393 421 1428 488 si-

201 513 274 583 mul
298 534 377 581 cum
403 512 578 592 durentio,
605 524 637 581 et
661 515 788 590 Oreste,
814 523 846 581 et
863 512 1043 593 Mardario,
1062 526 1095 581 et
1114 511 1280 602 Eugenio:
1297 509 1428 598 quoniam

200 601 237 671 hi
263 600 378 671 Sancti
406 612 562 670 sanctum
588 601 797 670 Eustratium
830 613 1044 671 sacramento
1068 601 1273 692 adegerunt,
1296 599 1428 669 dicentes.
1477 661 1478 670 ,

200 705 254 771 ut,
283 700 462 781 postquam
489 700 577 758 esset
604 702 889 770 consummatus,
917 712 995 758 cum
1028 691 1156 761 sanctis
1191 691 1262 759 suis
1294 687 1429 774 reliquiis.
1477 731 1478 748 ,

200 798 482 864 eorumquoque
513 777 767 863 deponerentur
790 776 956 867 reliquiae
984 778 1097 848 salvae
1126 790 1158 848 et
1190 780 1341 868 integrae.
1363 780 1432 857 Quas

202 878 314 936 autem
343 866 522 936 Arabracis
548 865 694 937 habebat
717 866 920 949 facultates,
948 868 1135 958 assignavit
1158 868 1200 937 ad
1226 889 1280 937 eos
1308 863 1430 934 alendos.

201 956 261 1043 qui
285 966 382 1023 erant
399 956 617 1044 permansuri
637 957 672 1023 in
700 955 890 1024 ministerio
915 957 1071 1046 martyrii
1091 978 1231 1025 eorum:
1257 954 1432 1042 reliquorum

200 1065 279 1113 vero
295 1043 451 1113 omnium
472 1043 664 1124 mobilium,
685 1043 869 1113 dimidium
890 1044 1029 1130 quidem
1048 1044 1224 1114 distribuit
1245 1042 1432 1144 pauperibus,

201 1133 303 1204 aliam
329 1146 443 1201 autem
469 1134 542 1202 suis
567 1133 755 1213 sororibus,
771 1131 919 1201 famulos
936 1155 1013 1202 vero
1038 1156 1131 1214 suos
1146 1133 1270 1204 donata
1292 1155 1337 1201 ers
1359 1130 1433 1200 iiber-

203 1234 281 1301 tate,
299 1221 403 1307 jussit
427 1223 582 1312 accipere
600 1222 720 1312 legata.
739 1225 828 1290 Haec
847 1244 927 1290 cum
943 1222 1159 1303 decrevisset,
1180 1235 1248 1293 toto
1266 1222 1317 1291 die
1334 1221 1434 1309 'ejun-

202 1312 270 1380 vit:
298 1321 367 1378 tota
391 1324 504 1380 autem
531 1323 628 1380 nocte
649 1311 874 1400 perseveravit
898 1315 1003 1379 Deum
1028 1333 1137 1392 orare,
1157 1324 1189 1381 et
1211 1314 1242 1381 ei
1266 1333 1322 1401 psa
1337 1310 1403 1378 lere.

245 1401 373 1486 §3⁰-
399 1399 591 1489 Episcopus
622 1411 735 1469 autem
761 1399 907 1470 civitatis
931 1400 1216 1480 Sebastenorum,
1249 1423 1287 1470 eo
1316 1412 1435 1552 tempore

202 1488 328 1557 latebat
346 1502 483 1578 propter
507 1489 795 1578 persecutionem:
823 1488 882 1574 qui
907 1502 1010 1558 noctu
1034 1490 1125 1559 venit
1149 1488 1192 1558 ad
1217 1511 1307 1566 eum,
1323 1499 1351 1556 et
1392 1495 1435 1552 atis

201 1575 405 1646 custodibus
418 1577 599 1732 (pecuniis,
618 1577 795 1666 ingressus
812 1589 862 1645 est
886 1576 927 1646 ad
945 1592 1101 1647 sanctum
1119 1579 1344 1658 Eustratium;
1364 1571 1435 1643 audi·

201 1677 293 1734 verat
308 1666 400 1733 enim
442 1687 459 1734 e
485 1687 610 1756 magna
633 1667 709 1756 ejus'
733 1665 912 1753 sapientia,
930 1677 962 1736 et
979 1667 1069 1754 quod
1088 1667 1282 1737 Praesidem
1299 1687 1371 1736 cum
1388 1661 1434 1728 diis

202 1755 274 1822 suis
306 1754 435 1842 pudore
466 1754 646 1833 affecerat,
673 1767 806 1823 etcum
832 1753 954 1823 fuisset
985 1755 1073 1824 intra
1097 1756 1311 1836 custodiam,
1338 1769 1437 1846 pronus

121 1839 127 1852 '
201 1841 324 1912 cecidit
349 1844 381 1910 in
408 1841 542 1924 faciem,
569 1856 600 1912 et
626 1847 787 1912 Sanctum
808 1841 974 1922 adoravit,
1001 1843 1139 1914 dicens:
1167 1869 1184 1910 r<
1211 1849 1330 1914 Beatus
1349 1865 1389 1920 es,
1404 1837 1436 1906 fit

200 1931 360 2011 Eustrati,
386 1931 477 2019 quod
504 1932 669 2000 Dominus
696 1935 782 2000 Deus
807 1944 934 2000 tantam
961 1932 1022 2002 tibi
1046 1932 1177 2003 dederit
1200 1935 1368 2002 virtutem.
1392 1933 1437 1996 ite-

201 2033 317 2101 mento
348 2033 461 2089 autem
487 2020 555 2089 mei
579 2041 736 2108 quoque,
765 2032 794 2088 te
830 2041 922 2110 rogo.
952 2023 1184 2112 »Respondit
1219 2045 1297 2092 vero
1330 2029 1438 2090 sanctus

200 2108 415 2178 Eustratius:
443 2131 460 2174 a
487 2113 531 2178 Nc
556 2110 604 2180 sic
629 2108 746 2190 iacias
764 2121 858 2197 pater
874 2110 1058 2198 spiritalis;
1076 2112 1133 2180 sed
1151 2111 1192 2180 ad
1211 2133 1301 2193 eam,
1341 2129 1394 2178 uae
1406 2117 1439 2171 est

202 2197 261 2266 tibi
280 2197 370 2273 data,
389 2197 591 2288 dignitatem
617 2199 825 2288 adspiciens,
841 2210 996 2287 exspecta
1017 2199 1082 2269 boc
1098 2223 1116 2268 a
1135 2199 1236 2270 nobis
1253 2131 1437 2286 impiendun

201 2286 262 2355 tibi
287 2286 493 2355 debitum.»
519 2291 601 2356 Cum
621 2287 644 2355 ii
668 2309 748 2377 ergo
772 2286 951 2366 sedissent,
967 2287 1052 2358 dixit
1077 2289 1269 2358 Eustratius
1287 2287 1437 2444 Episcopo:

201 2397 219 2440 r<
245 2375 437 2457 Quoniam,
476 2378 541 2444 Deo
567 2374 720 2456 volente,
748 2397 823 2443 cras
860 2375 942 2445 hora
967 2376 1066 2446 tertia
1091 2399 1167 2447 sum
1192 2377 1299 2448 sisten
1329 2399 1365 2446 us
1385 2383 1441 2442 ante

201 2463 383 2532 Dominum
411 2484 524 2532 meum
550 2465 722 2535 Christum
745 2463 807 2552 (ita
830 2463 922 2533 enim
942 2465 1027 2534 mihi
1044 2465 1108 2536 {uit
1122 2480 1239 2555 aperte
1255 2457 1438 2546 revelatum).

200 2551 276 2620 ideo
300 2553 418 2642 accipe
442 2551 594 2643 chartam
618 2554 685 2622 mei
711 2553 913 2633 testamenti,
934 2567 965 2622 et
983 2553 1105 2645 lege.»
1130 2559 1211 2624 Cum
1230 2568 1313 2646 ergo
1334 2551 1440 2642 iegisset

200 2641 389 2730 Episcopus
414 2641 565 2710 chartam
596 2642 670 2730 ejus
694 2643 898 2722 testamenti,
926 2645 1057 2732 rogavit
1081 2642 1179 2712 iilum
1213 2667 1294 2714 cum
1326 2643 1375 2724 iis,
1398 2657 1440 2726 qut

199 2751 278 2798 cum
313 2731 387 2818 ipso
411 2743 530 2810 erant,
559 2729 719 2812 Clericis,
746 2743 783 2800 ut
803 2741 1004 2801 testamento
1029 2732 1308 2803 subscriberent:
1334 2743 1363 2800 et
1383 2747 1441 2796 eunt

198 2817 312 2886 aderit
332 2818 572 2908 jnrejurando,
595 2832 632 2888 ut
657 2818 714 2888 ilie
739 2819 812 2908 ipse
835 2833 1010 2910 surreptas
1027 2842 1144 2890 eorum
1170 2820 1275 2890 ferret
1291 2817 1440 2908 reliquias.

198 2919 229 2973 et
255 2869 439 2996 deponeret
464 2909 497 2976 in
523 2929 639 2978 eorum
667 2908 817 2997 regione,
840 2908 874 2976 in
901 2907 975 2978 loco
999 2910 1279 2996 quicontinetur
1309 2909 1444 2998 intesta

197 3007 323 3076 mento,
346 3007 378 3064 et
402 2996 533 3084 reliqua
558 2997 671 3064 omnia
698 2997 875 3087 impleret:
902 2997 1032 3080 dicens,
1056 3020 1117 3087 pro
1136 3021 1174 3068 eo
1199 2998 1317 3069 labore
1338 2997 1402 3066 esse
1421 3011 1441 3056 et

197 3081 408 3154 reddendam
441 3085 630 3154 mercedem
655 3099 676 3154 a
715 3085 858 3154 Domino
883 3100 998 3157 nostro
1027 3093 1110 3156 iesu
1134 3087 1269 3158 Christo
1295 3085 1442 3156 insutum

197 3172 275 3240 vita.
291 3176 373 3242 Cum
401 3173 576 3263 pollicitus
600 3187 712 3244 autem
735 3187 823 3244 esset
839 3175 1029 3266 Episcopus
1050 3199 1084 3244 se
1102 3176 1240 3267 singula
1257 3197 1371 3246 eorum
1387 3189 1442 3238 esse

197 3258 381 3346 iacturum,
400 3263 531 3364 rogavit
553 3285 645 3342 cum,
665 3276 702 3332 ut
726 3263 769 3332 ab
793 3266 868 3352 ipso
886 3277 1038 3333 sanctam
1060 3266 1229 3354 acciperet
1252 3259 1442 3335 communio-

198 3371 288 3419 nem.
317 3352 371 3420 Sic
395 3373 486 3420 emm
513 3351 647 3422 dicebat
665 3356 832 3422 Sanctus:
853 3373 870 3418 «
897 3355 943 3422 Ex
961 3375 1030 3440 quo
1060 3367 1212 3444 tempore
1236 3351 1287 3444 sui
1312 3367 1443 3438 compre-

195 3437 349 3520 hensuS,
378 3461 444 3508 non
478 3441 743 3510 communicavi.
771 3463 789 3508 »
817 3439 923 3510 Allato
954 3463 1036 3532 ergo
1058 3464 1121 3524 eo,
1147 3441 1240 3530 quod
1277 3437 1441 3532 oportebat

194 3528 408 3610 ministerio,
435 3541 467 3597 et
492 3529 632 3618 impleto
656 3529 849 3612 sacrificio,
882 3531 1048 3601 accedens
1081 3545 1223 3602 sanctus
1258 3527 1441 3621 Eustratius.

193 3617 373 3716 coelestem
399 3617 530 3708 accepit
556 3620 798 3710 margaritam:
817 3633 850 3690 et
867 3632 1003 3709 repente
1024 3631 1199 3708 tamquam
1217 3619 1335 3710 iuigur
1350 3615 1443 3708 illunt

191 3727 228 3774 rn
253 3727 399 3788 carcere,
419 3719 451 3775 et
476 3729 538 3775 vox
554 3709 656 3789 venit,
676 3708 813 3778 dicens:
833 3731 850 3775 «
869 3708 1029 3791 Eustrati,
1051 3721 1139 3779 recte
1162 3708 1358 3780 decertasti:
1382 3721 1443 3771 rent

192 3794 356 3897 deinceps
380 3798 414 3864 in
433 3796 556 3876 coelos
576 3809 608 3866 et
632 3797 748 3888 accipe
775 3811 867 3866 tuam
896 3819 1110 3867 coronam.»
1137 3803 1207 3868 Hac
1227 3820 1308 3868 voce
1330 3793 1440 3889 audita,

191 3884 292 3972 proni
317 3907 351 3952 rn
383 3885 503 3954 faciem
540 3885 640 3955 humi
670 3886 878 3956 ceciderunt.
906 3892 985 3955 Tota
1010 3907 1091 3977 ergo
1122 3886 1181 3956 iila
1206 3900 1302 3957 nocte
1334 3887 1443 3954 mansit

191 3973 382 4074 Episcopus
397 3973 490 4063 apud
509 3989 665 4044 sanctum
685 3977 907 4058 Eustratium,
926 3997 1004 4046 eum
1030 3974 1187 4058 audiens,
1203 3988 1235 4046 et
1254 3974 1441 4064 voluptatem

192 4083 333 4151 capiens
358 4083 398 4131 ex
423 4084 580 4132 sermone
605 4066 778 4154 martyris.

235 4153 253 4236 ἓ
276 4156 350 4224 81.
379 4155 461 4220 Cum
490 4173 590 4223 mane
613 4165 726 4222 autem
758 4153 886 4223 sactum
911 4167 1023 4236 esset,
1053 4155 1209 4238 recessit,
1231 4152 1439 4244 junensem

191 4236 313 4321 valere,
335 4250 368 4309 et
393 4239 594 4330 promittens
614 4265 649 4312 se
671 4242 757 4311 nibil
784 4243 1045 4332 praeteriturum
1075 4265 1207 4324 eorum,
1226 4263 1311 4330 quae
1335 4239 1366 4306 in
1389 4249 1440 4332 spo

191 4339 394 4398 testamento
409 4341 585 4398 statuerat.
604 4331 803 4422 agricolaus
819 4353 896 4402 vero
920 4355 999 4402 cum
1027 4353 1127 4403 manc
1147 4355 1165 4402 e
1184 4332 1268 4402 lecto
1292 4343 1441 4398 surrexis-

191 4427 252 4496 set,
272 4415 359 4484 sedit
379 4418 413 4486 in
441 4417 617 4502 tribunali,
636 4433 667 4488 et
688 4421 792 4512 jussit
810 4434 965 4492 sanctum
993 4423 1202 4493 Eustratium
1221 4415 1350 4491 adduci.
1369 4415 1438 4479 Cttffl
