2972 4826
75 229 173 294 utto
453 247 491 293 nc
513 247 540 294 s.
566 247 703 296 uacouao
727 248 801 294 ura.
828 248 877 294 aa.
1192 231 1254 294 ⁴75

70 330 300 418 assumpsisset,
326 330 475 399 membra
511 330 646 399 tandem
684 329 784 400 humi
815 329 990 412 demissa,
1018 344 1295 402 somnolentum

67 419 243 508 indulgebat,
271 431 439 506 quantum
464 417 505 487 ad
532 419 775 509 perferendum
801 417 870 488 diei
895 418 1029 490 labores
1060 433 1111 490 sat
1141 423 1294 510 putabat.

66 507 126 576 lude
144 529 294 597 surgens,
316 507 425 577 socios
446 507 645 587 advocabat,
672 509 882 595 quibuscum
913 507 1118 578 antelucana
1147 511 1301 579 oratione

62 610 217 686 resumpta,
237 598 325 666 iuter
358 595 507 686 psalmos
537 610 570 666 et
594 598 744 686 hymnos
771 618 897 666 aurora
921 597 1193 686 exspectabatur.
1213 603 1299 668 Tum

61 705 110 752 una
131 707 201 754 cnm
228 685 299 754 sole
324 685 357 752 in
385 683 548 774 templum
570 685 744 775 prodiens,
771 685 1105 756 divinaexsolvebat
1124 685 1253 756 officia:
1280 709 1300 756 a

59 774 160 859 quibus
171 772 450 932 gdbpascandum
475 774 741 861 curandumque
760 797 912 865 gregem,
935 773 1106 864 reliquum
1133 774 1222 846 lucis
1245 797 1301 846 ac-

58 883 169 932 commo
195 886 212 931 a
240 875 287 932 at.
870 928 874 934 .

87 953 180 1038 tta.
207 955 247 1022 [lt
271 963 385 1020 autem
411 971 553 1020 suorum
580 949 691 1019 morbi
720 947 857 1020 facilius
886 964 1114 1030 sanarentur,
1147 950 1300 1020 medicos

55 1040 86 1106 ad
100 1061 164 1108 eam
181 1062 250 1110 rem
278 1050 489 1130 praestantes
515 1060 640 1128 magno
665 1037 779 1108 studio
803 1037 957 1127 undique
974 1040 1193 1127 conquisivit.
1213 1044 1296 1109 llam

54 1129 180 1217 primum
205 1131 364 1198 omnium
386 1126 418 1195 id
444 1128 587 1208 curavit,
606 1140 645 1196 ut
661 1148 887 1213 unaquaeqne
903 1149 943 1197 ex
958 1128 1031 1198 suis
1048 1128 1204 1210 ecelesia,
1223 1129 1299 1217 eJus

55 1218 164 1304 generis
188 1230 353 1287 rectorem
380 1215 568 1296 haberetur
592 1237 674 1302 quo,
700 1215 867 1303 exemplo,
889 1231 991 1303 atque
1008 1217 1175 1299 doctrina,
1194 1230 1296 1303 atque

54 1305 146 1374 studio
165 1307 240 1376 vitia
269 1303 389 1395 populi
415 1303 624 1382 tollerentur,
647 1303 742 1393 pravi
765 1304 1019 1405 corrigerentur
1044 1327 1166 1388 mores,
1195 1306 1299 1374 virtu-

53 1407 109 1462 tum
131 1408 226 1480 atque
250 1393 432 1484 religionis
447 1392 562 1463 cultus
586 1391 816 1462 induceretur.
836 1399 883 1464 las
908 1393 1050 1463 medicis
1067 1394 1238 1474 utebatur,
1253 1393 1297 1462 ab

49 1481 84 1551 iis
103 1481 246 1552 discebat
270 1481 437 1569 qnotidie,
470 1481 499 1551 si
532 1482 615 1570 quid
644 1481 780 1572 insigne
803 1481 838 1550 in
872 1481 1022 1563 animis,
1054 1482 1299 1572 corporibusse

50 1572 165 1658 uspiam
190 1572 346 1642 locorum
373 1592 513 1640 suorum
538 1581 638 1651 esset,
660 1570 752 1658 quod
776 1587 880 1640 suurn
906 1570 1087 1652 auxilium,
1114 1584 1174 1641 aut
1228 1593 1299 1640 rae-

51 1660 172 1728 sentiam
191 1659 608 1754 flagitaret3lncredibile
632 1673 746 1728 autem
771 1671 833 1741 cst,
850 1673 979 1745 quanto
997 1658 1111 1730 studio
1134 1673 1167 1730 et
1184 1593 1299 1730 cbari-

51 1759 103 1815 tate
131 1770 222 1838 opem
256 1770 360 1819 snam
391 1769 529 1834 quoquo
565 1747 666 1817 modu
697 1747 934 1818 laborantibus
968 1748 1196 1836 impertiebat.
1223 1753 1296 1818 Non

52 1835 161 1906 labores
185 1837 245 1906 ulli
281 1835 458 1907 bominem
487 1835 687 1936 fatigabant,
714 1857 782 1905 non
808 1849 970 1926 sumptus
993 1835 1121 1914 deerat,
1147 1858 1216 1924 quo
1239 1859 1299 1926 op-

55 1947 164 2011 pressos
188 1926 311 2014 aliqua
337 1925 408 1994 sive
430 1945 607 2012 corporis,
641 1925 716 1993 sine
750 1925 858 1995 animi
895 1925 983 1994 mole
1007 1924 1153 1994 levaret:
1183 1925 1300 1995 animo

58 2015 168 2168 grauius
188 2014 364 2086 laboranti
392 2013 558 2083 medendo
574 2027 646 2082 erat
671 2013 818 2104 impiger
838 2013 911 2094 iste,
930 2025 962 2082 et
986 2012 1100 2102 longo,
1119 2013 1149 2082 si
1168 2027 1298 2102 oporte·
1387 2101 1390 2108 Ι

78 2113 114 2180 at,
126 2103 260 2175 conlecto
281 2103 417 2183 itinere,
435 2103 646 2172 accurrebat.
665 2102 802 2172 lacebat
814 2101 986 2191 quispiam
1004 2113 1141 2192 aegroto
1158 2123 1300 2190 corpore

59 2209 165 2276 pauper
184 2206 211 2263 et
233 2213 387 2284 egenus,
415 2211 606 2278 nunquam,
627 2202 794 2278 quantum
825 2212 962 2260 necesse
985 2189 1107 2271 suerat,
1127 2211 1242 2260 rerum
1268 2203 1300 2260 et

58 2279 245 2365 pecuniarum
280 2281 315 2349 in
345 2280 494 2349 bominis
510 2279 676 2349 auxilium
693 2278 812 2349 deluit.
832 2283 902 2348 Non
921 2279 1013 2350 enirn
1040 2303 1058 2350 a
1084 2280 1299 2370 llyrensibus

58 2379 331 2450 rerumrerum
357 2381 432 2437 eta
464 2367 586 2438 ricinis
620 2369 788 2450 urbibus,
815 2367 908 2438 baud
935 2390 1055 2457 parum
1080 2367 1235 2458 argenti,
1263 2368 1298 2436 in

52 2454 258 2550 eleemosynas
285 2457 533 2547 dispertiendi,
555 2456 708 2544 quotidie
731 2455 914 2528 serebatur.
937 2457 1032 2541 Quod
1060 2457 1089 2528 si
1114 2458 1299 2528 necessitas

49 2545 140 2632 aliqua
163 2549 378 2619 occurrisset
406 2548 525 2632 major,
552 2565 656 2632 quam
689 2557 727 2614 ut
757 2545 787 2614 ei
820 2557 932 2634 posset
957 2546 1127 2636 praesenti
1153 2546 1300 2635 pecunia

43 2635 209 2720 subreniri,
238 2639 288 2708 ab
313 2634 419 2704 divite
443 2634 560 2720 aliquo
585 2632 815 2714 misericorde,
837 2655 924 2720 quos
942 2634 1068 2704 multos
1093 2633 1240 2704 babebat
1263 2632 1299 2702 in

42 2739 196 2815 promptu,
217 2724 409 2817 pecuniam
435 2721 485 2791 uel
512 2733 643 2802 mutua,
663 2721 714 2790 vel
732 2720 823 2791 dono
839 2722 1039 2812 accipiebat.
1061 2727 1145 2792 Nam
1168 2733 1301 2812 praeter

39 2815 214 2886 necessaria
233 2813 397 2900 corporis
413 2811 636 2898 operimenta,
654 2823 687 2880 et
704 2809 950 2900 supellectilem
969 2811 1061 2881 tenui
1078 2812 1165 2881 vitae
1181 2833 1300 2902 perop-

38 2915 192 2988 portuna,
225 2901 321 2972 nibil
347 2900 377 2969 ci
403 2899 571 2987 reliquum
598 2911 692 2979 erat,
721 2899 812 2986 quod
839 2897 889 2967 vel
916 2900 1063 2989 pignori,
1098 2901 1148 2970 uel
1175 2922 1298 2972 renum

37 3005 135 3076 posset
157 2991 246 3062 dari.
274 2996 361 3061 Nam
384 2989 499 3068 etiarn,
521 3009 607 3076 quus
634 2987 768 3078 legebat
792 2988 911 3068 libros,
938 2999 1059 3058 mutuo
1085 2989 1298 3076 petebantur.

35 3083 73 3148 lta
90 3103 225 3172 semper
241 3076 476 3150 voluntariam
497 3090 729 3167 paupertatem
750 3077 914 3147 omnibus
937 3075 1066 3146 divitiis
1085 3076 1185 3146 facile
1203 3089 1300 3146 ante-

35 3169 110 3237 tulit.
128 3175 198 3240 lloc
223 3181 347 3239 autem
364 3164 502 3255 elegans
525 3167 559 3236 in
578 3187 628 3244 eo,
651 3178 752 3256 atquc
774 3164 997 3254 praecipuum
1015 3163 1090 3244 luit,
1109 3164 1200 3252 quud
1219 3186 1299 3234 oum

33 3259 194 3344 perfacilis
215 3258 300 3346 ejus
321 3253 362 3323 ad
388 3275 517 3334 omnes,
537 3267 569 3323 et
588 3254 743 3323 omnium
767 3254 844 3323 item
864 3253 905 3322 ad
924 3275 1001 3322 euru
1024 3275 1183 3322 accessus
1198 3264 1298 3335 esset,

32 3347 295 3434 amplitudinem
325 3357 437 3413 tamen
469 3355 502 3412 et
530 3342 730 3430 dignitatem
761 3343 983 3433 magistratus
1008 3341 1053 3410 ita
1073 3340 1236 3421 retinuit,
1263 3353 1301 3409 ut

32 3433 148 3524 dignus
173 3457 238 3525 pro
267 3454 334 3502 sun
364 3432 526 3520 gravitate
549 3432 731 3511 rideretur,
758 3431 816 3517 qui
852 3453 918 3499 nun
946 3429 1047 3500 modo
1071 3431 1220 3519 Lyciaua,
1241 3427 1300 3497 sed

32 3525 147 3594 multas
171 3542 323 3612 quoque
349 3520 539 3608 provincias
566 3521 785 3608 gubernaret.
812 3518 991 3588 Habebunt
1022 3523 1136 3607 lllyrae
1168 3516 1301 3587 nobiles

30 3613 185 3697 quasdam
216 3625 412 3688 matronas,
439 3607 518 3690 vita,
546 3608 699 3680 moribus
723 3621 754 3677 et
779 3606 943 3698 religione
966 3619 1190 3708 praestantes,
1213 3627 1302 3692 quae

31 3722 59 3768 se
82 3717 166 3773 totas
192 3701 237 3770 ad
269 3697 528 3766 misericordiae
554 3697 770 3766 contulerant
794 3697 919 3767 studia.
947 3701 993 3766 las
1017 3695 1175 3770 Nicolaus
1200 3693 1302 3782 (quo-

31 3789 110 3860 niam
132 3813 241 3861 sexus
269 3787 337 3856 iste
353 3784 396 3853 ad
417 3783 583 3874 ejusmodi
610 3784 768 3854 obeunda
786 3807 930 3856 munera
952 3782 1085 3854 videtur
1104 3783 1303 3873 impigrior)

31 3883 115 3962 quasi
133 3874 425 3969 exploratoribus
447 3887 478 3944 et
502 3873 668 3944 ministris
693 3874 864 3956 utebatur,
882 3872 1011 3961 quibus
1032 3871 1165 3952 vinctis,
1184 3894 1303 3960 aegro-

32 3969 184 4051 tantibus,
208 3963 352 4056 egenis,
382 3961 613 4052 indigentibus
633 3963 797 4033 omnibns
816 3985 915 4052 opem
942 3961 1054 4032 serrat.
1081 3967 1146 4032 llec
1171 3962 1201 4030 ei
1222 3963 1301 4030 dee-

34 4073 94 4126 rant
117 4079 246 4150 graves
273 4051 413 4136 aliquot
434 4053 533 4132 cives,
562 4071 581 4118 a
606 4052 733 4138 quibus
757 4053 914 4132 disceret,
941 4050 1077 4136 siquid
1108 4051 1141 4118 in
1167 4049 1303 4120 civitate

35 4143 112 4216 leret
140 4161 217 4216 turn
247 4139 410 4232 publice,
437 4151 506 4208 turn
536 4139 706 4229 privatim,
724 4139 814 4226 quod
841 4160 905 4208 sua
932 4139 1055 4224 suique
1081 4140 1302 4230 magistratus

37 4253 229 4321 agnoscere
258 4233 465 4299 interesset:
491 4242 528 4297 ut
551 4249 590 4298 ea
621 4227 825 4316 cogitatione
849 4240 963 4316 posset
991 4239 1050 4296 aut
1081 4227 1302 4298 nascentibus

38 4323 119 4394 nelis
142 4338 355 4397 occurrere,
385 4329 442 4384 aut
460 4314 530 4404 jam
556 4317 644 4388 natis
669 4316 858 4387 remedium
876 4315 1050 4386 adbibere.
1069 4318 1166 4388 Haud
1193 4315 1302 4387 multo
