2972 4826
71 280 161 344 tlte
397 293 503 347 ua'ss.
531 299 609 347 suno
633 301 670 346 ur
695 297 822 347 incuruo
845 301 893 346 ur.
1173 285 1238 350 243

67 383 209 453 aedbricto
235 388 294 452 lieo
317 383 547 466 crediturum,
575 385 604 452 si
629 386 717 453 sacri
742 406 821 453 eum
849 386 1063 475 baptismatis
1088 386 1181 455 unda
1206 409 1281 476 per-

65 469 198 550 funderet,
230 495 267 541 ac
299 474 354 572 pic
384 473 457 560 ejus
489 474 672 542 conventui
704 471 898 574 copularet:
926 475 1207 575 «UTibi‚'inquit
1230 477 1283 546 vir

63 561 99 658 lei
118 565 225 650 Syrus,
251 561 321 642 tibt,
346 561 580 648 Omnipotens,
608 560 716 630 refero
739 574 877 651 gratias,
898 584 958 648 qur
982 563 1159 632 ludoicum
1178 564 1282 653 perli-

62 648 125 714 dum
147 671 204 718 uon
227 649 422 740 dedignaris
438 649 619 739 corrigere.
646 650 763 719 sadud
783 652 833 721 tui
851 652 1025 740 Unigeniti
1045 651 1144 720 lldem
1164 653 1282 742 ampla

61 737 149 824 pietate
168 739 337 808 convertis.
366 739 569 827 »Baptizato
593 750 706 806 autem
739 739 817 821 illo,
850 739 949 809 multi
982 761 1022 809 ex
1045 741 1184 810 ludaeis
1208 763 1280 810 cre·

61 825 153 904 dentes,
175 849 249 895 cum
273 848 310 895 eo
335 847 432 896 sacro
457 827 563 896 renati
581 826 799 916 baptismate,
827 827 951 899 Christi
970 828 1131 900 fidelibus
1155 851 1195 898 ac
1212 830 1282 920 spi-

59 913 119 984 ritali
135 917 235 985 coetui
256 928 335 985 sunt
349 916 449 985 uniti.

85 1005 154 1089 §ll
177 1007 281 1095 lgitur
303 1004 387 1074 dum
413 1003 523 1073 multa
539 1003 709 1092 perbunc
727 1009 857 1074 Patrem
884 1018 1039 1075 nostrum
1058 1011 1182 1095 Syrum
1206 1006 1282 1076 lau-

54 1091 137 1161 danda
158 1098 240 1164 Deus
263 1092 476 1173 ostenderet,
503 1103 535 1161 et
558 1091 639 1178 quia
664 1093 736 1180 jam
768 1095 891 1184 spiritu
922 1095 1120 1185 prophetiae
1151 1095 1281 1164 illumi-

56 1193 129 1250 natus
146 1182 296 1263 enitebat,
316 1182 488 1269 quendam
504 1179 547 1250 ud
564 1202 599 1250 se
616 1183 764 1270 superbo
781 1184 905 1272 spiritu
930 1185 995 1254 sub
1012 1183 1124 1273 ligura
1146 1185 1281 1272 pietatis

55 1267 245 1341 aduenientem
273 1269 433 1340 iutoen's:
461 1268 600 1338 «Silere
627 1281 659 1340 te
684 1271 793 1361 magis
816 1284 972 1362 oportet,
1006 1274 1143 1359 inquit,
1175 1295 1280 1360 quam

53 1357 138 1443 lcqui;
158 1362 233 1447 quia
258 1381 347 1447 quae
377 1381 417 1428 co
443 1360 506 1429 itas
535 1357 714 1428 manifeste
747 1360 952 1430 clarescunt.
982 1385 999 1427 »
1035 1361 1284 1431 obmutescens

53 1448 185 1528 rumille,
211 1470 272 1517 nec
295 1449 402 1536 aliqui
453 1445 579 1536 profari
605 1447 722 1528 valuit,
750 1450 807 1518 sed
835 1450 981 1539 pedibus
1007 1450 1115 1519 sancti
1137 1451 1199 1518 viri
1220 1450 1281 1519 ad·-

51 1535 164 1618 rulutus,
188 1537 373 1638 gemitibus
397 1559 436 1605 ac
460 1535 625 1624 lacrymis
642 1537 780 1624 iniquae
804 1538 1020 1642 cogitationis
1045 1538 1217 1626 pandebat
1233 1561 1281 1608 ar·

49 1645 156 1693 carrum.
172 1631 225 1695 ltr
239 1639 354 1696 autem
372 1625 506 1695 Domini
523 1624 687 1724 lacrymis
704 1647 743 1695 ac
764 1627 951 1715 gemitibus
967 1627 1076 1715 ipsius
1093 1627 1282 1698 inclinatus

49 1711 175 1798 loquendi
199 1738 276 1784 mox
299 1715 330 1784 ei
347 1713 499 1783 otlicium
526 1715 683 1793 restituit,
710 1728 811 1801 atque
831 1715 937 1784 divini
960 1716 1114 1784 muneris
1134 1716 1283 1785 reddidit
1375 1741 1377 1747 ’

49 1803 70 1868 ei
89 1803 310 1873 ministerium.
345 1800 607 1872 Diffundebatur
634 1813 747 1872 autern
782 1804 838 1873 Dei
869 1804 975 1893 gratia
1004 1803 1036 1870 in
1062 1803 1196 1874 civitate
1220 1810 1283 1874 Pa-

49 1889 135 1976 piana,
157 1904 186 1962 et
209 1893 304 1962 divul
333 1895 387 1961 ata
411 1890 520 1960 sancti
546 1891 608 1958 viri
634 1889 748 1973 lama,
775 1913 815 1960 ex
839 1893 983 1962 diversis
1014 1893 1167 1980 partibus
1195 1894 1283 1962 mul-

48 1991 131 2047 torum
149 1981 282 2051 adeum
309 1915 501 2067 lrequeutia
517 1979 743 2050 concurrebat
761 1981 979 2069 populorum,
1009 1985 1045 2048 ln
1064 2002 1132 2067 qua
1155 1979 1283 2050 delicis-

48 2067 110 2135 sima
130 2071 205 2140 urbe
232 2071 383 2140 instituit
408 2067 658 2138 ecclesiasticos
681 2069 841 2151 ordines,
872 2070 1154 2158 discipulumque
1179 2073 1282 2140 suum

49 2158 179 2228 luentium
207 2173 239 2229 et
268 2158 470 2247 Pompejum
498 2155 699 2226 mitissimos
725 2159 889 2230 Diaconos
913 2156 1003 2227 lecit.
1029 2156 1281 2246 Chrysantbum

47 2257 129 2314 autem
149 2248 256 2318 virum
285 2247 467 2326 illustrem,
493 2255 525 2314 et
543 2249 767 2330 Fortunatum
793 2247 1038 2324 clarissimum,
1067 2248 1283 2336 presbyteros

48 2333 202 2418 ordinarit3
228 2335 455 2424 ejusdemque
478 2333 575 2404 urbis
603 2335 746 2422 expletis
774 2349 848 2404 octo
879 2335 1172 2405 hebdomadarum
1204 2357 1283 2404 cur-

51 2418 134 2494 riculis
160 2427 276 2496 sedem
304 2423 474 2502 obtinuit,
503 2420 800 2511 multorumquca
837 2425 1079 2514 paganissimis
1112 2424 1281 2495 idolorum

50 2509 161 2666 cultdibus
193 2515 373 2584 retrahens
408 2513 566 2590 animos,
604 2510 645 2579 ad
678 2513 736 2581 Dei
770 2515 945 2582 servitium
981 2528 1012 2582 et
1045 2513 1281 2583 credulitatem

64 2617 90 2664 er
110 2604 180 2670 uuit.

47 2615 86 2772 βξ
104 2697 173 2762 ίθ.
200 2697 370 2782 Egressus
394 2701 507 2760 autem
532 2685 681 2774 quodam
714 2701 864 2780 tempore
887 2711 925 2760 ex
951 2690 1036 2760 urbe
1069 2701 1279 2768 memorata,

42 2772 103 2843 durn
124 2781 210 2849 uicos
239 2803 282 2850 ac
316 2779 413 2849 villas
444 2777 665 2862 ciuitatesque
699 2777 970 2867 circumquaque
996 2791 1216 2870 peragraret,
1250 2791 1283 2846 et

41 2865 278 2947 praedicationis
312 2883 448 2937 sanctae
471 2865 574 2934 verbo
604 2865 837 2953 ignorantium
872 2869 974 2937 corda
1009 2869 1200 2948 imbueret,
1234 2868 1285 2934 vir

39 2953 151 3033 quidam
177 2958 328 3046 pedibus
351 2957 427 3044 ejus
452 2953 689 3046 prosteruitur,
712 2955 772 3040 qui
791 2969 924 3026 mutum
943 2956 1157 3045 surdumque
1173 2977 1208 3026 se
1225 2955 1284 3024 ha-

38 3037 97 3110 bere
118 3044 222 3116 filium
249 3045 435 3126 clamabat,
462 3061 610 3130 eumque
635 3054 771 3112 sanctae
794 3045 870 3132 ejus
886 3045 1098 3134 praesentiae
1116 3045 1285 3136 rogitabat

37 3129 147 3212 offerri,
173 3137 202 3204 si
225 3137 432 3224 dignaretur
460 3133 600 3202 forsitan
635 3127 797 3217 loquendi
822 3133 852 3201 ei
881 3133 1114 3219 audiendique
1138 3131 1283 3224 gratiam

36 3219 214 3294 condonare.
242 3225 350 3313 Cujus
375 3225 477 3313 jussu
506 3220 581 3308 ejus
607 3221 818 3306 praesentiae
848 3241 932 3310 puer
963 3222 1123 3302 oblatae,
1150 3221 1285 3290 cunctis

36 3307 229 3382 audientibus
245 3313 435 3382 oraticnem
453 3309 542 3380 ludit
558 3305 599 3376 ad
620 3308 815 3390 Dominum,
842 3310 984 3380 dicens:
1011 3333 1028 3376 u
1045 3309 1187 3379 Domine
1202 3313 1285 3378 Jesu

35 3393 150 3480 llriste,
177 3403 237 3490 qui
265 3402 454 3469 humanam
480 3399 624 3468 sormam
650 3417 729 3466 cum
755 3403 851 3468 Patre
868 3413 899 3468 et
915 3405 1039 3470 Sancto
1055 3398 1185 3490 Spiritu
1210 3397 1285 3464 sine

35 3483 96 3578 uitio
116 3489 155 3557 ad
181 3502 278 3560 tuam
305 3488 568 3558 similitudinem
595 3483 766 3574 psalmare
789 3487 952 3578 dignatus
975 3509 1024 3569 es,
1050 3500 1083 3556 et
1102 3485 1226 3556 dedisti
1253 3485 1284 3553 ei

36 3567 175 3648 libertatis
198 3578 408 3661 arbitrium,
434 3578 493 3664 qui
520 3575 624 3642 mutis
648 3572 844 3660 loquelam,
871 3578 982 3646 caecis
1006 3577 1141 3657 visum,
1169 3574 1286 3644 surdis

35 3663 178 3748 auditum,
206 3667 356 3737 mortuis
380 3669 482 3735 vitam
510 3661 707 3752 reddidisti,
735 3665 866 3753 respice
883 3687 987 3756 super
1004 3666 1098 3735 bunc
1122 3683 1281 3756 puerum,

35 3761 55 3812 tt
66 3773 97 3820 os
112 3769 211 3843 atque
228 3777 333 3825 aures
349 3754 424 3843 ejus
441 3754 617 3824 obturatas
631 3750 788 3849 adaperi,
808 3755 890 3841 quia
907 3756 967 3824 tibi
987 3755 1185 3846 plasmatori
1202 3753 1285 3822 baec

36 3841 154 3918 pertinet
185 3845 411 3925 reformatio,
443 3845 543 3932 quus
567 3839 675 3928 digito
699 3855 878 3931 compacta
906 3858 987 3913 sunt
1018 3842 1178 3912 uniuersa
1202 3863 1286 3911 con-

37 3932 168 4008 gruentia
198 3955 385 4023 corporum
419 3931 573 4000 membra
604 3927 777 3999 humanae
811 3932 1077 4003 substantiae.»
1111 3929 1286 4019 Completa

38 4029 122 4110 nutem
139 4023 308 4103 oratioue,
328 4021 363 4090 in
380 4027 439 4090 ore
458 4033 489 4090 el
513 4017 657 4090 auribus
680 4017 756 4104 ejus
781 4021 921 4109 signum
947 4022 1065 4092 Crucis
1090 4020 1197 4111 digito
1222 4041 1285 4088 suo

38 4106 101 4185 luit,
118 4113 303 4199 statimque
322 4123 459 4200 apertae
474 4123 554 4180 sunt
570 4125 670 4176 aures
689 4106 776 4194 ejus,
803 4123 834 4178 et
860 4110 905 4178 lin
936 4133 978 4180 ua
1000 4111 1110 4199 ipsius
1127 4107 1285 4178 absoluta

41 4203 79 4270 dl
94 4195 134 4266 ita
148 4213 188 4270 ut
202 4221 283 4270 voce
296 4199 389 4270 clara
405 4199 624 4268 confiteretur
640 4214 738 4294 puer,¹
756 4217 796 4264 ac
814 4133 1029 4268 benceliceret
1049 4203 1168 4267 ileum.
1187 4196 1283 4279 Quod

44 4287 218 4358 tutruculum
243 4288 395 4358 videntes
423 4287 592 4356 increduli
610 4282 867 4370 ,erediderunt
896 4290 931 4356 iu
964 4289 1147 4358 Dominum
1168 4287 1284 4355 lesum

46 4367 194 4460 luridum,
217 4391 446 4468 perceptaque
467 4376 534 4446 lide
553 4370 712 4464 baptizati
732 4385 823 4442 sunt.
