2960 4824
250 276 312 340 3tt
500 295 539 339 on
563 293 608 340 ss.
635 293 820 352 uusraarxo,
847 293 1003 341 aureuma
1028 291 1094 340 nro.
1120 293 1177 339 uu.
1260 305 1264 314 ·
1312 274 1386 340 ott.
1409 255 1445 338 ll¹

203 389 370 450 exerceret
384 378 581 447 exercitum.
598 383 680 448 Cum
698 391 811 448 autem
825 393 1094 460 recenserentur,
1106 379 1338 467 unusquisque
1350 391 1441 446 ost-en-

206 470 298 539 tabat
323 489 419 538 suam
447 467 480 535 in
507 468 614 536 armis
637 468 892 556 experientiam,
921 472 1011 536 Duce
1034 465 1294 556 contemplante.
1319 465 1440 548 Quidam

206 580 283 627 vero
308 561 439 626 Orestes
457 555 607 636 nomine,
628 555 679 623 vir
705 578 867 646 procerus
894 569 926 625 et
953 554 1063 624 forma
1086 555 1243 636 decorus,
1273 554 1312 623 ad
1337 576 1438 623 nomen

204 657 343 724 vocatus
359 658 391 713 et
405 643 573 725 ordinem,
600 644 731 714 adstitit
756 647 885 733 Lysiae.
909 649 991 716 Cum
1019 645 1134 731 Lysias
1157 657 1269 714 autem
1291 644 1359 733 ejus
1380 643 1439 712 lau-

204 735 318 804 dasset
338 734 498 820 speciem,
519 745 552 802 et
568 754 684 801 verum
710 732 916 822 appellasset
945 733 1101 812 militem,
1125 732 1232 820 jussit
1260 732 1359 821 pilum
1377 745 1441 803 ,tor-

204 845 309 909 quere
326 821 365 889 ad
392 842 548 910 scopum.
571 825 652 890 Cum
674 823 703 890 is
721 843 799 891 vero
823 843 966 892 manum
994 821 1183 904 direxisset,
1209 833 1241 890 et
1270 843 1358 890 arma
1380 843 1444 888 con·

205 912 379 992 cessisset,
402 931 490 996 quoe
506 909 549 978 ab
565 931 605 980 eo
622 909 655 977 in
677 923 809 998 pectore
826 909 997 980 ferebatur
1012 933 1097 980 crux
1120 932 1236 990 aurea,
1254 932 1272 980 e
1292 923 1372 979 vesta
1385 908 1444 996 ejus

205 1021 357 1080 excussa,
384 999 593 1070 extrinsecus
607 1000 779 1088 apparuit,
799 1000 845 1068 ita
862 1012 899 1070 ut
918 1019 1037 1069 omnes
1051 1019 1125 1068 eam
1142 1013 1328 1080 cernerent,
1344 1011 1373 1067 et
1386 999 1443 1087 ipsa

205 1089 306 1158 etiam
329 1087 456 1176 Lysias.
477 1089 593 1156 Statim
613 1101 725 1156 autem
744 1088 926 1170 adductus,
942 1088 1032 1156 stetit
1054 1109 1159 1179 prope
1176 1091 1321 1156 Ducem:
1340 1100 1441 1155 etcum

207 1199 313 1246 manu
350 1181 489 1245 Crucem
521 1175 708 1265 accepisset
741 1177 881 1266 Lysias,
916 1177 1046 1266 rogavit
1068 1176 1233 1262 quidnam
1267 1175 1329 1246 boc
1356 1189 1443 1245 esset:

207 1289 224 1332 (ι
245 1265 404 1351 Nunquid
431 1277 467 1333 tu
492 1285 627 1350 quoque
651 1287 698 1346 es,
725 1266 848 1352 inquit,
867 1287 906 1334 ex
936 1265 978 1332 iis
1002 1265 1160 1351 quisunt
1185 1266 1331 1354 partium
1354 1263 1446 1334 Croci·

206 1353 504 1424 tumularem
528 1354 629 1422 dixit:
657 1358 778 1423 «Sum
804 1375 922 1424 servus
950 1353 1109 1422 Crucifixi
1134 1353 1269 1424 Domini
1297 1352 1350 1422 Dei
1377 1352 1445 1421 mei:

205 1457 237 1512 et
263 1443 325 1512 boc
348 1454 442 1531 gesto
466 1441 655 1512 amuletum
680 1442 721 1511 ad
748 1443 864 1512 omnia
882 1441 972 1511 mala
996 1442 1177 1511 avertenda
1197 1464 1285 1528 quae
1310 1441 1386 1510 mibi
1408 1442 1446 1507 io-

206 1545 348 1622 gruunt.
376 1535 482 1600 »Dux
498 1529 598 1600 dixit:
627 1553 644 1596 (ι
666 1533 728 1600 Hic
752 1553 888 1618 quoque
912 1531 1072 1620 egregius
1102 1530 1212 1608 miles,
1236 1531 1366 1600 vinetus
1387 1549 1447 1596 eum

206 1619 266 1690 illo
282 1619 443 1689 carnifice
460 1621 640 1699 Eustratio,
663 1621 706 1689 sit
729 1620 760 1688 ei
784 1641 898 1690 comes
923 1620 957 1688 in
985 1621 1048 1700 via,
1068 1641 1146 1688 eum
1165 1617 1448 1708 opportunesitde

206 1709 255 1778 eis
271 1707 429 1778 babendo
445 1709 598 1796 quaestio
624 1708 657 1776 in
683 1709 817 1796 civitate
834 1707 1081 1796 Nicopolitana.
1100 1729 1118 1773 »
1136 1711 1219 1777 Cum
1247 1708 1387 1777 venisset
1402 1727 1449 1774 au·

206 1811 271 1866 tem
298 1797 415 1886 Lysias
438 1797 472 1864 in
499 1796 665 1866 civitatem
686 1796 968 1886 Nicopolitanam,
986 1817 1108 1885 magna
1128 1795 1314 1867 multitudo
1331 1795 1449 1886 legionis

206 1885 368 1966 militum,
387 1907 475 1972 quae
497 1897 569 1954 erat
592 1885 626 1952 in
647 1886 794 1967 civitate,
813 1885 856 1954 ad
869 1907 948 1954 eum
969 1897 1198 1966 accesserunt,
1216 1898 1250 1954 et
1266 1906 1381 1955 omnes
1394 1903 1447 1952 una

206 1997 286 2045 voce
302 1974 517 2044 clamabant:
545 1975 709 2064 «Lysias,
730 1995 792 2044 nos
809 1995 946 2061 quoque
961 1995 1083 2042 sumus
1109 1973 1233 2044 milites
1262 1973 1388 2044 Domini
1408 1993 1450 2040 no·

206 2065 265 2134 stri
281 2069 363 2134 lesu
388 2063 531 2132 Christi:
559 2061 610 2130 faa
634 2063 725 2149 quod
750 2063 846 2133 velis.
868 2062 964 2131 »llle
987 2084 1066 2132 vero
1084 2063 1234 2151 primum
1251 2062 1387 2150 quidem
1403 2060 1449 2128 luit

206 2150 474 2240 obstupefactus,
498 2152 621 2220 timens
645 2174 688 2222 ne
707 2151 836 2238 aliquid
864 2152 939 2220 novi
965 2150 1130 2220 adversus
1153 2172 1232 2220 eum
1260 2153 1450 2222 innovarent.

206 2241 333 2310 Deinde
357 2261 435 2309 cum
461 2240 676 2328 cognovisset
698 2240 789 2327 quod
815 2241 905 2309 sicut
928 2260 1006 2308 oves
1026 2240 1158 2328 seipsos
1175 2237 1398 2320 tradiderunt,
1413 2258 1448 2307 so·

206 2331 287 2398 lutis
310 2330 404 2398 zonis
432 2329 529 2409 suis,
554 2329 660 2417 jussit
685 2329 778 2419 ipsos
801 2328 1048 2418 comprehendi
1072 2339 1104 2397 et
1129 2328 1260 2398 vinctos
1284 2329 1401 2416 conjici
1427 2327 1449 2392 in

205 2439 396 2487 carcerem:
422 2415 512 2504 apud
533 2439 568 2486 se
587 2431 700 2486 autem
721 2417 961 2488 considerabat
976 2416 1271 2504 quemadmodum
1289 2420 1324 2488 in
1346 2415 1451 2487 Sanctis

208 2505 391 2594 perdendis
409 2525 444 2574 se
461 2519 603 2594 gereret,
629 2518 662 2576 et
687 2528 752 2576 non
778 2519 867 2576 essct
889 2528 908 2574 a
932 2505 1177 2596 Nicopolitanis
1201 2519 1262 2578 aut
1290 2507 1333 2578 ab
1357 2522 1450 2576 eorum

206 2595 360 2685 cognatis
384 2593 500 2681 aliqua
523 2595 689 2664 confusio.
711 2595 896 2684 Praecipue
912 2607 1025 2665 autem
1046 2594 1187 2664 timebat
1211 2599 1245 2664 S.
1266 2595 1451 2666 Eustratiun

206 2706 248 2753 ne
273 2685 300 2752 si
334 2705 455 2754 rursus
478 2683 507 2752 ei
533 2683 742 2753 inferrentur
775 2695 967 2764 tormenta,
998 2681 1122 2768 faceret
1146 2683 1309 2754 similiter
1336 2675 1451 2769 aliquod

207 2773 432 2841 miraculum:
458 2783 490 2840 et
507 2793 573 2841 non
592 2771 701 2842 solum
729 2772 762 2840 in
784 2771 856 2854 fide
879 2772 1098 2842 confirmaret
1117 2793 1175 2840 eos
1198 2773 1259 2858 qui
1280 2774 1354 2862 jam
1376 2777 1452 2840 erant

207 2861 409 2940 Christiani;
436 2859 492 2928 sed
520 2860 663 2949 gentiles
687 2883 823 2950 quoque
838 2861 1030 2930 traduceret
1046 2883 1065 2928 a
1080 2859 1175 2929 cultu
1191 2861 1450 2954 simulacrorum-

207 2951 322 3017 llisum
348 2960 399 3018 est
421 2969 501 3050 ergo
524 2950 566 3030 ei,
594 2971 674 3017 cum
701 2971 800 3018 mane
824 2951 1035 3030 surrexisset,
1064 2949 1296 3020 transmittere
1320 2951 1362 3020 ad
1378 2955 1453 3036 Agri-

206 3035 340 3106 colaum
359 3038 391 3106 in
408 3037 577 3107 civitatem
595 3037 856 3107 Sebastenorum
875 3051 1031 3108 sanctum
1049 3037 1259 3109 Lustratium
1271 3051 1305 3108 et
1319 3049 1452 3110 sanctum

170 3127 175 3134 '
206 3130 370 3195 Orestem.
389 3129 471 3195 Cum
492 3138 581 3195 esset
597 3127 709 3213 itaque
723 3125 807 3208 dies,
821 3127 927 3216 jussit
943 3126 1008 3197 boc
1024 3127 1110 3209 fieri,
1127 3125 1304 3216 publicam
1324 3125 1456 3199 scribens

206 3212 384 3305 epistolam
404 3215 444 3284 ad
467 3213 681 3304 Agricolaum
701 3216 765 3285 boc
786 3215 907 3284 modo:

250 3307 360 3400 §mx
382 3327 399 3370 a
426 3303 765 3392 Magnificentissimo
781 3303 957 3406 agricolao
978 3307 1049 3372 Dux
1074 3305 1210 3392 Lysias:
1237 3309 1322 3375 Cum
1345 3305 1376 3373 in
1394 3298 1456 3370 uni-

208 3415 301 3462 versa
315 3407 402 3462 terra
414 3414 501 3480 quae
516 3405 567 3461 est
578 3393 643 3463 sub
652 3393 722 3462 sole
732 3414 903 3462 nemmem
919 3391 1273 3463 nossentdivinissimi
1287 3391 1390 3463 nostri
1403 3395 1457 3458 lm·

210 3495 391 3570 penatores,
407 3482 466 3567 qui
488 3481 612 3552 melius
630 3482 772 3551 serutari
794 3493 906 3571 posset
922 3502 1048 3550 arcana
1063 3481 1157 3552 orbis
1170 3495 1290 3564 terrae,
1308 3476 1457 3570 regendae

209 3571 401 3659 provinciae
419 3569 478 3639 tibi
496 3569 665 3639 dederunt
682 3581 893 3661 potestatem.
919 3575 1038 3658 Aperte
1061 3570 1154 3638 enim
1180 3571 1307 3650 sciunt,
1329 3585 1359 3640 te
1376 3583 1457 3658 posse

208 3673 346 3742 noctes,
373 3659 462 3728 sicut
486 3657 580 3738 dies,
611 3658 651 3726 ad
687 3659 935 3748 rempublicam
974 3655 1224 3728 defendendam
1258 3673 1456 3752 consumere·

206 3752 299 3832 Quae
323 3747 472 3817 dormire
498 3767 564 3816 non
591 3761 734 3836 possunt
754 3747 868 3834 itaque
883 3747 998 3816 stellas
1016 3745 1113 3835 prius
1129 3769 1273 3818 somnus
1290 3747 1455 3818 domuerit.

206 3858 308 3923 quam
329 3851 405 3906 tuos
431 3834 549 3906 oculos
574 3836 725 3925 sepierit,
745 3835 854 3906 donec
873 3835 1029 3904 ellectum
1052 3833 1155 3904 fuerit
1179 3836 1211 3904 id
1242 3835 1335 3923 quod
1359 3829 1457 3904 studes

207 3924 248 3993 ad
270 3924 451 3995 utilitatem
478 3925 740 3994 universorum:
767 3937 800 3994 et
824 3936 861 3993 ut
884 3921 987 3994 semel
1013 3923 1139 4005 dicam,
1162 3945 1241 3994 cum
1262 3923 1354 4014 apud
1373 3937 1401 3992 te
1415 3939 1457 4019 ξο-

206 4012 278 4084 lum
291 4034 464 4083 summam
476 4013 589 4083 inesse
606 4013 1062 4101 vidissentunamquamque
1075 4027 1217 4101 partem,
1234 4014 1353 4084 merito
1368 4012 1456 4093 buyus

206 4124 309 4188 quam
322 4102 568 4185 nuncobtines,
580 4101 903 4184 administrationis,
919 4121 1008 4189 quae
1025 4100 1112 4171 nibil
1134 4101 1234 4172 babet
1253 4115 1457 4172 contemnen-

206 4189 514 4281 dum,dignitatem
532 4190 772 4280 permiserunt.
786 4190 867 4260 Ideo
876 4213 938 4280 ego
953 4207 1089 4277 quoque
1101 4191 1195 4262 testis
1205 4203 1271 4260 tam
1286 4187 1455 4258 multarum

206 4299 294 4364 quae
318 4281 351 4347 in
380 4292 410 4348 te
435 4280 554 4346 insunt
578 4300 692 4348 rerum
713 4280 951 4367 praestantiae,
980 4277 1073 4348 bunc
1093 4279 1134 4348 ad
1156 4293 1188 4350 te
1205 4280 1353 4348 vinetum
1375 4273 1457 4344 mitto

206 4367 428 4448 bestialium,
447 4366 507 4453 qui
526 4386 644 4436 corum
666 4369 724 4453 qui
742 4363 907 4438 dicuntur
927 4367 1196 4438 Christianorum
1215 4387 1339 4457 magno
1354 4360 1456 4432 morbo
