3046 4838
113 219 190 292 bllt
549 259 591 306 oc
615 260 644 305 s.
664 257 765 306 sucro
788 260 840 306 ar.
866 257 1001 306 rsovron.
1327 245 1368 310 53

114 327 209 404 sordidis
224 337 401 411 animas
425 355 588 414 vestras
614 345 795 415 custodite:
822 345 906 432 quia
931 349 1020 414 Dens
1038 345 1157 434 justus
1177 343 1284 434 Judcx
1308 349 1411 419 etiam

118 417 297 598 optationes
330 431 486 501 malas
509 433 767 522 judicabit...»

154 517 237 612 ”-
266 521 385 590 llaec
409 521 644 590 summatim
661 521 702 590 de
718 522 827 591 sancti
845 523 907 590 viri
922 521 1148 591 concionibus
1166 542 1326 591 narrasse
1341 519 1412 591 sul-

126 597 316 693 lcntzcuae
343 609 420 678 ille
451 609 611 696 quidem
630 631 696 678 non
722 610 786 679 hoc
803 609 935 692 ordine,
969 623 1004 678 ut
1028 633 1047 679 a
1072 631 1092 678 n
1121 610 1173 680 bis
1203 631 1414 679 commemo-

66 756 69 793 μ
133 703 180 762 xtta
194 707 281 797 sunt,
301 697 342 766 iu
367 698 552 789 singulis
567 698 791 770 concionibus
812 719 1002 790 proponere
1024 633 1165 780 solebat,
1191 701 1249 768 sed
1268 698 1412 768 diversis

67 802 90 877 ¹·
139 785 330 875 tenporibus.
357 788 541 856 Tandem
567 801 680 857 autem
707 788 791 857 haec
815 787 1002 857 inferebat:
1030 793 1153 858 «Haec
1177 809 1247 868 vos,
1275 787 1409 870 fratrea,

146 874 166 943 si
175 877 392 959 amaveritis,
412 876 604 946 habebitis
623 877 813 966 praemium
832 900 838 944 :
866 877 894 947 si
909 877 1137 968 neglexeritis,
1151 877 1323 966 supplicia
1336 899 1412 966 per-

93 988 98 999 ·
149 963 345 1036 laxetisllam
373 965 479 1054 quod
508 965 555 1034 ad
581 985 635 1034 me
661 965 792 1046 attinet,
811 986 873 1056 ego
899 987 1008 1035 meam
1035 987 1149 1038 coram
1172 971 1238 1034 beo
1268 965 1410 1036 liberavi

148 1054 380 1138 conscientiam,
402 1067 588 1140 testesque
604 1054 724 1124 invoco
748 1053 881 1124 coelum
907 1066 940 1123 et
964 1067 1101 1134 terram,
1132 1054 1333 1124 exhibuisse
1357 1077 1411 1124 me

152 1143 390 1212 robisdebitum
411 1142 667 1222 ministerium,
695 1143 869 1230 vitamque
892 1153 925 1212 et
941 1154 1083 1212 mortem
1109 1145 1352 1213 annunciasse.
1373 1143 1409 1212 Id

151 1243 240 1302 actem
263 1233 360 1301 vobis
386 1253 489 1301 nunc
518 1231 664 1314 affirmo,
692 1232 721 1301 si
745 1231 884 1318 quidem
911 1233 1108 1321 spreveritis
1132 1233 1235 1302 verba
1266 1253 1352 1312 mea,
1379 1247 1412 1301 et

150 1341 200 1409 pcr
211 1333 446 1410 contemptum
466 1341 507 1389 ea
526 1319 646 1389 audire
661 1320 853 1402 nolueritis,
876 1321 935 1390 ubi
952 1343 1075 1390 venero
1090 1320 1131 1389 ad
1150 1322 1410 1410 Redemptorem

145 1431 272 1491 mcum,
299 1420 555 1480 accusaturum
587 1430 641 1477 me
665 1409 887 1499 pertinaciam
920 1421 951 1478 et
985 1409 1211 1499 pervicaciam
1240 1422 1408 1488 vestram,

142 1497 312 1586 palamque
336 1511 573 1578 testaturam,
601 1519 659 1566 vos
692 1520 827 1587 semper
859 1497 1024 1567 voluntati
1054 1499 1195 1589 maligni
1233 1497 1411 1567 daemonis

141 1585 264 1674 potius,
286 1609 391 1672 quam
419 1586 559 1666 Christi,
587 1586 788 1655 obedivisse.
815 1591 853 1655 Et
877 1598 1091 1656 tuncrevera
1119 1588 1322 1678 indignante
1351 1587 1411 1676 ju-

140 1673 227 1754 dice,
250 1677 393 1744 exactori
420 1673 619 1755 trademini,
647 1675 842 1762 debitisque
867 1697 994 1763 poenas
1015 1677 1089 1744 sine
1113 1677 1192 1758 fine,
1220 1676 1328 1745 donec
1352 1697 1410 1744 no·

135 1762 312 1832 vissimum
328 1763 563 1852 quadrantem
586 1764 796 1852 persolvatis.
816 1787 834 1830 v
850 1768 939 1834 Haec
958 1765 1063 1854 igitur
1076 1776 1167 1845 sunt,
1186 1787 1274 1852 quae
1291 1765 1412 1834 beatus

56 1868 64 1920 t
131 1851 184 1918 Eli
211 1851 265 1920 ins
287 1874 430 1922 summo
470 1851 585 1921 studio
609 1874 648 1921 ex
677 1852 947 1942 locupletissimo
982 1853 1128 1942 pectoris
1157 1855 1211 1922 sui
1251 1854 1412 1922 thesauro

133 1875 229 2027 ptebi
252 1941 455 2031 depromere
481 1940 622 2010 solebat.
645 1942 784 2010 Interim
812 1941 1039 2012 nihilominus
1064 1941 1131 2010 alia
1158 1942 1264 2010 multa
1291 1941 1345 2009 his
1364 1942 1411 2009 si-

134 2027 234 2096 milia
252 2031 404 2116 qnotidie
429 2029 624 2110 exhortans,
654 2030 781 2119 populo
798 2031 1106 2118 evangelizabat.0
1131 2051 1207 2099 vere
1231 2030 1408 2118 copiosum

136 2135 208 2196 vas,
230 2118 316 2204 quod
339 2132 412 2188 tam
432 2118 611 2187 affluenter
636 2118 851 2188 ministrabat
869 2119 959 2207 plebi
978 2120 1114 2210 adipem
1137 2118 1299 2186 frumenti
1319 2117 1411 2186 Chri·

128 2205 190 2284 sti,
218 2206 383 2276 laetitiam
409 2207 475 2276 olei
495 2219 528 2275 et
547 2207 695 2276 sobriam
722 2208 791 2276 vini
816 2209 1034 2277 ebrietatem!
1065 2212 1090 2277 0
1117 2228 1192 2275 vere
1221 2205 1411 2298 gloriosum

126 2292 265 2375 virum,
292 2296 459 2366 eximium
488 2295 544 2364 Dei
569 2307 767 2378 amatorem,
793 2296 851 2382 qui
877 2309 916 2364 ut
945 2308 1058 2386 pastor
1093 2295 1205 2366 bonus
1235 2294 1412 2384 satagebat

129 2393 290 2452 strenue·
308 2383 537 2474 vagabundos
570 2405 737 2464 revocare,
765 2383 956 2456 confractos
992 2385 1152 2474 alligare,
1179 2397 1332 2454 errantes
1367 2382 1409 2450 ad

126 2471 289 2557 paradisi
312 2473 434 2542 caulas
458 2471 642 2542 reducerel
658 2474 761 2573 Cujus
785 2475 921 2543 bonnet
940 2472 1083 2563 simplex
1105 2473 1261 2542 doctrina
1286 2470 1413 2540 redolet

123 2560 368 2646 proculdubio
395 2561 599 2651 prophotas,
636 2575 724 2651 sapit
749 2562 945 2651 Apostolos,
984 2563 1138 2631 imitatur
1162 2561 1409 2652 Evangelistas.

118 2648 242 2717 Cu'us
266 2671 379 2720 sermo
409 2671 476 2718 non
509 2650 599 2719 alius
623 2649 714 2740 apud
741 2671 821 2720 snos
845 2649 920 2730 suit,
949 2671 1051 2736 quam
1078 2650 1120 2718 de
1149 2673 1254 2752 regno
1274 2650 1344 2731 Dei,
1371 2648 1413 2718 de

115 2670 271 2806 deficiis
299 2738 477 2828 paradisi,
504 2737 547 2807 de
577 2739 753 2828 gehennae
784 2739 984 2827 suppliciis,
1022 2739 1064 2808 de
1088 2740 1244 2828 justitia,
1281 2739 1349 2809 fide
1380 2751 1414 2808 et

115 2823 313 2908 charitate,
344 2827 388 2895 de
407 2827 668 2896 contemnendis
686 2826 810 2895 mnndi
832 2826 1002 2896 illecebris
1025 2840 1058 2897 et
1081 2827 1352 2908 oblectamentis,
1379 2840 1411 2896 et

116 2927 164 2981 ut
190 2915 263 2984 soli
277 2921 343 2985 beo
364 2916 441 2984 totis
455 2915 586 2985 viribus
601 2915 817 2985 serviendum
836 2917 890 2984 sit.
914 2917 1028 2985 Dicere
1044 2928 1156 2986 autem
1176 2917 1307 2987 solebat
1324 2915 1411 2986 illud

117 3005 307 3091 Apostoli:
333 3010 405 3074 ll'on
438 3027 563 3095 quaero
586 3027 672 3096 quac
700 3015 813 3074 oestro
839 3015 927 3084 sterit,
954 3006 1012 3074 aad
1032 3007 1151 3096 vos(2.
1178 3008 1223 3076 ad
1248 3011 1320 3076 Gor.
1339 3006 1411 3093 xn).

121 3092 272 3162 Sciebat
295 3093 426 3162 dictum
448 3117 467 3162 a
492 3093 616 3162 iacebo
640 3093 817 3182 apostolo:
845 3096 911 3176 Qui
926 3096 1194 3182 convotifecerit
1207 3105 1413 3184 peccatoram

125 3180 169 3248 ct
188 3185 502 3263 moraviensem,
525 3183 669 3252 salvabit
687 3185 837 3251 animone
861 3183 934 3274 ejus
948 3207 971 3252 o
993 3192 1194 3264 mortecto
1220 3184 1302 3251 crict
1324 3184 1414 3249 mccl-

128 3269 315 3340 titudinem
339 3281 552 3362 peccatorum
568 3272 694 3360 (Jacob.
716 3271 760 3360 v).
780 3271 842 3340 Sed
872 3293 963 3342 nnnc
997 3271 1131 3340 tandem
1154 3293 1172 3339 a
1223 3271 1309 3339 vitae
1338 3269 1413 3356 ejus

132 3357 293 3428 ordinem
320 3371 544 3428 revertamur.
1111 3402 1117 3411 ·

177 3447 196 3532 ἐ
220 3451 290 3518 11.
316 3449 374 3516 Vir
398 3447 538 3534 quidam
557 3447 593 3514 in
619 3447 801 3517 Parisiensi
820 3448 989 3518 suburbio
1014 3447 1106 3516 haud
1134 3446 1252 3536 procul
1274 3468 1293 3516 a
1320 3444 1412 3516 basi-

134 3530 200 3603 lica
234 3535 321 3605 beati
346 3538 436 3606 Petri
468 3535 705 3626 Apostolorum
733 3536 901 3626 principis
926 3539 1136 3617 morabatur,
1163 3557 1264 3623 quem
1289 3545 1322 3604 et
1346 3533 1413 3602 Eli-

136 3622 215 3712 gius
240 3625 283 3694 ob
313 3623 417 3694 fldem
443 3638 476 3694 et
502 3624 715 3694 devotionem
749 3626 823 3712 ejus
854 3639 984 3694 amaret
1008 3624 1245 3706 familiariter,
1283 3624 1413 3712 quique

135 3709 286 3801 Eligium
310 3736 372 3802 pro
405 3713 597 3782 sanctitatis
620 3713 695 3803 ejus
726 3714 912 3782 reverentia
942 3715 1044 3784 unice
1073 3714 1241 3802 diligeret.
1265 3713 1412 3802 Contigit

135 3812 273 3881 autem,
303 3815 342 3871 ut
367 3800 575 3889 quandoque
598 3801 729 3891 Eligius
758 3803 898 3892 praedia
924 3803 1122 3872 monasterii
1147 3802 1201 3870 sui
1229 3802 1409 3881 inviseret,

134 3908 174 3956 ac
191 3888 318 3958 deinde
342 3891 508 3959 Lutetiam
528 3889 638 3958 redire
656 3890 788 3968 volens,
811 3892 948 3960 eminus
977 3892 1019 3960 ab
1045 3892 1109 3960 hoc
1134 3893 1205 3960 viro
1236 3892 1412 3980 conspice·

133 3989 243 4046 retur.
266 3983 307 4048 Ut
323 3999 407 4068 ergo
431 3979 574 4048 advertit
603 3979 678 4060 ille,
708 3980 855 4068 Eligium
884 4001 950 4048 non
973 3980 1111 4069 longea
1135 3979 1237 4051 domo
1262 4001 1323 4049 sua
1352 3980 1412 4048 ha·

131 4063 213 4136 bere
243 4067 318 4148 iter,
346 4068 495 4137 accurrit
519 4068 665 4150 obviam,
693 4068 870 4137 osculatur
899 4069 974 4158 ejus
999 4091 1135 4159 genua,
1166 4081 1240 4136 orat
1270 4081 1308 4138 ut
1329 4091 1409 4138 cum

130 4155 324 4225 comitibus
342 4156 423 4226 velit
445 4157 611 4226 divertere
635 4156 675 4226 ad
698 4156 840 4226 domum
874 4157 997 4246 ipsinS,
1024 4171 1055 4227 et
1082 4157 1197 4226 bibere
1218 4156 1410 4246 pnnhillum

65 4310 66 4315 ,
131 4244 218 4324 vini,
240 4245 332 4331 quod
360 4245 393 4312 in
419 4267 497 4317 vase
517 4259 736 4315 remanserat.
765 4250 911 4314 Recusat
935 4246 1085 4334 Eligius:
1111 4245 1168 4316 sed
1196 4245 1331 4314 tandem
1358 4245 1411 4310 vix

71 4342 73 4351 ’
135 4332 304 4418 precibus
334 4355 474 4403 suorum
500 4333 621 4412 victus,
649 4335 720 4403 abit
749 4332 792 4402 ad
817 4333 958 4402 domum
985 4333 1091 4403 illius.
1119 4334 1410 4403 Habebatautem
