2954 4816
231 274 292 340 422
589 291 627 337 ne
654 291 682 338 s.
710 291 887 339 nnisrnsiri
909 291 1054 338 asarias
1288 269 1355 336 ott.
1374 271 1406 334 25

183 389 319 466 praeter
341 377 565 455 caecitatem,
598 373 922 446 vehementissimus
945 374 1044 446 dolor
1068 375 1145 464 ejus
1170 372 1291 444 invadit
1310 371 1405 442 ociilcs.
1468 435 1469 460 y

184 471 230 535 Eo
250 487 333 565 ergo
351 464 468 534 dolore
489 463 644 545 affectus,
662 463 835 535 clamabat
860 464 1056 546 sceleratus,
1084 477 1117 533 et
1144 483 1279 533 suorum
1300 461 1407 530 deorum

184 555 308 624 misere
325 553 507 623 invocabat
521 552 703 622 auxilium.
728 557 818 623 Haec
843 567 957 623 autem
976 575 1042 622 non
1061 565 1185 622 temere
1200 549 1410 622 administrarit
1468 593 1469 638 y

184 643 417 732 providentie:
439 641 497 714 sed
522 653 561 711 ut
579 663 658 711 cum
685 641 708 710 ii
732 641 794 729 qui
812 657 911 712 erant
925 652 1031 722 extra,
1053 641 1249 719 sensissent,
1265 649 1349 720 etat
1366 658 1410 736 pii
1468 681 1469 708 i

182 745 267 813 erat,
294 741 586 822 congregarentur
609 730 652 799 ad
676 751 777 820 opem
802 733 833 801 ei
848 729 1038 812 ferendam,
1056 752 1110 800 res
1132 729 1284 800 evaderet
1303 723 1411 795 manile·

184 832 247 898 stc,
270 841 420 907 quanam
443 819 574 888 ratione
597 830 629 888 et
645 819 819 908 quomodo
843 818 1035 900 accidisset,
1057 832 1090 888 et
1114 840 1181 888 noa
1202 818 1309 887 liceret
1328 835 1408 884 sacer·
1464 857 1469 904 y

183 909 254 977 doti
271 930 412 976 causam
438 908 472 975 in
494 906 588 977 aliud
613 907 778 989 conferre,
798 922 858 978 aut
882 909 1019 978 mentiri
1044 907 1210 977 adversus
1229 902 1408 974 miraculum.
1468 949 1469 994 y

183 996 278 1078 Quod
305 992 407 1066 etiam
432 996 560 1065 lactum
585 1009 646 1076 est,
676 1009 811 1066 etcum
838 996 939 1066 multi
963 995 1121 1066 adessent
1151 1007 1262 1074 testes,
1279 991 1410 1062 deductas
1463 1035 1469 1080 ι

184 1085 326 1153 domum
353 1105 497 1164 caecus,
523 1096 555 1154 et
578 1085 672 1175 gravi
697 1084 814 1156 dolore
843 1085 1007 1164 allectus,
1033 1103 1066 1154 ei
1089 1081 1216 1154 de’inde
1237 1079 1412 1174 gravioribus

182 1173 341 1244 dolorum
363 1173 515 1244 stimulis
538 1185 689 1255 vexatus,
704 1174 803 1264 jubet
828 1185 865 1243 ut
889 1175 923 1243 in
949 1173 1179 1243 execrandum
1204 1172 1334 1242 deorum
1358 1189 1412 1236 suo·

183 1283 259 1331 ium
282 1260 448 1352 templum
474 1261 675 1342 deferretur,
695 1275 727 1331 et
743 1261 814 1331 illic
830 1261 1069 1351 deponeretur,
1091 1275 1217 1352 putans
1234 1261 1310 1338 lore,
1327 1269 1358 1326 ut
1372 1255 1412 1340 qui

182 1371 240 1419 eos
263 1349 399 1428 coleret,
420 1351 464 1420 ab
487 1351 537 1418 eis
562 1363 752 1420 curaretur.
777 1355 800 1420 E
827 1373 862 1420 re
888 1353 955 1420 iam
982 1372 1071 1432 vero,
1090 1364 1123 1420 et
1145 1371 1249 1438 quam
1279 1369 1333 1438 par
1354 1356 1412 1412 erat

183 1439 237 1507 sui
254 1439 370 1508 cultus
388 1438 504 1508 retulit
528 1440 732 1510 mercedem.
754 1374 889 1510 Dobrib

182 1547 260 1595 euni
286 1526 539 1608 invadentibus,
556 1528 681 1597 emittit
700 1528 801 1598 etiam
827 1528 993 1598 animum.

891 1463 934 1509 us
956 1439 1048 1508 enim
1076 1439 1191 1509 adhuc
1218 1433 1414 1508 vehementius
1468 1481 1469 1524 3

225 1616 354 1701 §tm
383 1621 428 1685 Ex
456 1638 495 1686 eo
523 1618 700 1686 Anastasia
732 1616 922 1686 libertatern
954 1619 1159 1696 consecuta,
1193 1613 1287 1684 illinc
1307 1610 1414 1700 quiden
1468 1573 1469 1618 ³

180 1702 373 1792 egreditur:
402 1706 492 1774 venit
515 1717 629 1774 autem
647 1704 688 1774 ad
714 1705 931 1786 Theodotem‚
953 1727 1057 1792 quam
1077 1705 1174 1794 prius
1199 1701 1415 1796 declaravimus
1468 1745 1469 1788 y

181 1791 335 1862 babitare
359 1792 451 1882 apud
467 1794 626 1862 comitem
646 1793 851 1864 Leucadium
867 1817 874 1862 :
889 1807 921 1862 et
938 1793 1115 1883 sigillatim
1133 1793 1164 1862 ei
1181 1803 1296 1862 narrat
1313 1805 1411 1858 omnia.
1468 1831 1469 1871 y

181 1891 248 1948 tam
274 1903 362 1968 quae
382 1903 481 1971 passa
507 1882 561 1963 sit,
583 1903 687 1968 quam
712 1903 801 1969 quae
825 1904 885 1972 per
909 1883 1018 1970 ipsam
1040 1894 1167 1952 etcum
1193 1883 1269 1972 ipsa
1294 1885 1369 1948 lteris
1384 1873 1415 1941 le

180 1970 274 2038 cerit.
305 1971 427 2041 Paucis
455 1982 531 2058 post
554 1970 677 2041 diebus
700 1991 815 2041 comes
838 1993 907 2058 quo
932 1993 974 2040 ue
1005 1970 1197 2040 Leucadius
1228 1991 1269 2039 ex
1291 1963 1414 2053 Bithynia
1468 2007 1469 2052 3

181 2078 347 2138 reversus,
367 2081 445 2128 cum
461 2057 630 2128 Theodote
649 2059 820 2146 prioribus
837 1991 968 2130 simiies
985 2080 1108 2130 rursus
1123 2058 1247 2127 babuit
1262 2071 1413 2128 sermones.
1466 2101 1469 2148 y

180 2157 315 2216 tentans
334 2169 407 2216 eam
434 2146 610 2218 inducere.
638 2153 819 2234 Postquam
838 2160 952 2217 autem
980 2148 1088 2218 mulia
1117 2147 1273 2236 loquens,
1293 2151 1416 2240 cognorit

181 2255 215 2302 se
241 2235 331 2322 loqui
358 2235 473 2316 litori,
501 2249 635 2305 etcum
663 2238 771 2306 ventis
804 2236 956 2306 conferre
987 2257 1204 2316 sermonem,
1240 2239 1415 2304 Anastasiou

180 2345 317 2410 quoque
337 2325 491 2392 resciscit
514 2325 604 2412 apud
631 2347 709 2393 euin
735 2326 877 2426 degere:
899 2337 930 2395 et
949 2324 1065 2395 lurore
1087 2325 1249 2415 percitus,
1274 2332 1415 2413 propterea

180 2413 271 2497 quod
303 2411 470 2480 Theodote
501 2411 597 2484 illius
628 2412 923 2483 admonitionibus
951 2413 1139 2494 inducitur,
1174 2426 1213 2482 ut
1235 2433 1311 2481 eiirn
1337 2423 1417 2491 magis

178 2515 385 2580 contemnat,
406 2501 616 2570 anastasiam
635 2501 775 2588 quidem
792 2503 904 2571 statim
923 2502 1071 2571 vinctam
1090 2500 1194 2572 tradit
1214 2496 1367 2570 tribunali
1377 2493 1416 2581 ju·
1468 2541 1469 2588 y

179 2589 334 2659 diciario.
360 2589 553 2672 Quinetiam
581 2589 783 2659 Theodotem
807 2591 956 2658 vinctam
975 2592 1174 2660 transmittit
1198 2589 1241 2659 ad
1264 2595 1417 2657 Proconsi·
1468 2651 1469 2676 ,

180 2677 244 2746 lem
268 2678 456 2767 Bithyniae,
484 2677 526 2746 de
548 2699 588 2746 ea
611 2700 691 2748 euin
711 2701 771 2768 per
791 2678 933 2760 litteriis,
952 2679 1229 2766 quamcitissime
1250 2676 1321 2747 lieri
1336 2668 1415 2766 potui.

181 2766 328 2836 reddens
351 2768 541 2836 certiorem.

223 2859 329 2941 §M
352 2858 434 2923 Cum
451 2868 565 2924 autem
586 2854 622 2924 in
640 2855 835 2944 Bithyniam
854 2855 1063 2945 pervenisset
1080 2853 1261 2936 theodote,
1285 2849 1417 2943 producti

178 2954 228 3010 est
252 2943 295 3010 ad
321 2942 471 3012 tribunal
492 2943 727 3014 Proconsulis:
755 2966 774 3010 ιι
791 2948 870 3035 Age,
890 2945 1005 3032 inquit
1022 2943 1089 3026 ille,
1112 2943 1328 3022 oTbeodote‚
1338 2941 1418 3037 jussis
1468 2997 1469 3031 ,

180 3051 305 3117 parens
322 3032 566 3119 Imperatoriis,
588 3032 670 3101 velis
686 3032 753 3101 diis
771 3034 891 3102 ollcrre
916 3031 1137 3102 sacrificium.
1156 3033 1212 3102 Sic
1235 3033 1324 3102 enim
1340 3018 1417 3095 simul
1468 3059 1469 3112 y

178 3131 210 3188 et
235 3117 315 3188 siliis
336 3119 438 3200 vives,
464 3133 497 3190 et
517 3120 688 3212 particeps
703 3121 771 3190 eris
787 3121 978 3191 multorum
999 3121 1181 3191 bonorum.
1203 3125 1285 3190 llam
1301 3116 1355 3188 elsi
1370 3129 1418 3180 noi
1463 3117 1469 3212 ,

179 3220 247 3288 tua,
267 3206 464 3278 altiliorum
483 3209 623 3296 quidem
642 3221 731 3280 certe
756 3221 893 3279 tuorum
911 3231 1028 3289 causa,
1049 3231 1201 3296 aequum
1217 3208 1327 3285 luerit,
1349 3213 1381 3272 ul
1396 3193 1418 3295 id

177 3295 284 3386 eligas
308 3296 398 3382 quod
416 3310 467 3366 est
486 3297 641 3368 luturum
662 3299 720 3368 tibi
741 3298 836 3368 utile.
853 3321 872 3364 e
889 3303 975 3368 uun
998 3299 1081 3368 baec
1098 3310 1212 3368 autem
1240 3291 1369 3383 martyri
1383 3285 1418 3354 dt·
1468 3369 1469 3386 .

179 3397 269 3454 ceret
289 3383 486 3465 Proconsul,
506 3387 717 3476 respondens
733 3385 828 3457 illius
848 3386 997 3456 liliorum
1025 3386 1287 3477 primogenitus,
1309 3381 1358 3451 cui
1379 3394 1419 3443 ιθ·
1468 3437 1469 3474 ,

178 3495 255 3542 men
272 3485 345 3544 erat
361 3473 526 3544 Evodius:
544 3497 562 3542 ι
580 3481 618 3544 tt
636 3497 708 3557 nos,
728 3475 853 3562 inquit,
873 3481 1058 3557 oPraeses,
1077 3475 1258 3544 bominum
1276 3463 1418 3572 supplicii

178 3583 393 3650 nequaquam
414 3565 709 3653 pertimescimus:
727 3585 815 3651 quae
831 3563 966 3654 corpori
983 3564 1122 3650 quidem
1141 3564 1416 3652 incorruptionem,
1468 3609 1469 3654 y

178 3653 315 3720 animae
335 3664 449 3721 autem
477 3653 590 3740 potius
615 3652 906 3722 immortalitatem
935 3653 1046 3722 solent
1072 3651 1276 3722 conciliare:
1300 3645 1353 3718 sed
1378 3659 1417 3711 iis,
1468 3703 1469 3742 ,

179 3760 301 3827 parum
331 3740 427 3810 abest
452 3741 536 3827 quin
568 3739 694 3821 dicam,
722 3763 829 3828 aeque
852 3763 892 3810 ac
916 3741 1071 3811 convivio
1099 3739 1318 3811 delectamur.
1336 3739 1437 3836 beru·
1467 3806 1468 3821 ,

178 3849 256 3898 vero
277 3829 390 3918 potius
409 3829 582 3909 timemus,
609 3833 670 3921 qui
693 3841 800 3921 potest
820 3832 969 3900 animam
994 3841 1026 3900 et
1049 3852 1167 3920 corpus
1187 3830 1308 3920 punire
1329 3845 1358 3892 rii
1376 3837 1418 3906 ιι·
1468 3883 1469 3888 ,

177 3919 287 3986 deniae
304 3917 438 4006 (Mario.
464 3917 546 4006 x).»
567 3917 752 3988 Proconsul
771 3930 898 4000 autem,
915 3918 1027 3990 oculis
1042 3919 1076 3986 in
1096 3939 1240 4008 puerum
1262 3910 1416 4006 conjecti&

176 4011 299 4076 «Cum
327 4006 459 4076 videam
490 4020 530 4084 te,
562 4007 686 4094 inquit,
714 4019 822 4076 aetate
849 4006 1036 4078 admodum
1066 4005 1311 4096 imperfectum,
1337 4009 1418 4064 ’ΜΝ

174 4094 348 4178 quomodo
364 4107 396 4162 et
416 4115 519 4181 aquo
536 4095 621 4165 haec
638 4097 687 4166 sic
708 4095 875 4177 didicisti,
894 4117 983 4184 quae
1007 4095 1061 4164 vix
1077 4094 1177 4164 multi
1194 4105 1226 4166 et
1245 4093 1338 4181 longo
1354 4098 1417 4179 lem·

175 4202 256 4268 pore
272 4195 304 4251 et
321 4182 437 4252 labore
453 4195 535 4252 sunt
549 4186 736 4254 consecuti.
756 4208 774 4251 ii
792 4185 925 4267 Quibus
938 4205 1025 4274 puer
1040 4196 1233 4274 opportune
1248 4170 1414 4278 respondi?

177 4289 195 4333 ι
220 4273 376 4340 servator
402 4285 515 4340 noster
531 4285 564 4341 et
584 4273 749 4344 Dominus
768 4273 867 4344 lesus
887 4273 1053 4354 Christus,
1081 4272 1155 4360 ipse
1179 4287 1229 4342 esi
1250 4290 1305 4356 qui
1326 4261 1414 4352 diril=

174 4358 311 4435 mando
342 4360 512 4428 ducemini
546 4361 591 4428 ad
631 4366 735 4451 Reges
764 4372 795 4431 et
834 4363 1017 4452 praesides,
1053 4363 1158 4430 nolite
1190 4338 1417 4449 matricidii
