<?xml version="1.0" encoding="UTF-8"?>
<!DOCTYPE html PUBLIC "-//W3C//DTD XHTML 1.0 Transitional//EN"
    "http://www.w3.org/TR/xhtml1/DTD/xhtml1-transitional.dtd">
<html xmlns="http://www.w3.org/1999/xhtml" xml:lang="en" lang="en">
 <head>
  <title>
</title>
<meta http-equiv="Content-Type" content="text/html;charset=utf-8" />
  <meta name='ocr-system' content='tesseract 3.04.00' />
  <meta name='ocr-capabilities' content='ocr_page ocr_carea ocr_par ocr_line ocrx_word'/>
</head>
<body>
  <div class='ocr_page' id='page_1' title='image "./historiaeseuvit00lippgoog_0085.png"; bbox 0 0 3046 4838; ppageno 0'>
   <div class='ocr_carea' id='block_1_1' title="bbox 250 283 1451 360">
    <p class='ocr_par' dir='ltr' id='par_1_1' title="bbox 250 283 1451 360">
     <span class='ocr_line' id='line_1_1' title="bbox 250 283 1451 360; baseline 0.002 -14"><span class='ocrx_word' id='word_1_1' title='bbox 250 283 291 346; x_wconf 80' lang='lat' dir='ltr'>dl</span> <span class='ocrx_word' id='word_1_2' title='bbox 504 303 542 348; x_wconf 84' lang='lat' dir='ltr'>nc</span> <span class='ocrx_word' id='word_1_3' title='bbox 566 303 611 348; x_wconf 90' lang='lat' dir='ltr'>ss.</span> <span class='ocrx_word' id='word_1_4' title='bbox 639 301 822 358; x_wconf 81' lang='lat' dir='ltr'>arrroxrro,</span> <span class='ocrx_word' id='word_1_5' title='bbox 849 301 993 360; x_wconf 80' lang='lat' dir='ltr'>susurro,</span> <span class='ocrx_word' id='word_1_6' title='bbox 1021 299 1088 348; x_wconf 83' lang='lat' dir='ltr'>are.</span> <span class='ocrx_word' id='word_1_7' title='bbox 1115 301 1170 347; x_wconf 81' lang='lat' dir='ltr'>nx.</span> <span class='ocrx_word' id='word_1_8' title='bbox 1340 283 1413 347; x_wconf 78' lang='lat' dir='ltr'>HEC.</span> <span class='ocrx_word' id='word_1_9' title='bbox 1436 286 1451 348; x_wconf 83' lang='lat'>2</span> 
     </span>
    </p>
   </div>
   <div class='ocr_carea' id='block_1_2' title="bbox 207 384 1496 2424">
    <p class='ocr_par' dir='ltr' id='par_1_2' title="bbox 207 384 1459 1537">
     <span class='ocr_line' id='line_1_2' title="bbox 250 384 1450 474; baseline -0.005 -18"><span class='ocrx_word' id='word_1_10' title='bbox 250 386 268 471; x_wconf 66' lang='grc' dir='ltr'>ξ</span> <span class='ocrx_word' id='word_1_11' title='bbox 294 389 337 456; x_wconf 69' lang='grc'>91.</span> <span class='ocrx_word' id='word_1_12' title='bbox 365 390 547 454; x_wconf 87' lang='lat' dir='ltr'>Transacto</span> <span class='ocrx_word' id='word_1_13' title='bbox 560 385 678 465; x_wconf 92' lang='lat' dir='ltr'>biduo,</span> <span class='ocrx_word' id='word_1_14' title='bbox 697 385 862 474; x_wconf 80' lang='lat' dir='ltr'>praedicti</span> <span class='ocrx_word' id='word_1_15' title='bbox 908 387 980 454; x_wconf 93' lang='lat' dir='ltr'>ueri</span> <span class='ocrx_word' id='word_1_16' title='bbox 999 384 1221 454; x_wconf 88' lang='lat' dir='ltr'>veneruntad</span> <span class='ocrx_word' id='word_1_17' title='bbox 1237 384 1450 474; x_wconf 80' lang='lat' dir='ltr'>Hippolytum,</span> 
     </span>
     <span class='ocr_line' id='line_1_3' title="bbox 207 407 1454 561; baseline -0.001 -19"><span class='ocrx_word' id='word_1_18' title='bbox 207 473 337 542; x_wconf 89' lang='lat' dir='ltr'>cibaria</span> <span class='ocrx_word' id='word_1_19' title='bbox 365 473 533 560; x_wconf 81' lang='lat' dir='ltr'>quaedam</span> <span class='ocrx_word' id='word_1_20' title='bbox 564 473 730 543; x_wconf 81' lang='lat' dir='ltr'>serentes:</span> <span class='ocrx_word' id='word_1_21' title='bbox 757 496 843 561; x_wconf 90' lang='lat' dir='ltr'>quos</span> <span class='ocrx_word' id='word_1_22' title='bbox 869 407 927 543; x_wconf 81' lang='lat' dir='ltr'>iiie</span> <span class='ocrx_word' id='word_1_23' title='bbox 950 473 1114 555; x_wconf 90' lang='lat' dir='ltr'>retinuit,</span> <span class='ocrx_word' id='word_1_24' title='bbox 1140 485 1172 542; x_wconf 89' lang='lat' dir='ltr'>et</span> <span class='ocrx_word' id='word_1_25' title='bbox 1201 473 1233 542; x_wconf 93' lang='lat' dir='ltr'>id</span> <span class='ocrx_word' id='word_1_26' title='bbox 1255 473 1454 542; x_wconf 78' lang='lat' dir='ltr'>annunciavit</span> 
     </span>
     <span class='ocr_line' id='line_1_4' title="bbox 207 560 1452 662; baseline 0 -32"><span class='ocrx_word' id='word_1_27' title='bbox 207 562 306 631; x_wconf 90' lang='lat' dir='ltr'>beato</span> <span class='ocrx_word' id='word_1_28' title='bbox 331 560 502 652; x_wconf 88' lang='lat' dir='ltr'>Stephano</span> <span class='ocrx_word' id='word_1_29' title='bbox 526 563 714 652; x_wconf 82' lang='lat' dir='ltr'>Episcopo:</span> <span class='ocrx_word' id='word_1_30' title='bbox 741 562 802 650; x_wconf 93' lang='lat' dir='ltr'>qui</span> <span class='ocrx_word' id='word_1_31' title='bbox 818 564 970 645; x_wconf 90' lang='lat' dir='ltr'>veniens,</span> <span class='ocrx_word' id='word_1_32' title='bbox 997 562 1212 662; x_wconf 79' lang='lat' dir='ltr'>amplexatus</span> <span class='ocrx_word' id='word_1_33' title='bbox 1227 574 1277 630; x_wconf 91' lang='lat' dir='ltr'>est</span> <span class='ocrx_word' id='word_1_34' title='bbox 1302 562 1452 651; x_wconf 73' lang='lat' dir='ltr'>parvulos</span> 
     </span>
     <span class='ocr_line' id='line_1_5' title="bbox 207 649 1456 741; baseline -0.001 -24"><span class='ocrx_word' id='word_1_35' title='bbox 207 649 410 720; x_wconf 83' lang='lat' dir='ltr'>demulcens</span> <span class='ocrx_word' id='word_1_36' title='bbox 433 672 503 720; x_wconf 90' lang='lat' dir='ltr'>eos.</span> <span class='ocrx_word' id='word_1_37' title='bbox 529 655 759 722; x_wconf 80' lang='lat' dir='ltr'>decurrerunt</span> <span class='ocrx_word' id='word_1_38' title='bbox 775 664 933 741; x_wconf 90' lang='lat' dir='ltr'>parentes</span> <span class='ocrx_word' id='word_1_39' title='bbox 957 650 1094 720; x_wconf 78' lang='lat' dir='ltr'>solliciti</span> <span class='ocrx_word' id='word_1_40' title='bbox 1119 673 1180 741; x_wconf 91' lang='lat' dir='ltr'>pro</span> <span class='ocrx_word' id='word_1_41' title='bbox 1200 650 1301 719; x_wconf 88' lang='lat' dir='ltr'>liliis:</span> <span class='ocrx_word' id='word_1_42' title='bbox 1327 649 1456 736; x_wconf 90' lang='lat' dir='ltr'>quosal-</span> 
     </span>
     <span class='ocr_line' id='line_1_6' title="bbox 208 737 1456 829; baseline 0.001 -23"><span class='ocrx_word' id='word_1_43' title='bbox 208 737 344 810; x_wconf 90' lang='lat' dir='ltr'>locutus</span> <span class='ocrx_word' id='word_1_44' title='bbox 367 751 418 809; x_wconf 89' lang='lat' dir='ltr'>est</span> <span class='ocrx_word' id='word_1_45' title='bbox 442 739 637 829; x_wconf 88' lang='lat' dir='ltr'>Stephanus</span> <span class='ocrx_word' id='word_1_46' title='bbox 669 740 712 809; x_wconf 90' lang='lat' dir='ltr'>de</span> <span class='ocrx_word' id='word_1_47' title='bbox 736 739 875 810; x_wconf 89' lang='lat' dir='ltr'>horrore</span> <span class='ocrx_word' id='word_1_48' title='bbox 905 739 1014 809; x_wconf 85' lang='lat' dir='ltr'>futuri</span> <span class='ocrx_word' id='word_1_49' title='bbox 1039 738 1204 808; x_wconf 92' lang='lat' dir='ltr'>tremendi</span> <span class='ocrx_word' id='word_1_50' title='bbox 1234 739 1354 828; x_wconf 90' lang='lat' dir='ltr'>judicii</span> <span class='ocrx_word' id='word_1_51' title='bbox 1376 739 1456 807; x_wconf 91' lang='lat' dir='ltr'>etde</span> 
     </span>
     <span class='ocr_line' id='line_1_7' title="bbox 208 826 1454 919; baseline -0.001 -24"><span class='ocrx_word' id='word_1_52' title='bbox 208 826 316 918; x_wconf 88' lang='lat' dir='ltr'>gloria</span> <span class='ocrx_word' id='word_1_53' title='bbox 341 827 532 910; x_wconf 88' lang='lat' dir='ltr'>beatorum,</span> <span class='ocrx_word' id='word_1_54' title='bbox 559 829 700 898; x_wconf 89' lang='lat' dir='ltr'>hortans</span> <span class='ocrx_word' id='word_1_55' title='bbox 726 829 885 919; x_wconf 91' lang='lat' dir='ltr'>pluribus</span> <span class='ocrx_word' id='word_1_56' title='bbox 901 849 959 898; x_wconf 91' lang='lat' dir='ltr'>eos</span> <span class='ocrx_word' id='word_1_57' title='bbox 976 827 1067 896; x_wconf 88' lang='lat' dir='ltr'>idbla</span> <span class='ocrx_word' id='word_1_58' title='bbox 1084 828 1287 915; x_wconf 88' lang='lat' dir='ltr'>relinquere.</span> <span class='ocrx_word' id='word_1_59' title='bbox 1307 827 1454 917; x_wconf 86' lang='lat' dir='ltr'>idipsum</span> 
     </span>
     <span class='ocr_line' id='line_1_8' title="bbox 208 915 1454 1007; baseline -0.001 -22"><span class='ocrx_word' id='word_1_60' title='bbox 208 916 309 985; x_wconf 89' lang='lat' dir='ltr'>etiam</span> <span class='ocrx_word' id='word_1_61' title='bbox 339 915 417 986; x_wconf 86' lang='lat' dir='ltr'>lecit</span> <span class='ocrx_word' id='word_1_62' title='bbox 437 917 656 1007; x_wconf 82' lang='lat' dir='ltr'>Hippolytus.</span> <span class='ocrx_word' id='word_1_63' title='bbox 683 918 817 1000; x_wconf 83' lang='lat' dir='ltr'>Quibus</span> <span class='ocrx_word' id='word_1_64' title='bbox 841 917 960 986; x_wconf 82' lang='lat' dir='ltr'>Adrias</span> <span class='ocrx_word' id='word_1_65' title='bbox 986 931 1097 1007; x_wconf 91' lang='lat' dir='ltr'>pater,</span> <span class='ocrx_word' id='word_1_66' title='bbox 1126 939 1162 986; x_wconf 88' lang='lat' dir='ltr'>se</span> <span class='ocrx_word' id='word_1_67' title='bbox 1186 916 1327 1005; x_wconf 89' lang='lat' dir='ltr'>spoliari</span> <span class='ocrx_word' id='word_1_68' title='bbox 1349 916 1454 994; x_wconf 86' lang='lat' dir='ltr'>bonis,</span> 
     </span>
     <span class='ocr_line' id='line_1_9' title="bbox 208 1003 1458 1096; baseline -0.002 -23"><span class='ocrx_word' id='word_1_69' title='bbox 208 1015 241 1073; x_wconf 89' lang='lat' dir='ltr'>ct</span> <span class='ocrx_word' id='word_1_70' title='bbox 260 1003 357 1074; x_wconf 89' lang='lat' dir='ltr'>caedi</span> <span class='ocrx_word' id='word_1_71' title='bbox 380 1005 495 1094; x_wconf 93' lang='lat' dir='ltr'>gladio</span> <span class='ocrx_word' id='word_1_72' title='bbox 520 1009 632 1093; x_wconf 86' lang='lat' dir='ltr'>(quae</span> <span class='ocrx_word' id='word_1_73' title='bbox 655 1007 772 1076; x_wconf 90' lang='lat' dir='ltr'>omnia</span> <span class='ocrx_word' id='word_1_74' title='bbox 797 1019 914 1096; x_wconf 90' lang='lat' dir='ltr'>parata</span> <span class='ocrx_word' id='word_1_75' title='bbox 938 1019 1036 1075; x_wconf 89' lang='lat' dir='ltr'>erant</span> <span class='ocrx_word' id='word_1_76' title='bbox 1059 1005 1102 1076; x_wconf 95' lang='lat' dir='ltr'>iis</span> <span class='ocrx_word' id='word_1_77' title='bbox 1126 1006 1185 1092; x_wconf 89' lang='lat' dir='ltr'>qui</span> <span class='ocrx_word' id='word_1_78' title='bbox 1207 1027 1242 1073; x_wconf 90' lang='lat' dir='ltr'>se</span> <span class='ocrx_word' id='word_1_79' title='bbox 1270 1005 1458 1074; x_wconf 84' lang='lat' dir='ltr'>Christianos</span> 
     </span>
     <span class='ocr_line' id='line_1_10' title="bbox 209 1092 1457 1185; baseline -0.002 -24"><span class='ocrx_word' id='word_1_80' title='bbox 209 1092 384 1180; x_wconf 83' lang='lat' dir='ltr'>dicerent)</span> <span class='ocrx_word' id='word_1_81' title='bbox 409 1094 528 1163; x_wconf 88' lang='lat' dir='ltr'>timere</span> <span class='ocrx_word' id='word_1_82' title='bbox 553 1117 588 1166; x_wconf 89' lang='lat' dir='ltr'>se</span> <span class='ocrx_word' id='word_1_83' title='bbox 617 1095 685 1164; x_wconf 91' lang='lat' dir='ltr'>ait:</span> <span class='ocrx_word' id='word_1_84' title='bbox 718 1095 750 1164; x_wconf 91' lang='lat' dir='ltr'>id</span> <span class='ocrx_word' id='word_1_85' title='bbox 783 1095 898 1185; x_wconf 92' lang='lat' dir='ltr'>ipsum</span> <span class='ocrx_word' id='word_1_86' title='bbox 930 1093 1114 1164; x_wconf 87' lang='lat' dir='ltr'>inculcavit</span> <span class='ocrx_word' id='word_1_87' title='bbox 1149 1115 1245 1164; x_wconf 90' lang='lat' dir='ltr'>soror</span> <span class='ocrx_word' id='word_1_88' title='bbox 1281 1093 1457 1184; x_wconf 87' lang='lat' dir='ltr'>Hippolyti,</span> 
     </span>
     <span class='ocr_line' id='line_1_11' title="bbox 209 1181 1458 1274; baseline -0.003 -23"><span class='ocrx_word' id='word_1_89' title='bbox 209 1182 364 1264; x_wconf 87' lang='lat' dir='ltr'>Paulina,</span> <span class='ocrx_word' id='word_1_90' title='bbox 391 1181 557 1252; x_wconf 90' lang='lat' dir='ltr'>invehens</span> <span class='ocrx_word' id='word_1_91' title='bbox 581 1183 615 1252; x_wconf 95' lang='lat' dir='ltr'>in</span> <span class='ocrx_word' id='word_1_92' title='bbox 641 1183 878 1274; x_wconf 83' lang='lat' dir='ltr'>Hippolytum,</span> <span class='ocrx_word' id='word_1_93' title='bbox 899 1182 958 1269; x_wconf 90' lang='lat' dir='ltr'>qui</span> <span class='ocrx_word' id='word_1_94' title='bbox 980 1184 1064 1252; x_wconf 91' lang='lat' dir='ltr'>haec</span> <span class='ocrx_word' id='word_1_95' title='bbox 1088 1181 1257 1252; x_wconf 76' lang='lat' dir='ltr'>suaddret.</span> <span class='ocrx_word' id='word_1_96' title='bbox 1285 1187 1361 1251; x_wconf 83' lang='lat' dir='ltr'>Erat</span> <span class='ocrx_word' id='word_1_97' title='bbox 1380 1203 1458 1249; x_wconf 91' lang='lat' dir='ltr'>soror</span> 
     </span>
     <span class='ocr_line' id='line_1_12' title="bbox 209 1269 1458 1362; baseline -0.002 -23"><span class='ocrx_word' id='word_1_98' title='bbox 209 1270 334 1360; x_wconf 94' lang='lat' dir='ltr'>Hippol</span> <span class='ocrx_word' id='word_1_99' title='bbox 362 1271 386 1339; x_wconf 91' lang='lat' dir='ltr'>ti</span> <span class='ocrx_word' id='word_1_100' title='bbox 411 1271 554 1341; x_wconf 90' lang='lat' dir='ltr'>Paulina</span> <span class='ocrx_word' id='word_1_101' title='bbox 580 1271 780 1362; x_wconf 85' lang='lat' dir='ltr'>religionem</span> <span class='ocrx_word' id='word_1_102' title='bbox 803 1272 1073 1342; x_wconf 84' lang='lat' dir='ltr'>Christianorum</span> <span class='ocrx_word' id='word_1_103' title='bbox 1100 1269 1301 1341; x_wconf 81' lang='lat' dir='ltr'>abhorrens.</span> <span class='ocrx_word' id='word_1_104' title='bbox 1328 1275 1458 1356; x_wconf 81' lang='lat' dir='ltr'>Cumque</span> 
     </span>
     <span class='ocr_line' id='line_1_13' title="bbox 211 1293 1459 1450; baseline -0.001 -23"><span class='ocrx_word' id='word_1_105' title='bbox 211 1359 289 1428; x_wconf 93' lang='lat' dir='ltr'>illos</span> <span class='ocrx_word' id='word_1_106' title='bbox 313 1293 526 1450; x_wconf 78' lang='lat' dir='ltr'>ahoquentes</span> <span class='ocrx_word' id='word_1_107' title='bbox 550 1359 751 1442; x_wconf 90' lang='lat' dir='ltr'>audissent,</span> <span class='ocrx_word' id='word_1_108' title='bbox 780 1383 814 1430; x_wconf 89' lang='lat' dir='ltr'>re</span> <span class='ocrx_word' id='word_1_109' title='bbox 840 1376 952 1430; x_wconf 88' lang='lat' dir='ltr'>tamen</span> <span class='ocrx_word' id='word_1_110' title='bbox 978 1359 1122 1441; x_wconf 87' lang='lat' dir='ltr'>insecta,</span> <span class='ocrx_word' id='word_1_111' title='bbox 1148 1359 1206 1430; x_wconf 89' lang='lat' dir='ltr'>sed</span> <span class='ocrx_word' id='word_1_112' title='bbox 1241 1380 1308 1428; x_wconf 91' lang='lat' dir='ltr'>non</span> <span class='ocrx_word' id='word_1_113' title='bbox 1340 1381 1459 1449; x_wconf 81' lang='lat' dir='ltr'>prorsus</span> 
     </span>
     <span class='ocr_line' id='line_1_14' title="bbox 211 1447 645 1537; baseline 0.005 -22"><span class='ocrx_word' id='word_1_114' title='bbox 211 1447 402 1537; x_wconf 91' lang='lat' dir='ltr'>desperata,</span> <span class='ocrx_word' id='word_1_115' title='bbox 425 1461 645 1520; x_wconf 89' lang='lat' dir='ltr'>recesserant.</span> 
     </span>
    </p>

    <p class='ocr_par' dir='ltr' id='par_1_3' title="bbox 211 1536 1496 2424">
     <span class='ocr_line' id='line_1_15' title="bbox 255 1536 1459 1627; baseline -0.004 -20"><span class='ocrx_word' id='word_1_116' title='bbox 255 1539 273 1624; x_wconf 65' lang='grc' dir='ltr'><strong>ξ</strong></span> <span class='ocrx_word' id='word_1_117' title='bbox 297 1541 342 1607; x_wconf 73' lang='lat'>8.</span> <span class='ocrx_word' id='word_1_118' title='bbox 370 1542 464 1607; x_wconf 91' lang='lat' dir='ltr'>Tunc</span> <span class='ocrx_word' id='word_1_119' title='bbox 481 1537 601 1608; x_wconf 90' lang='lat' dir='ltr'>beatus</span> <span class='ocrx_word' id='word_1_120' title='bbox 622 1538 828 1627; x_wconf 88' lang='lat' dir='ltr'>Stephanus,</span> <span class='ocrx_word' id='word_1_121' title='bbox 848 1557 973 1608; x_wconf 89' lang='lat' dir='ltr'>vocans</span> <span class='ocrx_word' id='word_1_122' title='bbox 996 1538 1039 1607; x_wconf 91' lang='lat' dir='ltr'>ad</span> <span class='ocrx_word' id='word_1_123' title='bbox 1059 1559 1094 1606; x_wconf 93' lang='lat' dir='ltr'>se</span> <span class='ocrx_word' id='word_1_124' title='bbox 1112 1537 1222 1606; x_wconf 93' lang='lat' dir='ltr'>virum</span> <span class='ocrx_word' id='word_1_125' title='bbox 1240 1536 1459 1607; x_wconf 89' lang='lat' dir='ltr'>doctissimum</span> 
     </span>
     <span class='ocr_line' id='line_1_16' title="bbox 212 1621 1458 1716; baseline -0.003 -22"><span class='ocrx_word' id='word_1_126' title='bbox 212 1626 397 1696; x_wconf 83' lang='lat' dir='ltr'>Eusebium</span> <span class='ocrx_word' id='word_1_127' title='bbox 425 1627 688 1716; x_wconf 87' lang='lat' dir='ltr'>presbyterum,</span> <span class='ocrx_word' id='word_1_128' title='bbox 714 1639 746 1696; x_wconf 88' lang='lat' dir='ltr'>et</span> <span class='ocrx_word' id='word_1_129' title='bbox 774 1625 971 1696; x_wconf 86' lang='lat' dir='ltr'>Marcellum</span> <span class='ocrx_word' id='word_1_130' title='bbox 998 1626 1207 1708; x_wconf 86' lang='lat' dir='ltr'>diaconum,</span> <span class='ocrx_word' id='word_1_131' title='bbox 1235 1627 1329 1696; x_wconf 89' lang='lat' dir='ltr'>misit</span> <span class='ocrx_word' id='word_1_132' title='bbox 1355 1647 1408 1694; x_wconf 89' lang='lat' dir='ltr'>eos</span> <span class='ocrx_word' id='word_1_133' title='bbox 1428 1621 1458 1692; x_wconf 86' lang='lat' dir='ltr'>ad</span> 
     </span>
     <span class='ocr_line' id='line_1_17' title="bbox 211 1713 1462 1801; baseline -0.002 -19"><span class='ocrx_word' id='word_1_134' title='bbox 211 1713 346 1782; x_wconf 72' lang='lat' dir='ltr'>idriam</span> <span class='ocrx_word' id='word_1_135' title='bbox 373 1727 405 1784; x_wconf 87' lang='lat' dir='ltr'>et</span> <span class='ocrx_word' id='word_1_136' title='bbox 429 1714 629 1784; x_wconf 88' lang='lat' dir='ltr'>Paulinam:</span> <span class='ocrx_word' id='word_1_137' title='bbox 655 1737 742 1801; x_wconf 90' lang='lat' dir='ltr'>quos</span> <span class='ocrx_word' id='word_1_138' title='bbox 762 1715 797 1784; x_wconf 95' lang='lat' dir='ltr'>in</span> <span class='ocrx_word' id='word_1_139' title='bbox 819 1715 1019 1784; x_wconf 72' lang='lat' dir='ltr'>arenarium</span> <span class='ocrx_word' id='word_1_140' title='bbox 1050 1713 1200 1795; x_wconf 90' lang='lat' dir='ltr'>vocavit,</span> <span class='ocrx_word' id='word_1_141' title='bbox 1227 1715 1289 1784; x_wconf 94' lang='lat' dir='ltr'>ubi</span> <span class='ocrx_word' id='word_1_142' title='bbox 1304 1726 1375 1784; x_wconf 91' lang='lat' dir='ltr'>erat</span> <span class='ocrx_word' id='word_1_143' title='bbox 1395 1713 1462 1800; x_wconf 92' lang='lat' dir='ltr'>Hip·</span> 
     </span>
     <span class='ocr_line' id='line_1_18' title="bbox 212 1800 1461 1892; baseline -0.004 -23"><span class='ocrx_word' id='word_1_144' title='bbox 212 1800 374 1892; x_wconf 89' lang='lat' dir='ltr'>polytus:</span> <span class='ocrx_word' id='word_1_145' title='bbox 407 1823 494 1890; x_wconf 91' lang='lat' dir='ltr'>quos</span> <span class='ocrx_word' id='word_1_146' title='bbox 525 1803 768 1882; x_wconf 85' lang='lat' dir='ltr'>advenientes,</span> <span class='ocrx_word' id='word_1_147' title='bbox 803 1803 897 1874; x_wconf 89' lang='lat' dir='ltr'>hisce</span> <span class='ocrx_word' id='word_1_148' title='bbox 928 1803 1040 1874; x_wconf 88' lang='lat' dir='ltr'>verbis</span> <span class='ocrx_word' id='word_1_149' title='bbox 1072 1803 1256 1891; x_wconf 88' lang='lat' dir='ltr'>compellat</span> <span class='ocrx_word' id='word_1_150' title='bbox 1288 1803 1461 1872; x_wconf 89' lang='lat' dir='ltr'>Eusebius:</span> 
     </span>
     <span class='ocr_line' id='line_1_19' title="bbox 212 1889 1463 1988; baseline 0.001 -32"><span class='ocrx_word' id='word_1_151' title='bbox 212 1895 424 1979; x_wconf 80' lang='lat' dir='ltr'>«Exspectat</span> <span class='ocrx_word' id='word_1_152' title='bbox 448 1914 506 1962; x_wconf 92' lang='lat' dir='ltr'>vos</span> <span class='ocrx_word' id='word_1_153' title='bbox 530 1892 695 1974; x_wconf 73' lang='lat' dir='ltr'>Christus</span> <span class='ocrx_word' id='word_1_154' title='bbox 721 1905 759 1962; x_wconf 90' lang='lat' dir='ltr'>ut</span> <span class='ocrx_word' id='word_1_155' title='bbox 775 1914 853 1962; x_wconf 92' lang='lat' dir='ltr'>cum</span> <span class='ocrx_word' id='word_1_156' title='bbox 871 1892 946 1982; x_wconf 91' lang='lat' dir='ltr'>ipso</span> <span class='ocrx_word' id='word_1_157' title='bbox 963 1893 1139 1962; x_wconf 80' lang='lat' dir='ltr'>introeatis</span> <span class='ocrx_word' id='word_1_158' title='bbox 1154 1893 1188 1960; x_wconf 96' lang='lat' dir='ltr'>in</span> <span class='ocrx_word' id='word_1_159' title='bbox 1209 1913 1353 1982; x_wconf 88' lang='lat' dir='ltr'>regnum</span> <span class='ocrx_word' id='word_1_160' title='bbox 1369 1889 1463 1988; x_wconf 67' lang='lat' dir='ltr'>coelo</span> 
     </span>
     <span class='ocr_line' id='line_1_20' title="bbox 213 1977 1463 2070; baseline -0.005 -22"><span class='ocrx_word' id='word_1_161' title='bbox 213 2001 340 2048; x_wconf 84' lang='lat' dir='ltr'>rum.»</span> <span class='ocrx_word' id='word_1_162' title='bbox 367 1981 623 2052; x_wconf 76' lang='lat' dir='ltr'>Contradicente</span> <span class='ocrx_word' id='word_1_163' title='bbox 647 1994 759 2050; x_wconf 89' lang='lat' dir='ltr'>autem</span> <span class='ocrx_word' id='word_1_164' title='bbox 786 1981 953 2061; x_wconf 89' lang='lat' dir='ltr'>Paulina,</span> <span class='ocrx_word' id='word_1_165' title='bbox 987 1981 1154 2070; x_wconf 89' lang='lat' dir='ltr'>objiciens</span> <span class='ocrx_word' id='word_1_166' title='bbox 1186 1981 1333 2070; x_wconf 86' lang='lat' dir='ltr'>gloriam</span> <span class='ocrx_word' id='word_1_167' title='bbox 1363 1977 1463 2050; x_wconf 81' lang='lat' dir='ltr'>mundi</span> 
     </span>
     <span class='ocr_line' id='line_1_21' title="bbox 213 2067 1463 2160; baseline -0.003 -23"><span class='ocrx_word' id='word_1_168' title='bbox 213 2067 331 2156; x_wconf 91' lang='lat' dir='ltr'>hujus,</span> <span class='ocrx_word' id='word_1_169' title='bbox 359 2069 519 2158; x_wconf 90' lang='lat' dir='ltr'>pluribus</span> <span class='ocrx_word' id='word_1_170' title='bbox 544 2071 733 2140; x_wconf 89' lang='lat' dir='ltr'>insinuavit</span> <span class='ocrx_word' id='word_1_171' title='bbox 756 2069 808 2138; x_wconf 93' lang='lat' dir='ltr'>illi</span> <span class='ocrx_word' id='word_1_172' title='bbox 824 2069 970 2159; x_wconf 85' lang='lat' dir='ltr'>gloriam</span> <span class='ocrx_word' id='word_1_173' title='bbox 990 2070 1088 2160; x_wconf 89' lang='lat' dir='ltr'>regni</span> <span class='ocrx_word' id='word_1_174' title='bbox 1104 2068 1273 2150; x_wconf 87' lang='lat' dir='ltr'>eoelestis,</span> <span class='ocrx_word' id='word_1_175' title='bbox 1292 2089 1393 2158; x_wconf 88' lang='lat' dir='ltr'>quam</span> <span class='ocrx_word' id='word_1_176' title='bbox 1412 2087 1463 2135; x_wconf 92' lang='lat' dir='ltr'>non</span> 
     </span>
     <span class='ocr_line' id='line_1_22' title="bbox 213 2157 1464 2249; baseline -0.006 -23"><span class='ocrx_word' id='word_1_177' title='bbox 213 2171 327 2226; x_wconf 91' lang='lat' dir='ltr'>esseut</span> <span class='ocrx_word' id='word_1_178' title='bbox 353 2160 569 2240; x_wconf 84' lang='lat' dir='ltr'>assecuturi,</span> <span class='ocrx_word' id='word_1_179' title='bbox 597 2160 664 2228; x_wconf 89' lang='lat' dir='ltr'>nisi</span> <span class='ocrx_word' id='word_1_180' title='bbox 690 2181 750 2249; x_wconf 89' lang='lat' dir='ltr'>per</span> <span class='ocrx_word' id='word_1_181' title='bbox 773 2158 901 2236; x_wconf 87' lang='lat' dir='ltr'>fidem,</span> <span class='ocrx_word' id='word_1_182' title='bbox 929 2158 963 2226; x_wconf 95' lang='lat' dir='ltr'>in</span> <span class='ocrx_word' id='word_1_183' title='bbox 991 2179 1058 2247; x_wconf 89' lang='lat' dir='ltr'>qua</span> <span class='ocrx_word' id='word_1_184' title='bbox 1087 2157 1190 2227; x_wconf 89' lang='lat' dir='ltr'>etiam</span> <span class='ocrx_word' id='word_1_185' title='bbox 1218 2158 1464 2247; x_wconf 84' lang='lat' dir='ltr'>baptizarentur.</span> 
     </span>
     <span class='ocr_line' id='line_1_23' title="bbox 212 2245 1496 2336; baseline -0.005 -21"><span class='ocrx_word' id='word_1_186' title='bbox 212 2245 357 2316; x_wconf 89' lang='lat' dir='ltr'>Paulina</span> <span class='ocrx_word' id='word_1_187' title='bbox 384 2261 498 2318; x_wconf 88' lang='lat' dir='ltr'>autem</span> <span class='ocrx_word' id='word_1_188' title='bbox 529 2247 564 2318; x_wconf 91' lang='lat' dir='ltr'>in</span> <span class='ocrx_word' id='word_1_189' title='bbox 594 2260 791 2335; x_wconf 89' lang='lat' dir='ltr'>sequentem</span> <span class='ocrx_word' id='word_1_190' title='bbox 824 2247 915 2317; x_wconf 91' lang='lat' dir='ltr'>diem</span> <span class='ocrx_word' id='word_1_191' title='bbox 949 2267 1154 2336; x_wconf 88' lang='lat' dir='ltr'>responsum</span> <span class='ocrx_word' id='word_1_192' title='bbox 1180 2247 1328 2316; x_wconf 89' lang='lat' dir='ltr'>distulit.</span> <span class='ocrx_word' id='word_1_193' title='bbox 1360 2245 1465 2316; x_wconf 78' lang='lat' dir='ltr'>eaden</span> <span class='ocrx_word' id='word_1_194' title='bbox 1495 2277 1496 2332; x_wconf 79' lang='lat'>3</span> 
     </span>
     <span class='ocr_line' id='line_1_24' title="bbox 214 2333 1496 2424; baseline -0.003 -21"><span class='ocrx_word' id='word_1_195' title='bbox 214 2347 323 2416; x_wconf 89' lang='lat' dir='ltr'>nocte,</span> <span class='ocrx_word' id='word_1_196' title='bbox 354 2349 510 2424; x_wconf 90' lang='lat' dir='ltr'>parentes</span> <span class='ocrx_word' id='word_1_197' title='bbox 533 2336 676 2422; x_wconf 91' lang='lat' dir='ltr'>quidam</span> <span class='ocrx_word' id='word_1_198' title='bbox 701 2334 821 2406; x_wconf 87' lang='lat' dir='ltr'>fideles</span> <span class='ocrx_word' id='word_1_199' title='bbox 844 2335 1063 2405; x_wconf 90' lang='lat' dir='ltr'>adduxerunt</span> <span class='ocrx_word' id='word_1_200' title='bbox 1087 2335 1129 2404; x_wconf 93' lang='lat' dir='ltr'>ad</span> <span class='ocrx_word' id='word_1_201' title='bbox 1151 2334 1339 2406; x_wconf 89' lang='lat' dir='ltr'>Eusebium</span> <span class='ocrx_word' id='word_1_202' title='bbox 1356 2336 1389 2404; x_wconf 94' lang='lat' dir='ltr'>in</span> <span class='ocrx_word' id='word_1_203' title='bbox 1405 2338 1466 2402; x_wconf 75' lang='lat' dir='ltr'>Are·</span> <span class='ocrx_word' id='word_1_204' title='bbox 1495 2333 1496 2384; x_wconf 83' lang='lat' dir='ltr'>t</span> 
     </span>
    </p>
   </div>
   <div class='ocr_carea' id='block_1_3' title="bbox 215 2419 1466 2582">
    <p class='ocr_par' dir='ltr' id='par_1_4' title="bbox 215 2419 1466 2582">
     <span class='ocr_line' id='line_1_25' title="bbox 215 2419 1466 2582; baseline -0.002 -92"><span class='ocrx_word' id='word_1_205' title='bbox 215 2424 351 2494; x_wconf 92' lang='lat' dir='ltr'>narium</span> <span class='ocrx_word' id='word_1_206' title='bbox 378 2425 582 2494; x_wconf 84' lang='lat' dir='ltr'>Pontianum</span> <span class='ocrx_word' id='word_1_207' title='bbox 600 2424 711 2496; x_wconf 88' lang='lat' dir='ltr'>filium</span> <span class='ocrx_word' id='word_1_208' title='bbox 738 2446 842 2494; x_wconf 93' lang='lat' dir='ltr'>suum</span> <span class='ocrx_word' id='word_1_209' title='bbox 861 2424 1110 2582; x_wconf 75' lang='lat' dir='ltr'>paralyticum,</span> <span class='ocrx_word' id='word_1_210' title='bbox 1126 2435 1290 2523; x_wconf 31' lang='lat' dir='ltr'>&#39;petentes</span> <span class='ocrx_word' id='word_1_211' title='bbox 1314 2434 1353 2494; x_wconf 92' lang='lat' dir='ltr'>ut</span> <span class='ocrx_word' id='word_1_212' title='bbox 1375 2419 1466 2511; x_wconf 89' lang='lat' dir='ltr'>bapti-</span> 
     </span>
    </p>
   </div>
   <div class='ocr_carea' id='block_1_4' title="bbox 214 2512 1495 4467">
    <p class='ocr_par' dir='ltr' id='par_1_5' title="bbox 214 2512 1495 4479">
     <span class='ocr_line' id='line_1_26' title="bbox 214 2512 1468 2602; baseline -0.003 -22"><span class='ocrx_word' id='word_1_213' title='bbox 214 2523 329 2582; x_wconf 90' lang='lat' dir='ltr'>zarent</span> <span class='ocrx_word' id='word_1_214' title='bbox 353 2533 457 2581; x_wconf 89' lang='lat' dir='ltr'>eum:</span> <span class='ocrx_word' id='word_1_215' title='bbox 488 2513 549 2600; x_wconf 89' lang='lat' dir='ltr'>qui</span> <span class='ocrx_word' id='word_1_216' title='bbox 577 2535 682 2584; x_wconf 89' lang='lat' dir='ltr'>orans</span> <span class='ocrx_word' id='word_1_217' title='bbox 711 2514 746 2582; x_wconf 95' lang='lat' dir='ltr'>in</span> <span class='ocrx_word' id='word_1_218' title='bbox 778 2535 856 2582; x_wconf 89' lang='lat' dir='ltr'>eum</span> <span class='ocrx_word' id='word_1_219' title='bbox 886 2535 938 2582; x_wconf 89' lang='lat' dir='ltr'>em</span> <span class='ocrx_word' id='word_1_220' title='bbox 964 2512 1172 2602; x_wconf 81' lang='lat' dir='ltr'>baptizavit:</span> <span class='ocrx_word' id='word_1_221' title='bbox 1191 2513 1268 2600; x_wconf 81' lang='lat' dir='ltr'>lqui</span> <span class='ocrx_word' id='word_1_222' title='bbox 1290 2513 1392 2582; x_wconf 92' lang='lat' dir='ltr'>etiam</span> <span class='ocrx_word' id='word_1_223' title='bbox 1415 2529 1468 2580; x_wconf 87' lang='lat' dir='ltr'>una</span> 
     </span>
     <span class='ocr_line' id='line_1_27' title="bbox 214 2600 1467 2693; baseline -0.005 -23"><span class='ocrx_word' id='word_1_224' title='bbox 214 2623 293 2670; x_wconf 91' lang='lat' dir='ltr'>cum</span> <span class='ocrx_word' id='word_1_225' title='bbox 320 2601 525 2690; x_wconf 88' lang='lat' dir='ltr'>baptismate</span> <span class='ocrx_word' id='word_1_226' title='bbox 553 2615 695 2672; x_wconf 92' lang='lat' dir='ltr'>sanatus</span> <span class='ocrx_word' id='word_1_227' title='bbox 719 2614 790 2682; x_wconf 90' lang='lat' dir='ltr'>est;</span> <span class='ocrx_word' id='word_1_228' title='bbox 816 2615 871 2682; x_wconf 89' lang='lat' dir='ltr'>et,</span> <span class='ocrx_word' id='word_1_229' title='bbox 905 2600 1018 2671; x_wconf 91' lang='lat' dir='ltr'>soluto</span> <span class='ocrx_word' id='word_1_230' title='bbox 1043 2601 1147 2671; x_wconf 87' lang='lat' dir='ltr'>etium</span> <span class='ocrx_word' id='word_1_231' title='bbox 1172 2600 1310 2671; x_wconf 90' lang='lat' dir='ltr'>viuculo</span> <span class='ocrx_word' id='word_1_232' title='bbox 1336 2601 1467 2693; x_wconf 85' lang='lat' dir='ltr'>linguae,¹</span> 
     </span>
     <span class='ocr_line' id='line_1_28' title="bbox 216 2689 1470 2778; baseline -0.004 -20"><span class='ocrx_word' id='word_1_233' title='bbox 216 2689 380 2758; x_wconf 89' lang='lat' dir='ltr'>laudabat</span> <span class='ocrx_word' id='word_1_234' title='bbox 397 2694 515 2758; x_wconf 86' lang='lat' dir='ltr'>Deum.</span> <span class='ocrx_word' id='word_1_235' title='bbox 543 2696 637 2759; x_wconf 91' lang='lat' dir='ltr'>Tunc</span> <span class='ocrx_word' id='word_1_236' title='bbox 661 2690 831 2760; x_wconf 89' lang='lat' dir='ltr'>Eusebius</span> <span class='ocrx_word' id='word_1_237' title='bbox 846 2690 970 2760; x_wconf 91' lang='lat' dir='ltr'>obtulit</span> <span class='ocrx_word' id='word_1_238' title='bbox 995 2689 1218 2773; x_wconf 85' lang='lat' dir='ltr'>sacrificium,</span> <span class='ocrx_word' id='word_1_239' title='bbox 1237 2702 1270 2760; x_wconf 86' lang='lat' dir='ltr'>ct</span> <span class='ocrx_word' id='word_1_240' title='bbox 1294 2690 1470 2778; x_wconf 82' lang='lat' dir='ltr'>participati</span> 
     </span>
     <span class='ocr_line' id='line_1_29' title="bbox 216 2778 1495 2870; baseline -0.005 -24"><span class='ocrx_word' id='word_1_241' title='bbox 216 2788 298 2846; x_wconf 91' lang='lat' dir='ltr'>sunt</span> <span class='ocrx_word' id='word_1_242' title='bbox 321 2797 441 2846; x_wconf 89' lang='lat' dir='ltr'>omnes</span> <span class='ocrx_word' id='word_1_243' title='bbox 466 2799 609 2867; x_wconf 92' lang='lat' dir='ltr'>corpore</span> <span class='ocrx_word' id='word_1_244' title='bbox 627 2791 660 2848; x_wconf 89' lang='lat' dir='ltr'>et</span> <span class='ocrx_word' id='word_1_245' title='bbox 687 2779 856 2869; x_wconf 86' lang='lat' dir='ltr'>sanguine</span> <span class='ocrx_word' id='word_1_246' title='bbox 885 2779 1019 2848; x_wconf 85' lang='lat' dir='ltr'>Christi.</span> <span class='ocrx_word' id='word_1_247' title='bbox 1050 2779 1146 2860; x_wconf 79' lang='lat' dir='ltr'>Quod</span> <span class='ocrx_word' id='word_1_248' title='bbox 1167 2801 1246 2848; x_wconf 95' lang='lat' dir='ltr'>cum</span> <span class='ocrx_word' id='word_1_249' title='bbox 1276 2778 1470 2870; x_wconf 84' lang='lat' dir='ltr'>cognovisset</span> <span class='ocrx_word' id='word_1_250' title='bbox 1494 2809 1495 2828; x_wconf 76' lang='lat'>.</span> 
     </span>
     <span class='ocr_line' id='line_1_30' title="bbox 217 2829 1495 2957; baseline 0.005 -24"><span class='ocrx_word' id='word_1_251' title='bbox 217 2866 411 2953; x_wconf 90' lang='lat' dir='ltr'>Stephanus</span> <span class='ocrx_word' id='word_1_252' title='bbox 434 2866 636 2957; x_wconf 88' lang='lat' dir='ltr'>Episcopus,</span> <span class='ocrx_word' id='word_1_253' title='bbox 664 2868 756 2936; x_wconf 90' lang='lat' dir='ltr'>venit</span> <span class='ocrx_word' id='word_1_254' title='bbox 778 2867 822 2936; x_wconf 91' lang='lat' dir='ltr'>ad</span> <span class='ocrx_word' id='word_1_255' title='bbox 847 2889 915 2950; x_wconf 89' lang='lat' dir='ltr'>eos,</span> <span class='ocrx_word' id='word_1_256' title='bbox 942 2880 974 2937; x_wconf 93' lang='lat' dir='ltr'>et</span> <span class='ocrx_word' id='word_1_257' title='bbox 990 2867 1099 2956; x_wconf 85' lang='lat' dir='ltr'>gavisi</span> <span class='ocrx_word' id='word_1_258' title='bbox 1122 2879 1202 2937; x_wconf 93' lang='lat' dir='ltr'>sunt</span> <span class='ocrx_word' id='word_1_259' title='bbox 1223 2866 1342 2938; x_wconf 91' lang='lat' dir='ltr'>simul.</span> <span class='ocrx_word' id='word_1_260' title='bbox 1494 2829 1495 2909; x_wconf 57' lang='lat' dir='ltr'>l</span> 
     </span>
     <span class='ocr_line' id='line_1_31' title="bbox 258 2955 1470 3044; baseline -0.008 -16"><span class='ocrx_word' id='word_1_261' title='bbox 258 2956 278 3040; x_wconf 65' lang='grc' dir='ltr'><strong>ἕ</strong></span> <span class='ocrx_word' id='word_1_262' title='bbox 303 2959 345 3028; x_wconf 75' lang='lat'>4.</span> <span class='ocrx_word' id='word_1_263' title='bbox 372 2959 468 3024; x_wconf 92' lang='lat' dir='ltr'>llane</span> <span class='ocrx_word' id='word_1_264' title='bbox 491 2967 605 3026; x_wconf 88' lang='lat' dir='ltr'>autem</span> <span class='ocrx_word' id='word_1_265' title='bbox 631 2955 732 3038; x_wconf 87' lang='lat' dir='ltr'>sacto,</span> <span class='ocrx_word' id='word_1_266' title='bbox 752 2955 928 3026; x_wconf 90' lang='lat' dir='ltr'>redierunt</span> <span class='ocrx_word' id='word_1_267' title='bbox 944 2956 1063 3027; x_wconf 70' lang='lat' dir='ltr'>adrias</span> <span class='ocrx_word' id='word_1_268' title='bbox 1087 2968 1119 3026; x_wconf 88' lang='lat' dir='ltr'>et</span> <span class='ocrx_word' id='word_1_269' title='bbox 1135 2955 1302 3036; x_wconf 74' lang='lat' dir='ltr'>Paulina:</span> <span class='ocrx_word' id='word_1_270' title='bbox 1330 2956 1470 3044; x_wconf 89' lang='lat' dir='ltr'>quicum</span> 
     </span>
     <span class='ocr_line' id='line_1_32' title="bbox 215 3039 1472 3134; baseline -0.003 -24"><span class='ocrx_word' id='word_1_271' title='bbox 215 3064 256 3110; x_wconf 89' lang='lat' dir='ltr'>ea</span> <span class='ocrx_word' id='word_1_272' title='bbox 279 3043 493 3132; x_wconf 89' lang='lat' dir='ltr'>accepissent</span> <span class='ocrx_word' id='word_1_273' title='bbox 509 3043 551 3114; x_wconf 87' lang='lat' dir='ltr'>de</span> <span class='ocrx_word' id='word_1_274' title='bbox 575 3045 720 3116; x_wconf 89' lang='lat' dir='ltr'>sanitate</span> <span class='ocrx_word' id='word_1_275' title='bbox 743 3046 854 3134; x_wconf 90' lang='lat' dir='ltr'>pueri,</span> <span class='ocrx_word' id='word_1_276' title='bbox 882 3045 996 3114; x_wconf 90' lang='lat' dir='ltr'>mirati</span> <span class='ocrx_word' id='word_1_277' title='bbox 1016 3057 1098 3114; x_wconf 90' lang='lat' dir='ltr'>sunt</span> <span class='ocrx_word' id='word_1_278' title='bbox 1118 3043 1320 3124; x_wconf 86' lang='lat' dir='ltr'>admodum,</span> <span class='ocrx_word' id='word_1_279' title='bbox 1342 3057 1374 3114; x_wconf 85' lang='lat' dir='ltr'>et</span> <span class='ocrx_word' id='word_1_280' title='bbox 1388 3039 1472 3112; x_wconf 88' lang='lat' dir='ltr'>corde</span> 
     </span>
     <span class='ocr_line' id='line_1_33' title="bbox 216 3129 1474 3234; baseline 0.002 -34"><span class='ocrx_word' id='word_1_281' title='bbox 216 3133 417 3220; x_wconf 91' lang='lat' dir='ltr'>compuncti</span> <span class='ocrx_word' id='word_1_282' title='bbox 442 3145 630 3204; x_wconf 90' lang='lat' dir='ltr'>sternentes</span> <span class='ocrx_word' id='word_1_283' title='bbox 654 3155 702 3215; x_wconf 89' lang='lat' dir='ltr'>se,</span> <span class='ocrx_word' id='word_1_284' title='bbox 730 3133 901 3224; x_wconf 90' lang='lat' dir='ltr'>petierunt</span> <span class='ocrx_word' id='word_1_285' title='bbox 924 3147 957 3203; x_wconf 92' lang='lat' dir='ltr'>et</span> <span class='ocrx_word' id='word_1_286' title='bbox 980 3133 1048 3234; x_wconf 90' lang='lat' dir='ltr'>ipsi</span> <span class='ocrx_word' id='word_1_287' title='bbox 1067 3155 1103 3202; x_wconf 94' lang='lat' dir='ltr'>se</span> <span class='ocrx_word' id='word_1_288' title='bbox 1127 3131 1306 3222; x_wconf 90' lang='lat' dir='ltr'>baptizari.</span> <span class='ocrx_word' id='word_1_289' title='bbox 1328 3139 1414 3204; x_wconf 88' lang='lat' dir='ltr'>Haec</span> <span class='ocrx_word' id='word_1_290' title='bbox 1436 3129 1474 3195; x_wconf 79' lang='lat' dir='ltr'>ri·</span> 
     </span>
     <span class='ocr_line' id='line_1_34' title="bbox 216 3217 1473 3321; baseline -0.001 -33"><span class='ocrx_word' id='word_1_291' title='bbox 216 3219 303 3289; x_wconf 89' lang='lat' dir='ltr'>dens</span> <span class='ocrx_word' id='word_1_292' title='bbox 326 3221 545 3321; x_wconf 82' lang='lat' dir='ltr'>Hippolytus,</span> <span class='ocrx_word' id='word_1_293' title='bbox 573 3224 700 3312; x_wconf 86' lang='lat' dir='ltr'>gratias</span> <span class='ocrx_word' id='word_1_294' title='bbox 724 3244 830 3313; x_wconf 88' lang='lat' dir='ltr'>agens</span> <span class='ocrx_word' id='word_1_295' title='bbox 855 3227 941 3304; x_wconf 88' lang='lat' dir='ltr'>Deo,</span> <span class='ocrx_word' id='word_1_296' title='bbox 968 3222 1075 3292; x_wconf 85' lang='lat' dir='ltr'>dvxit:</span> <span class='ocrx_word' id='word_1_297' title='bbox 1103 3221 1380 3312; x_wconf 71' lang='lat' dir='ltr'>«compleantur</span> <span class='ocrx_word' id='word_1_298' title='bbox 1402 3217 1473 3318; x_wconf 76' lang='lat' dir='ltr'>sole·</span> 
     </span>
     <span class='ocr_line' id='line_1_35' title="bbox 218 3309 1494 3401; baseline 0.002 -25"><span class='ocrx_word' id='word_1_299' title='bbox 218 3309 324 3392; x_wconf 91' lang='lat' dir='ltr'>mnia,</span> <span class='ocrx_word' id='word_1_300' title='bbox 347 3322 380 3379; x_wconf 92' lang='lat' dir='ltr'>et</span> <span class='ocrx_word' id='word_1_301' title='bbox 397 3313 617 3401; x_wconf 83' lang='lat' dir='ltr'>interrogatio</span> <span class='ocrx_word' id='word_1_302' title='bbox 641 3310 855 3382; x_wconf 89' lang='lat' dir='ltr'>celebretur:</span> <span class='ocrx_word' id='word_1_303' title='bbox 882 3311 912 3382; x_wconf 91' lang='lat' dir='ltr'>si</span> <span class='ocrx_word' id='word_1_304' title='bbox 936 3332 1013 3380; x_wconf 93' lang='lat' dir='ltr'>vere</span> <span class='ocrx_word' id='word_1_305' title='bbox 1035 3310 1189 3392; x_wconf 88' lang='lat' dir='ltr'>credant,</span> <span class='ocrx_word' id='word_1_306' title='bbox 1216 3323 1248 3380; x_wconf 89' lang='lat' dir='ltr'>et</span> <span class='ocrx_word' id='word_1_307' title='bbox 1272 3311 1370 3380; x_wconf 89' lang='lat' dir='ltr'>nulla</span> <span class='ocrx_word' id='word_1_308' title='bbox 1387 3323 1494 3396; x_wconf 71' lang='lat' dir='ltr'>trem-3</span> 
     </span>
     <span class='ocr_line' id='line_1_36' title="bbox 216 3397 1494 3489; baseline -0.005 -23"><span class='ocrx_word' id='word_1_309' title='bbox 216 3398 309 3468; x_wconf 91' lang='lat' dir='ltr'>datio</span> <span class='ocrx_word' id='word_1_310' title='bbox 333 3398 368 3466; x_wconf 95' lang='lat' dir='ltr'>in</span> <span class='ocrx_word' id='word_1_311' title='bbox 394 3400 496 3470; x_wconf 92' lang='lat' dir='ltr'>corde</span> <span class='ocrx_word' id='word_1_312' title='bbox 520 3423 637 3470; x_wconf 91' lang='lat' dir='ltr'>eorum</span> <span class='ocrx_word' id='word_1_313' title='bbox 662 3414 863 3480; x_wconf 89' lang='lat' dir='ltr'>remaneat,</span> <span class='ocrx_word' id='word_1_314' title='bbox 890 3412 928 3470; x_wconf 92' lang='lat' dir='ltr'>ut</span> <span class='ocrx_word' id='word_1_315' title='bbox 952 3400 1181 3489; x_wconf 89' lang='lat' dir='ltr'>baptizentur.</span> <span class='ocrx_word' id='word_1_316' title='bbox 1207 3422 1225 3466; x_wconf 77' lang='lat' dir='ltr'>n</span> <span class='ocrx_word' id='word_1_317' title='bbox 1252 3403 1352 3470; x_wconf 88' lang='lat' dir='ltr'>Eaeta</span> <span class='ocrx_word' id='word_1_318' title='bbox 1375 3397 1494 3468; x_wconf 56' lang='lat' dir='ltr'>auten*</span> 
     </span>
     <span class='ocr_line' id='line_1_37' title="bbox 218 3487 1476 3578; baseline 0.001 -23"><span class='ocrx_word' id='word_1_319' title='bbox 218 3487 506 3578; x_wconf 84' lang='lat' dir='ltr'>interrogatione,</span> <span class='ocrx_word' id='word_1_320' title='bbox 533 3489 657 3559; x_wconf 85' lang='lat' dir='ltr'>indixit</span> <span class='ocrx_word' id='word_1_321' title='bbox 684 3489 734 3559; x_wconf 94' lang='lat' dir='ltr'>eis</span> <span class='ocrx_word' id='word_1_322' title='bbox 755 3488 952 3576; x_wconf 84' lang='lat' dir='ltr'>jejunium,</span> <span class='ocrx_word' id='word_1_323' title='bbox 989 3500 1021 3558; x_wconf 91' lang='lat' dir='ltr'>et</span> <span class='ocrx_word' id='word_1_324' title='bbox 1048 3489 1267 3560; x_wconf 87' lang='lat' dir='ltr'>catechizavit</span> <span class='ocrx_word' id='word_1_325' title='bbox 1289 3509 1428 3566; x_wconf 88' lang='lat' dir='ltr'>omnes,</span> <span class='ocrx_word' id='word_1_326' title='bbox 1451 3489 1476 3550; x_wconf 82' lang='lat' dir='ltr'>el</span> 
     </span>
     <span class='ocr_line' id='line_1_38' title="bbox 216 3573 1474 3667; baseline -0.002 -23"><span class='ocrx_word' id='word_1_327' title='bbox 216 3575 401 3666; x_wconf 88' lang='lat' dir='ltr'>baptizavit</span> <span class='ocrx_word' id='word_1_328' title='bbox 424 3599 481 3649; x_wconf 92' lang='lat' dir='ltr'>eos</span> <span class='ocrx_word' id='word_1_329' title='bbox 505 3579 540 3648; x_wconf 91' lang='lat' dir='ltr'>in</span> <span class='ocrx_word' id='word_1_330' title='bbox 563 3576 704 3648; x_wconf 91' lang='lat' dir='ltr'>nomine</span> <span class='ocrx_word' id='word_1_331' title='bbox 720 3578 905 3659; x_wconf 84' lang='lat' dir='ltr'>Trinitatis,</span> <span class='ocrx_word' id='word_1_332' title='bbox 928 3588 976 3658; x_wconf 83' lang='lat' dir='ltr'>et,</span> <span class='ocrx_word' id='word_1_333' title='bbox 1003 3578 1113 3667; x_wconf 93' lang='lat' dir='ltr'>posito</span> <span class='ocrx_word' id='word_1_334' title='bbox 1138 3577 1318 3667; x_wconf 90' lang='lat' dir='ltr'>signaculo</span> <span class='ocrx_word' id='word_1_335' title='bbox 1343 3573 1474 3648; x_wconf 81' lang='lat' dir='ltr'>Christi,</span> 
     </span>
     <span class='ocr_line' id='line_1_39' title="bbox 217 3665 1476 3756; baseline -0.003 -24"><span class='ocrx_word' id='word_1_336' title='bbox 217 3666 348 3734; x_wconf 91' lang='lat' dir='ltr'>vocavit</span> <span class='ocrx_word' id='word_1_337' title='bbox 373 3688 519 3756; x_wconf 92' lang='lat' dir='ltr'>puerum</span> <span class='ocrx_word' id='word_1_338' title='bbox 539 3671 700 3747; x_wconf 86' lang='lat' dir='ltr'>Neomen,</span> <span class='ocrx_word' id='word_1_339' title='bbox 723 3667 875 3756; x_wconf 90' lang='lat' dir='ltr'>puellam</span> <span class='ocrx_word' id='word_1_340' title='bbox 901 3665 1060 3736; x_wconf 88' lang='lat' dir='ltr'>llariam:</span> <span class='ocrx_word' id='word_1_341' title='bbox 1086 3678 1119 3735; x_wconf 92' lang='lat' dir='ltr'>et</span> <span class='ocrx_word' id='word_1_342' title='bbox 1142 3665 1267 3737; x_wconf 90' lang='lat' dir='ltr'>obtulit</span> <span class='ocrx_word' id='word_1_343' title='bbox 1284 3665 1410 3756; x_wconf 86' lang='lat' dir='ltr'>procis</span> <span class='ocrx_word' id='word_1_344' title='bbox 1431 3681 1476 3730; x_wconf 89' lang='lat' dir='ltr'>sa·</span> 
     </span>
     <span class='ocr_line' id='line_1_40' title="bbox 218 3751 1476 3848; baseline -0.002 -28"><span class='ocrx_word' id='word_1_345' title='bbox 218 3753 402 3835; x_wconf 82' lang='lat' dir='ltr'>orificium,</span> <span class='ocrx_word' id='word_1_346' title='bbox 428 3768 460 3824; x_wconf 93' lang='lat' dir='ltr'>et</span> <span class='ocrx_word' id='word_1_347' title='bbox 508 3755 680 3848; x_wconf 86' lang='lat' dir='ltr'>articipati</span> <span class='ocrx_word' id='word_1_348' title='bbox 704 3768 786 3826; x_wconf 90' lang='lat' dir='ltr'>sunt</span> <span class='ocrx_word' id='word_1_349' title='bbox 808 3775 945 3836; x_wconf 90' lang='lat' dir='ltr'>omnes;</span> <span class='ocrx_word' id='word_1_350' title='bbox 971 3766 1003 3824; x_wconf 86' lang='lat' dir='ltr'>et</span> <span class='ocrx_word' id='word_1_351' title='bbox 1026 3753 1186 3824; x_wconf 87' lang='lat' dir='ltr'>discessit</span> <span class='ocrx_word' id='word_1_352' title='bbox 1209 3755 1330 3826; x_wconf 89' lang='lat' dir='ltr'>beatus</span> <span class='ocrx_word' id='word_1_353' title='bbox 1352 3751 1476 3841; x_wconf 87' lang='lat' dir='ltr'>Stepha-</span> 
     </span>
     <span class='ocr_line' id='line_1_41' title="bbox 219 3839 1476 3938; baseline -0.002 -30"><span class='ocrx_word' id='word_1_354' title='bbox 219 3861 298 3910; x_wconf 91' lang='lat' dir='ltr'>nus.</span> <span class='ocrx_word' id='word_1_355' title='bbox 326 3847 419 3914; x_wconf 91' lang='lat' dir='ltr'>Tunc</span> <span class='ocrx_word' id='word_1_356' title='bbox 443 3845 467 3912; x_wconf 95' lang='lat' dir='ltr'>ii</span> <span class='ocrx_word' id='word_1_357' title='bbox 495 3865 547 3914; x_wconf 91' lang='lat' dir='ltr'>em</span> <span class='ocrx_word' id='word_1_358' title='bbox 573 3855 727 3914; x_wconf 88' lang='lat' dir='ltr'>recenter</span> <span class='ocrx_word' id='word_1_359' title='bbox 750 3843 935 3934; x_wconf 87' lang='lat' dir='ltr'>baptizati,</span> <span class='ocrx_word' id='word_1_360' title='bbox 962 3845 1106 3933; x_wconf 77' lang='lat' dir='ltr'>coepere</span> <span class='ocrx_word' id='word_1_361' title='bbox 1133 3843 1288 3914; x_wconf 88' lang='lat' dir='ltr'>habitare</span> <span class='ocrx_word' id='word_1_362' title='bbox 1312 3844 1346 3912; x_wconf 94' lang='lat' dir='ltr'>in</span> <span class='ocrx_word' id='word_1_363' title='bbox 1371 3839 1476 3938; x_wconf 82' lang='lat' dir='ltr'>eodem</span> 
     </span>
     <span class='ocr_line' id='line_1_42' title="bbox 218 3927 1493 4023; baseline 0.001 -28"><span class='ocrx_word' id='word_1_364' title='bbox 218 3931 380 4000; x_wconf 72' lang='lat' dir='ltr'>arenario</span> <span class='ocrx_word' id='word_1_365' title='bbox 404 3953 483 4002; x_wconf 91' lang='lat' dir='ltr'>cum</span> <span class='ocrx_word' id='word_1_366' title='bbox 513 3931 724 4023; x_wconf 89' lang='lat' dir='ltr'>Hippolyto,</span> <span class='ocrx_word' id='word_1_367' title='bbox 750 3933 897 4004; x_wconf 89' lang='lat' dir='ltr'>Eusebio</span> <span class='ocrx_word' id='word_1_368' title='bbox 929 3933 1151 4022; x_wconf 90' lang='lat' dir='ltr'>presbytero,</span> <span class='ocrx_word' id='word_1_369' title='bbox 1180 3944 1213 4002; x_wconf 89' lang='lat' dir='ltr'>ct</span> <span class='ocrx_word' id='word_1_370' title='bbox 1236 3931 1393 4002; x_wconf 85' lang='lat' dir='ltr'>Marcello</span> <span class='ocrx_word' id='word_1_371' title='bbox 1416 3927 1493 3998; x_wconf 66' lang='lat' dir='ltr'>dra-¹</span> 
     </span>
     <span class='ocr_line' id='line_1_43' title="bbox 219 4018 1475 4112; baseline -0.002 -28"><span class='ocrx_word' id='word_1_372' title='bbox 219 4038 323 4086; x_wconf 92' lang='lat' dir='ltr'>cono:</span> <span class='ocrx_word' id='word_1_373' title='bbox 350 4018 440 4088; x_wconf 93' lang='lat' dir='ltr'>bona</span> <span class='ocrx_word' id='word_1_374' title='bbox 455 4032 582 4103; x_wconf 88' lang='lat' dir='ltr'>autem,</span> <span class='ocrx_word' id='word_1_375' title='bbox 602 4023 741 4108; x_wconf 89' lang='lat' dir='ltr'>quaein</span> <span class='ocrx_word' id='word_1_376' title='bbox 759 4021 1045 4103; x_wconf 89' lang='lat' dir='ltr'>Urbehabebant,</span> <span class='ocrx_word' id='word_1_377' title='bbox 1065 4023 1248 4112; x_wconf 75' lang='lat' dir='ltr'>erogavdre</span> <span class='ocrx_word' id='word_1_378' title='bbox 1268 4018 1475 4112; x_wconf 88' lang='lat' dir='ltr'>pauperibus.</span> 
     </span>
     <span class='ocr_line' id='line_1_44' title="bbox 262 4107 1492 4210; baseline -0.002 -34"><span class='ocrx_word' id='word_1_379' title='bbox 262 4107 341 4192; x_wconf 72' lang='lat'>§5-</span> <span class='ocrx_word' id='word_1_380' title='bbox 360 4111 513 4200; x_wconf 81' lang='lat' dir='ltr'>Cumque</span> <span class='ocrx_word' id='word_1_381' title='bbox 527 4110 600 4198; x_wconf 90' lang='lat' dir='ltr'>jam</span> <span class='ocrx_word' id='word_1_382' title='bbox 617 4132 671 4182; x_wconf 88' lang='lat' dir='ltr'>res</span> <span class='ocrx_word' id='word_1_383' title='bbox 684 4111 893 4210; x_wconf 90' lang='lat' dir='ltr'>vulgaretur,</span> <span class='ocrx_word' id='word_1_384' title='bbox 909 4110 1090 4198; x_wconf 90' lang='lat' dir='ltr'>delataque</span> <span class='ocrx_word' id='word_1_385' title='bbox 1109 4124 1197 4180; x_wconf 90' lang='lat' dir='ltr'>essct</span> <span class='ocrx_word' id='word_1_386' title='bbox 1213 4111 1255 4180; x_wconf 92' lang='lat' dir='ltr'>ad</span> <span class='ocrx_word' id='word_1_387' title='bbox 1274 4110 1492 4204; x_wconf 68' lang='lat' dir='ltr'>Valerianum</span> 
     </span>
     <span class='ocr_line' id='line_1_45' title="bbox 221 4197 1478 4290; baseline 0 -30"><span class='ocrx_word' id='word_1_388' title='bbox 221 4197 478 4282; x_wconf 90' lang='lat' dir='ltr'>Imperatorem,</span> <span class='ocrx_word' id='word_1_389' title='bbox 502 4198 734 4286; x_wconf 75' lang='lat' dir='ltr'>statimiussit</span> <span class='ocrx_word' id='word_1_390' title='bbox 751 4199 828 4271; x_wconf 87' lang='lat' dir='ltr'>rllos</span> <span class='ocrx_word' id='word_1_391' title='bbox 845 4200 985 4286; x_wconf 88' lang='lat' dir='ltr'>inquiri,</span> <span class='ocrx_word' id='word_1_392' title='bbox 1005 4199 1180 4290; x_wconf 90' lang='lat' dir='ltr'>spondens</span> <span class='ocrx_word' id='word_1_393' title='bbox 1198 4201 1265 4282; x_wconf 89' lang='lat' dir='ltr'>eis,</span> <span class='ocrx_word' id='word_1_394' title='bbox 1283 4199 1340 4287; x_wconf 92' lang='lat' dir='ltr'>qui</span> <span class='ocrx_word' id='word_1_395' title='bbox 1361 4217 1416 4266; x_wconf 89' lang='lat' dir='ltr'>ens</span> <span class='ocrx_word' id='word_1_396' title='bbox 1432 4213 1478 4259; x_wconf 90' lang='lat' dir='ltr'>m·</span> 
     </span>
     <span class='ocr_line' id='line_1_46' title="bbox 220 4282 1480 4384; baseline 0.005 -36"><span class='ocrx_word' id='word_1_397' title='bbox 220 4282 387 4382; x_wconf 87' lang='lat' dir='ltr'>venirent,</span> <span class='ocrx_word' id='word_1_398' title='bbox 406 4283 591 4356; x_wconf 93' lang='lat' dir='ltr'>dimidium</span> <span class='ocrx_word' id='word_1_399' title='bbox 616 4287 786 4358; x_wconf 91' lang='lat' dir='ltr'>bonorum</span> <span class='ocrx_word' id='word_1_400' title='bbox 811 4289 979 4378; x_wconf 91' lang='lat' dir='ltr'>ipsorum.</span> <span class='ocrx_word' id='word_1_401' title='bbox 1004 4293 1099 4358; x_wconf 85' lang='lat' dir='ltr'>Tunc</span> <span class='ocrx_word' id='word_1_402' title='bbox 1124 4289 1292 4358; x_wconf 82' lang='lat' dir='ltr'>Maximus</span> <span class='ocrx_word' id='word_1_403' title='bbox 1315 4293 1480 4384; x_wconf 77' lang='lat' dir='ltr'>Commen-</span> 
     </span>
     <span class='ocr_line' id='line_1_47' title="bbox 223 4371 1478 4467; baseline 0.002 -31"><span class='ocrx_word' id='word_1_404' title='bbox 223 4381 381 4441; x_wconf 88' lang='lat' dir='ltr'>tarvensvs</span> <span class='ocrx_word' id='word_1_405' title='bbox 405 4371 469 4441; x_wconf 90' lang='lat' dir='ltr'>hac</span> <span class='ocrx_word' id='word_1_406' title='bbox 501 4395 587 4444; x_wconf 89' lang='lat' dir='ltr'>usus</span> <span class='ocrx_word' id='word_1_407' title='bbox 618 4387 666 4446; x_wconf 88' lang='lat' dir='ltr'>est</span> <span class='ocrx_word' id='word_1_408' title='bbox 700 4387 794 4458; x_wconf 89' lang='lat' dir='ltr'>arte,</span> <span class='ocrx_word' id='word_1_409' title='bbox 828 4389 866 4446; x_wconf 89' lang='lat' dir='ltr'>ut</span> <span class='ocrx_word' id='word_1_410' title='bbox 896 4399 954 4447; x_wconf 90' lang='lat' dir='ltr'>eos</span> <span class='ocrx_word' id='word_1_411' title='bbox 984 4376 1138 4446; x_wconf 90' lang='lat' dir='ltr'>invenire</span> <span class='ocrx_word' id='word_1_412' title='bbox 1167 4391 1293 4467; x_wconf 87' lang='lat' dir='ltr'>posset.</span> <span class='ocrx_word' id='word_1_413' title='bbox 1323 4375 1428 4446; x_wconf 87' lang='lat' dir='ltr'>Einxvt</span> <span class='ocrx_word' id='word_1_414' title='bbox 1449 4385 1478 4438; x_wconf 81' lang='lat' dir='ltr'>se</span> 
     </span>
    </p>
   </div>
   <div class='ocr_carea' id='block_1_5' title="bbox 0 0 1544 4838">
    <p class='ocr_par' dir='ltr' id='par_1_6' title="bbox 0 0 1544 4838">
     <span class='ocr_line' id='line_1_48' title="bbox 0 0 1544 4838; baseline 0 0"><span class='ocrx_word' id='word_1_415' title='bbox 0 0 1544 4838; x_wconf 95' lang='lat' dir='ltr'> </span> 
     </span>
    </p>
   </div>
  </div>
 </body>
</html>
