<?xml version="1.0" encoding="UTF-8"?>
<!DOCTYPE html PUBLIC "-//W3C//DTD XHTML 1.0 Transitional//EN"
    "http://www.w3.org/TR/xhtml1/DTD/xhtml1-transitional.dtd">
<html xmlns="http://www.w3.org/1999/xhtml" xml:lang="en" lang="en">
 <head>
  <title>
</title>
<meta http-equiv="Content-Type" content="text/html;charset=utf-8" />
  <meta name='ocr-system' content='tesseract 3.04.00' />
  <meta name='ocr-capabilities' content='ocr_page ocr_carea ocr_par ocr_line ocrx_word'/>
</head>
<body>
  <div class='ocr_page' id='page_1' title='image "./historiaeseuvit00lippgoog_0071.png"; bbox 0 0 3046 4838; ppageno 0'>
   <div class='ocr_carea' id='block_1_1' title="bbox 216 277 1455 374">
    <p class='ocr_par' dir='ltr' id='par_1_1' title="bbox 216 277 1455 374">
     <span class='ocr_line' id='line_1_1' title="bbox 216 277 1455 374; baseline -0.003 -16"><span class='ocrx_word' id='word_1_1' title='bbox 216 277 218 284; x_wconf 60' lang='grc'><em>’</em></span> <span class='ocrx_word' id='word_1_2' title='bbox 251 293 294 358; x_wconf 71' lang='grc'><strong>52</strong></span> <span class='ocrx_word' id='word_1_3' title='bbox 617 311 656 358; x_wconf 86' lang='grc' dir='ltr'><strong>ιιι</strong></span> <span class='ocrx_word' id='word_1_4' title='bbox 679 310 707 357; x_wconf 89' lang='lat' dir='ltr'><strong>s.</strong></span> <span class='ocrx_word' id='word_1_5' title='bbox 729 309 833 358; x_wconf 81' lang='grc' dir='ltr'>ιιιιιιιο</span> <span class='ocrx_word' id='word_1_6' title='bbox 857 309 907 356; x_wconf 84' lang='grc' dir='ltr'>ιιι.</span> <span class='ocrx_word' id='word_1_7' title='bbox 933 295 1069 374; x_wconf 64' lang='lat' dir='ltr'><strong>noviant</strong></span> <span class='ocrx_word' id='word_1_8' title='bbox 1338 289 1420 356; x_wconf 84' lang='lat' dir='ltr'><strong>DEC.</strong></span> <span class='ocrx_word' id='word_1_9' title='bbox 1444 291 1455 354; x_wconf 91' lang='lat' dir='ltr'><strong>l</strong></span> 
     </span>
    </p>
   </div>
   <div class='ocr_carea' id='block_1_2' title="bbox 202 392 1459 905">
    <p class='ocr_par' dir='ltr' id='par_1_2' title="bbox 202 392 1459 905">
     <span class='ocr_line' id='line_1_2' title="bbox 206 392 1459 474; baseline -0.003 -10"><span class='ocrx_word' id='word_1_10' title='bbox 206 395 290 464; x_wconf 89' lang='lat' dir='ltr'><strong>haec</strong></span> <span class='ocrx_word' id='word_1_11' title='bbox 305 396 424 464; x_wconf 88' lang='lat' dir='ltr'><strong>suavia</strong></span> <span class='ocrx_word' id='word_1_12' title='bbox 437 394 559 464; x_wconf 80' lang='lat' dir='ltr'><strong>Christi</strong></span> <span class='ocrx_word' id='word_1_13' title='bbox 577 394 826 464; x_wconf 89' lang='lat' dir='ltr'><strong>medicamenta</strong></span> <span class='ocrx_word' id='word_1_14' title='bbox 845 405 966 464; x_wconf 87' lang='lat' dir='ltr'><strong>curent</strong></span> <span class='ocrx_word' id='word_1_15' title='bbox 982 393 1053 464; x_wconf 89' lang='lat' dir='ltr'><strong>odii</strong></span> <span class='ocrx_word' id='word_1_16' title='bbox 1067 392 1219 462; x_wconf 88' lang='lat' dir='ltr'><strong>vulnera.</strong></span> <span class='ocrx_word' id='word_1_17' title='bbox 1238 393 1332 474; x_wconf 86' lang='lat' dir='ltr'><strong>Quod</strong></span> <span class='ocrx_word' id='word_1_18' title='bbox 1349 393 1378 462; x_wconf 93' lang='lat' dir='ltr'><strong>si</strong></span> <span class='ocrx_word' id='word_1_19' title='bbox 1393 414 1459 462; x_wconf 89' lang='lat' dir='ltr'><strong>con·</strong></span> 
     </span>
     <span class='ocr_line' id='line_1_3' title="bbox 206 481 1458 572; baseline -0.005 -20"><span class='ocrx_word' id='word_1_20' title='bbox 206 483 398 572; x_wconf 91' lang='lat' dir='ltr'><strong>tempseris,</strong></span> <span class='ocrx_word' id='word_1_21' title='bbox 417 481 603 552; x_wconf 80' lang='lat' dir='ltr'><strong>terribilem</strong></span> <span class='ocrx_word' id='word_1_22' title='bbox 621 482 715 552; x_wconf 89' lang='lat' dir='ltr'><strong>illam</strong></span> <span class='ocrx_word' id='word_1_23' title='bbox 734 483 767 552; x_wconf 92' lang='lat' dir='ltr'><strong>in</strong></span> <span class='ocrx_word' id='word_1_24' title='bbox 784 497 814 552; x_wconf 92' lang='lat' dir='ltr'><strong>te</strong></span> <span class='ocrx_word' id='word_1_25' title='bbox 829 483 1032 554; x_wconf 85' lang='lat' dir='ltr'><strong>sententiam</strong></span> <span class='ocrx_word' id='word_1_26' title='bbox 1047 494 1231 568; x_wconf 76' lang='lat' dir='ltr'>retorques,</span> <span class='ocrx_word' id='word_1_27' title='bbox 1249 503 1316 569; x_wconf 90' lang='lat' dir='ltr'><strong>qua</strong></span> <span class='ocrx_word' id='word_1_28' title='bbox 1330 481 1458 550; x_wconf 88' lang='lat' dir='ltr'><strong>dicitnr:</strong></span> 
     </span>
     <span class='ocr_line' id='line_1_4' title="bbox 204 571 1458 662; baseline -0.003 -20"><span class='ocrx_word' id='word_1_29' title='bbox 204 574 316 642; x_wconf 79' lang='lat' dir='ltr'><strong>omns</strong></span> <span class='ocrx_word' id='word_1_30' title='bbox 339 574 400 656; x_wconf 85' lang='lat' dir='ltr'><strong>qui</strong></span> <span class='ocrx_word' id='word_1_31' title='bbox 420 574 581 641; x_wconf 74' lang='lat' dir='ltr'><em>irascitur</em></span> <span class='ocrx_word' id='word_1_32' title='bbox 602 573 709 660; x_wconf 76' lang='lat' dir='ltr'><strong>fratri</strong></span> <span class='ocrx_word' id='word_1_33' title='bbox 728 595 799 651; x_wconf 85' lang='lat' dir='ltr'><strong>suo,</strong></span> <span class='ocrx_word' id='word_1_34' title='bbox 824 594 902 642; x_wconf 86' lang='lat' dir='ltr'><strong>reus</strong></span> <span class='ocrx_word' id='word_1_35' title='bbox 925 573 1040 642; x_wconf 85' lang='lat' dir='ltr'><strong>aritia</strong></span> <span class='ocrx_word' id='word_1_36' title='bbox 1056 571 1203 661; x_wconf 81' lang='lat' dir='ltr'><strong>judr&#39;cio:</strong></span> <span class='ocrx_word' id='word_1_37' title='bbox 1222 581 1253 640; x_wconf 89' lang='lat' dir='ltr'><strong>et</strong></span> <span class='ocrx_word' id='word_1_38' title='bbox 1267 573 1328 662; x_wconf 83' lang='lat' dir='ltr'><strong>qui</strong></span> <span class='ocrx_word' id='word_1_39' title='bbox 1341 571 1458 640; x_wconf 82' lang='lat' dir='ltr'><strong>dicarit</strong></span> 
     </span>
     <span class='ocr_line' id='line_1_5' title="bbox 202 659 1458 751; baseline -0.002 -23"><span class='ocrx_word' id='word_1_40' title='bbox 202 663 309 748; x_wconf 78' lang='lat' dir='ltr'><strong>[ratri</strong></span> <span class='ocrx_word' id='word_1_41' title='bbox 329 684 400 741; x_wconf 83' lang='lat' dir='ltr'><strong>sao,</strong></span> <span class='ocrx_word' id='word_1_42' title='bbox 428 664 534 751; x_wconf 70' lang='lat' dir='ltr'><strong>fatue,</strong></span> <span class='ocrx_word' id='word_1_43' title='bbox 560 683 638 730; x_wconf 83' lang='lat' dir='ltr'><strong>reus</strong></span> <span class='ocrx_word' id='word_1_44' title='bbox 661 663 725 732; x_wconf 89' lang='lat' dir='ltr'><strong>erit</strong></span> <span class='ocrx_word' id='word_1_45' title='bbox 773 662 919 731; x_wconf 80' lang='lat' dir='ltr'><strong>ehennae</strong></span> <span class='ocrx_word' id='word_1_46' title='bbox 943 662 1033 751; x_wconf 73' lang='lat' dir='ltr'><strong>ignia</strong></span> <span class='ocrx_word' id='word_1_47' title='bbox 1055 659 1188 748; x_wconf 53' lang='lat' dir='ltr'><strong>(illaad.</strong></span> <span class='ocrx_word' id='word_1_48' title='bbox 1207 659 1253 748; x_wconf 86' lang='grc' dir='ltr'><strong>ι).</strong></span> <span class='ocrx_word' id='word_1_49' title='bbox 1267 663 1315 729; x_wconf 85' lang='lat' dir='ltr'><strong>En</strong></span> <span class='ocrx_word' id='word_1_50' title='bbox 1331 659 1458 740; x_wconf 88' lang='lat' dir='ltr'><strong>audisti,</strong></span> 
     </span>
     <span class='ocr_line' id='line_1_6' title="bbox 203 685 770 905; baseline 0 -87"><span class='ocrx_word' id='word_1_51' title='bbox 203 748 405 829; x_wconf 78' lang='lat' dir='ltr'><strong>Christiane,</strong></span> <span class='ocrx_word' id='word_1_52' title='bbox 423 749 507 905; x_wconf 43' lang='lat' dir='ltr'><strong>pald</strong></span> <span class='ocrx_word' id='word_1_53' title='bbox 530 749 661 828; x_wconf 90' lang='lat' dir='ltr'><strong>timeas,</strong></span> <span class='ocrx_word' id='word_1_54' title='bbox 679 685 770 836; x_wconf 66' lang='lat' dir='ltr'><strong>quid</strong></span> 
     </span>
    </p>
   </div>
   <div class='ocr_carea' id='block_1_3' title="bbox 123 748 1499 4478">
    <p class='ocr_par' dir='ltr' id='par_1_3' title="bbox 123 748 1499 4478">
     <span class='ocr_line' id='line_1_7' title="bbox 784 748 1459 838; baseline -0.003 -20"><span class='ocrx_word' id='word_1_55' title='bbox 784 750 954 818; x_wconf 80' lang='lat' dir='ltr'><strong>observes.</strong></span> <span class='ocrx_word' id='word_1_56' title='bbox 971 749 1077 819; x_wconf 90' lang='lat' dir='ltr'><strong>Stude</strong></span> <span class='ocrx_word' id='word_1_57' title='bbox 1088 769 1170 838; x_wconf 90' lang='lat' dir='ltr'><strong>ergo</strong></span> <span class='ocrx_word' id='word_1_58' title='bbox 1182 748 1354 829; x_wconf 75' lang='lat' dir='ltr'><strong>charitati,</strong></span> <span class='ocrx_word' id='word_1_59' title='bbox 1372 769 1459 816; x_wconf 89' lang='lat' dir='ltr'><strong>serva</strong></span> 
     </span>
     <span class='ocr_line' id='line_1_8' title="bbox 206 835 1461 938; baseline -0.002 -32"><span class='ocrx_word' id='word_1_60' title='bbox 206 837 417 938; x_wconf 90' lang='lat' dir='ltr'><strong>patientiam,</strong></span> <span class='ocrx_word' id='word_1_61' title='bbox 448 859 512 926; x_wconf 87' lang='lat' dir='ltr'><strong>nge</strong></span> <span class='ocrx_word' id='word_1_62' title='bbox 528 835 750 918; x_wconf 83' lang='lat' dir='ltr'><strong>discordiam,</strong></span> <span class='ocrx_word' id='word_1_63' title='bbox 765 839 903 928; x_wconf 84' lang='lat' dir='ltr'><strong>impone</strong></span> <span class='ocrx_word' id='word_1_64' title='bbox 917 837 1032 908; x_wconf 86' lang='lat' dir='ltr'><strong>frenos</strong></span> <span class='ocrx_word' id='word_1_65' title='bbox 1045 838 1186 927; x_wconf 80' lang='lat' dir='ltr'><strong>linguae</strong></span> <span class='ocrx_word' id='word_1_66' title='bbox 1203 849 1291 918; x_wconf 91' lang='lat' dir='ltr'><strong>tuae,</strong></span> <span class='ocrx_word' id='word_1_67' title='bbox 1306 857 1347 906; x_wconf 90' lang='lat' dir='ltr'><strong>na</strong></span> <span class='ocrx_word' id='word_1_68' title='bbox 1360 836 1461 906; x_wconf 90' lang='lat' dir='ltr'><strong>trahat</strong></span> 
     </span>
     <span class='ocr_line' id='line_1_9' title="bbox 204 925 1461 1014; baseline -0.002 -20"><span class='ocrx_word' id='word_1_69' title='bbox 204 945 239 994; x_wconf 87' lang='grc' dir='ltr'><strong>ιιι</strong></span> <span class='ocrx_word' id='word_1_70' title='bbox 264 926 458 1014; x_wconf 87' lang='lat' dir='ltr'><strong>gehennam</strong></span> <span class='ocrx_word' id='word_1_71' title='bbox 482 926 634 996; x_wconf 89' lang='lat' dir='ltr'><strong>animam</strong></span> <span class='ocrx_word' id='word_1_72' title='bbox 661 937 776 996; x_wconf 90' lang='lat' dir='ltr'><strong>tuam:</strong></span> <span class='ocrx_word' id='word_1_73' title='bbox 803 926 885 1013; x_wconf 87' lang='lat' dir='ltr'><strong>quia</strong></span> <span class='ocrx_word' id='word_1_74' title='bbox 908 925 1100 996; x_wconf 90' lang='lat' dir='ltr'><strong>secundum</strong></span> <span class='ocrx_word' id='word_1_75' title='bbox 1126 925 1358 1014; x_wconf 90' lang='lat' dir='ltr'><strong>Scripturam,</strong></span> <span class='ocrx_word' id='word_1_76' title='bbox 1384 945 1461 994; x_wconf 83' lang='lat' dir='ltr'><strong>mors</strong></span> 
     </span>
     <span class='ocr_line' id='line_1_10' title="bbox 202 1015 1460 1106; baseline -0.005 -22"><span class='ocrx_word' id='word_1_77' title='bbox 202 1024 236 1084; x_wconf 88' lang='lat' dir='ltr'><strong>et</strong></span> <span class='ocrx_word' id='word_1_78' title='bbox 256 1016 329 1084; x_wconf 88' lang='lat' dir='ltr'><strong>vita</strong></span> <span class='ocrx_word' id='word_1_79' title='bbox 347 1018 383 1083; x_wconf 90' lang='lat' dir='ltr'><strong>in</strong></span> <span class='ocrx_word' id='word_1_80' title='bbox 398 1017 552 1086; x_wconf 84' lang='lat' dir='ltr'><strong>manibus</strong></span> <span class='ocrx_word' id='word_1_81' title='bbox 570 1017 719 1106; x_wconf 76' lang='lat' dir='ltr'><strong>linguae,</strong></span> <span class='ocrx_word' id='word_1_82' title='bbox 737 1026 768 1084; x_wconf 84' lang='lat' dir='ltr'><strong>et</strong></span> <span class='ocrx_word' id='word_1_83' title='bbox 791 1017 844 1086; x_wconf 90' lang='lat' dir='ltr'><strong>cir</strong></span> <span class='ocrx_word' id='word_1_84' title='bbox 860 1019 1032 1106; x_wconf 75' lang='lat' dir='ltr'><strong>linguosus</strong></span> <span class='ocrx_word' id='word_1_85' title='bbox 1048 1037 1113 1084; x_wconf 89' lang='lat' dir='ltr'><strong>nor:</strong></span> <span class='ocrx_word' id='word_1_86' title='bbox 1132 1015 1300 1104; x_wconf 76' lang='lat' dir='ltr'><strong>dirigetur</strong></span> <span class='ocrx_word' id='word_1_87' title='bbox 1316 1016 1352 1082; x_wconf 88' lang='lat' dir='ltr'><strong>in</strong></span> <span class='ocrx_word' id='word_1_88' title='bbox 1367 1023 1460 1082; x_wconf 90' lang='lat' dir='ltr'><strong>terra.</strong></span> 
     </span>
     <span class='ocr_line' id='line_1_11' title="bbox 202 1101 1462 1194; baseline -0.002 -21"><span class='ocrx_word' id='word_1_89' title='bbox 202 1107 296 1185; x_wconf 82' lang='lat' dir='ltr'><strong>Quae</strong></span> <span class='ocrx_word' id='word_1_90' title='bbox 318 1103 458 1191; x_wconf 88' lang='lat' dir='ltr'><strong>quidem</strong></span> <span class='ocrx_word' id='word_1_91' title='bbox 484 1103 631 1174; x_wconf 89' lang='lat' dir='ltr'><strong>sollicita</strong></span> <span class='ocrx_word' id='word_1_92' title='bbox 653 1104 928 1174; x_wconf 89' lang='lat' dir='ltr'><strong>consideratione</strong></span> <span class='ocrx_word' id='word_1_93' title='bbox 952 1114 1147 1194; x_wconf 82' lang='lat' dir='ltr'><strong>pensantes,</strong></span> <span class='ocrx_word' id='word_1_94' title='bbox 1166 1104 1351 1184; x_wconf 80' lang='lat' dir='ltr'><strong>carissimi,</strong></span> <span class='ocrx_word' id='word_1_95' title='bbox 1369 1101 1462 1170; x_wconf 87' lang='lat' dir='ltr'><strong>verba</strong></span> 
     </span>
     <span class='ocr_line' id='line_1_12' title="bbox 202 1191 1462 1284; baseline -0.001 -25"><span class='ocrx_word' id='word_1_96' title='bbox 202 1191 307 1260; x_wconf 86' lang='lat' dir='ltr'><strong>simul</strong></span> <span class='ocrx_word' id='word_1_97' title='bbox 342 1213 521 1280; x_wconf 80' lang='lat' dir='ltr'><strong>:roresque</strong></span> <span class='ocrx_word' id='word_1_98' title='bbox 549 1193 720 1284; x_wconf 88' lang='lat' dir='ltr'><strong>corrigite.</strong></span> <span class='ocrx_word' id='word_1_99' title='bbox 755 1193 940 1262; x_wconf 82' lang='lat' dir='ltr'><strong>sectamini</strong></span> <span class='ocrx_word' id='word_1_100' title='bbox 978 1213 1115 1282; x_wconf 86' lang='lat' dir='ltr'><strong>semper</strong></span> <span class='ocrx_word' id='word_1_101' title='bbox 1144 1191 1337 1278; x_wconf 83' lang='lat' dir='ltr'><strong>justitiam,</strong></span> <span class='ocrx_word' id='word_1_102' title='bbox 1363 1201 1462 1260; x_wconf 91' lang='lat' dir='ltr'><strong>amate</strong></span> 
     </span>
     <span class='ocr_line' id='line_1_13' title="bbox 204 1279 1463 1372; baseline -0.004 -22"><span class='ocrx_word' id='word_1_103' title='bbox 204 1279 328 1350; x_wconf 81' lang='lat' dir='ltr'><strong>Christi</strong></span> <span class='ocrx_word' id='word_1_104' title='bbox 353 1294 543 1371; x_wconf 87' lang='lat' dir='ltr'><strong>praecepta.</strong></span> <span class='ocrx_word' id='word_1_105' title='bbox 571 1281 702 1352; x_wconf 91' lang='lat' dir='ltr'><strong>Derelin</strong></span> <span class='ocrx_word' id='word_1_106' title='bbox 729 1293 789 1355; x_wconf 89' lang='lat' dir='ltr'><strong>uat</strong></span> <span class='ocrx_word' id='word_1_107' title='bbox 812 1282 942 1372; x_wconf 91' lang='lat' dir='ltr'><strong>impius</strong></span> <span class='ocrx_word' id='word_1_108' title='bbox 973 1281 1062 1350; x_wconf 90' lang='lat' dir='ltr'><strong>viam</strong></span> <span class='ocrx_word' id='word_1_109' title='bbox 1087 1301 1204 1360; x_wconf 88' lang='lat' dir='ltr'><strong>suam,</strong></span> <span class='ocrx_word' id='word_1_110' title='bbox 1232 1293 1264 1351; x_wconf 91' lang='lat' dir='ltr'><strong>et</strong></span> <span class='ocrx_word' id='word_1_111' title='bbox 1288 1291 1463 1350; x_wconf 87' lang='lat' dir='ltr'><strong>revertatur</strong></span> 
     </span>
     <span class='ocr_line' id='line_1_14' title="bbox 202 1367 1463 1460; baseline 0 -24"><span class='ocrx_word' id='word_1_112' title='bbox 202 1367 246 1438; x_wconf 90' lang='lat' dir='ltr'><strong>ad</strong></span> <span class='ocrx_word' id='word_1_113' title='bbox 272 1369 467 1451; x_wconf 89' lang='lat' dir='ltr'><strong>Dominum,</strong></span> <span class='ocrx_word' id='word_1_114' title='bbox 487 1369 613 1439; x_wconf 89' lang='lat' dir='ltr'><strong>clamat</strong></span> <span class='ocrx_word' id='word_1_115' title='bbox 629 1392 715 1460; x_wconf 91' lang='lat' dir='ltr'><strong>prop</strong></span> <span class='ocrx_word' id='word_1_116' title='bbox 742 1382 807 1452; x_wconf 87' lang='lat' dir='ltr'><strong>ata,</strong></span> <span class='ocrx_word' id='word_1_117' title='bbox 826 1384 859 1440; x_wconf 97' lang='lat' dir='ltr'><strong>et</strong></span> <span class='ocrx_word' id='word_1_118' title='bbox 876 1369 1094 1440; x_wconf 86' lang='lat' dir='ltr'><strong>miserebitur</strong></span> <span class='ocrx_word' id='word_1_119' title='bbox 1117 1369 1213 1456; x_wconf 85' lang='lat' dir='ltr'><strong>ejus:</strong></span> <span class='ocrx_word' id='word_1_120' title='bbox 1239 1369 1324 1456; x_wconf 90' lang='lat' dir='ltr'><strong>qnia</strong></span> <span class='ocrx_word' id='word_1_121' title='bbox 1344 1367 1463 1438; x_wconf 92' lang='lat' dir='ltr'><strong>multus</strong></span> 
     </span>
     <span class='ocr_line' id='line_1_15' title="bbox 203 1457 1460 1547; baseline -0.001 -23"><span class='ocrx_word' id='word_1_122' title='bbox 203 1457 320 1526; x_wconf 90' lang='lat' dir='ltr'><strong>estad</strong></span> <span class='ocrx_word' id='word_1_123' title='bbox 349 1458 612 1547; x_wconf 88' lang='lat' dir='ltr'><strong>ignoscendum.</strong></span> <span class='ocrx_word' id='word_1_124' title='bbox 641 1459 761 1530; x_wconf 80' lang='lat' dir='ltr'><strong>ludite</strong></span> <span class='ocrx_word' id='word_1_125' title='bbox 784 1480 864 1529; x_wconf 90' lang='lat' dir='ltr'><strong>aum</strong></span> <span class='ocrx_word' id='word_1_126' title='bbox 892 1459 1083 1528; x_wconf 80' lang='lat' dir='ltr'><strong>dicentem:</strong></span> <span class='ocrx_word' id='word_1_127' title='bbox 1111 1459 1368 1538; x_wconf 65' lang='lat' dir='ltr'><strong>compatimini,</strong></span> <span class='ocrx_word' id='word_1_128' title='bbox 1391 1458 1460 1546; x_wconf 79' lang='lat' dir='ltr'><strong>filii,</strong></span> 
     </span>
     <span class='ocr_line' id='line_1_16' title="bbox 202 1546 1462 1636; baseline 0.001 -23"><span class='ocrx_word' id='word_1_129' title='bbox 202 1557 424 1629; x_wconf 85' lang='lat' dir='ltr'><strong>revertentes,</strong></span> <span class='ocrx_word' id='word_1_130' title='bbox 458 1558 489 1616; x_wconf 90' lang='lat' dir='ltr'><strong>et</strong></span> <span class='ocrx_word' id='word_1_131' title='bbox 517 1549 642 1618; x_wconf 87' lang='lat' dir='ltr'><strong>sanabo</strong></span> <span class='ocrx_word' id='word_1_132' title='bbox 673 1550 861 1618; x_wconf 79' lang='lat' dir='ltr'><strong>arationes</strong></span> <span class='ocrx_word' id='word_1_133' title='bbox 894 1559 1040 1618; x_wconf 85' lang='lat' dir='ltr'><strong>vestras·</strong></span> <span class='ocrx_word' id='word_1_134' title='bbox 1056 1546 1140 1636; x_wconf 74' lang='lat' dir='ltr'><strong>(ier.</strong></span> <span class='ocrx_word' id='word_1_135' title='bbox 1162 1546 1227 1635; x_wconf 92' lang='grc' dir='ltr'>ιιι).</span> <span class='ocrx_word' id='word_1_136' title='bbox 1255 1551 1293 1616; x_wconf 81' lang='lat' dir='ltr'><strong>lit</strong></span> <span class='ocrx_word' id='word_1_137' title='bbox 1328 1567 1462 1616; x_wconf 86' lang='lat' dir='ltr'><strong>rursus:</strong></span> 
     </span>
     <span class='ocr_line' id='line_1_17' title="bbox 204 1633 1462 1718; baseline -0.004 -14"><span class='ocrx_word' id='word_1_138' title='bbox 204 1637 360 1716; x_wconf 73' lang='lat' dir='ltr'><strong>Quaerite</strong></span> <span class='ocrx_word' id='word_1_139' title='bbox 379 1637 515 1717; x_wconf 87' lang='lat' dir='ltr'><strong>bonum,</strong></span> <span class='ocrx_word' id='word_1_140' title='bbox 527 1647 558 1706; x_wconf 93' lang='lat' dir='ltr'><strong>et</strong></span> <span class='ocrx_word' id='word_1_141' title='bbox 573 1659 639 1708; x_wconf 89' lang='lat' dir='ltr'><strong>non</strong></span> <span class='ocrx_word' id='word_1_142' title='bbox 652 1639 850 1718; x_wconf 75' lang='lat' dir='ltr'><strong>malumst</strong></span> <span class='ocrx_word' id='word_1_143' title='bbox 873 1639 1008 1718; x_wconf 83' lang='lat' dir='ltr'><strong>vicatt&#39;s,</strong></span> <span class='ocrx_word' id='word_1_144' title='bbox 1028 1646 1059 1706; x_wconf 87' lang='lat' dir='ltr'><strong>et</strong></span> <span class='ocrx_word' id='word_1_145' title='bbox 1080 1637 1143 1704; x_wconf 86' lang='lat' dir='ltr'><strong>erit</strong></span> <span class='ocrx_word' id='word_1_146' title='bbox 1161 1638 1320 1705; x_wconf 80' lang='lat' dir='ltr'><strong>Dominus</strong></span> <span class='ocrx_word' id='word_1_147' title='bbox 1345 1633 1462 1704; x_wconf 82' lang='lat' dir='ltr'><strong>emera-</strong></span> 
     </span>
     <span class='ocr_line' id='line_1_18' title="bbox 205 1725 1464 1815; baseline -0.002 -23"><span class='ocrx_word' id='word_1_148' title='bbox 205 1733 300 1792; x_wconf 89' lang='lat' dir='ltr'><strong>tuum</strong></span> <span class='ocrx_word' id='word_1_149' title='bbox 323 1725 501 1794; x_wconf 87' lang='lat' dir='ltr'><strong>vobiscum.</strong></span> <span class='ocrx_word' id='word_1_150' title='bbox 533 1726 627 1796; x_wconf 85' lang='lat' dir='ltr'><strong>Odite</strong></span> <span class='ocrx_word' id='word_1_151' title='bbox 650 1729 801 1806; x_wconf 88' lang='lat' dir='ltr'><strong>malum,</strong></span> <span class='ocrx_word' id='word_1_152' title='bbox 833 1735 863 1794; x_wconf 90' lang='lat' dir='ltr'><strong>et</strong></span> <span class='ocrx_word' id='word_1_153' title='bbox 888 1726 1021 1815; x_wconf 73' lang='lat' dir='ltr'><strong>diligite</strong></span> <span class='ocrx_word' id='word_1_154' title='bbox 1049 1725 1186 1804; x_wconf 89' lang='lat' dir='ltr'><strong>bonum,</strong></span> <span class='ocrx_word' id='word_1_155' title='bbox 1213 1736 1251 1794; x_wconf 87' lang='lat' dir='ltr'><strong>ut</strong></span> <span class='ocrx_word' id='word_1_156' title='bbox 1273 1726 1464 1792; x_wconf 86' lang='lat' dir='ltr'><strong>misercatur</strong></span> 
     </span>
     <span class='ocr_line' id='line_1_19' title="bbox 203 1811 1462 1904; baseline -0.002 -24"><span class='ocrx_word' id='word_1_157' title='bbox 203 1815 307 1881; x_wconf 81' lang='lat' dir='ltr'><strong>vestri</strong></span> <span class='ocrx_word' id='word_1_158' title='bbox 323 1815 483 1884; x_wconf 80' lang='lat' dir='ltr'><strong>Domina:</strong></span> <span class='ocrx_word' id='word_1_159' title='bbox 498 1813 611 1904; x_wconf 78' lang='lat' dir='ltr'><strong>(Amos</strong></span> <span class='ocrx_word' id='word_1_160' title='bbox 631 1813 675 1903; x_wconf 87' lang='lat' dir='ltr'><strong>v).</strong></span> <span class='ocrx_word' id='word_1_161' title='bbox 702 1819 786 1882; x_wconf 88' lang='lat' dir='ltr'><strong>Ecce</strong></span> <span class='ocrx_word' id='word_1_162' title='bbox 811 1813 875 1883; x_wconf 90' lang='lat' dir='ltr'><strong>hoc</strong></span> <span class='ocrx_word' id='word_1_163' title='bbox 899 1814 972 1902; x_wconf 91' lang='lat' dir='ltr'><strong>ipse</strong></span> <span class='ocrx_word' id='word_1_164' title='bbox 992 1813 1158 1884; x_wconf 88' lang='lat' dir='ltr'><strong>Dominus</strong></span> <span class='ocrx_word' id='word_1_165' title='bbox 1184 1835 1245 1902; x_wconf 90' lang='lat' dir='ltr'><strong>per</strong></span> <span class='ocrx_word' id='word_1_166' title='bbox 1270 1811 1462 1902; x_wconf 85' lang='lat' dir='ltr'><strong>prophetam</strong></span> 
     </span>
     <span class='ocr_line' id='line_1_20' title="bbox 203 1899 1464 1982; baseline -0.002 -13"><span class='ocrx_word' id='word_1_167' title='bbox 203 1899 341 1970; x_wconf 91' lang='lat' dir='ltr'><strong>clamat:</strong></span> <span class='ocrx_word' id='word_1_168' title='bbox 362 1905 402 1972; x_wconf 85' lang='lat' dir='ltr'><strong>Si</strong></span> <span class='ocrx_word' id='word_1_169' title='bbox 423 1923 474 1972; x_wconf 80' lang='lat' dir='ltr'><strong>cte</strong></span> <span class='ocrx_word' id='word_1_170' title='bbox 498 1904 617 1973; x_wconf 87' lang='lat' dir='ltr'><strong>andire</strong></span> <span class='ocrx_word' id='word_1_171' title='bbox 634 1903 853 1982; x_wconf 87' lang='lat' dir='ltr'><strong>contemnitis,</strong></span> <span class='ocrx_word' id='word_1_172' title='bbox 872 1906 992 1972; x_wconf 87' lang='lat' dir='ltr'><strong>saltem</strong></span> <span class='ocrx_word' id='word_1_173' title='bbox 1015 1905 1114 1972; x_wconf 86' lang='lat' dir='ltr'><strong>illum</strong></span> <span class='ocrx_word' id='word_1_174' title='bbox 1130 1903 1257 1972; x_wconf 89' lang='lat' dir='ltr'><strong>audite.</strong></span> <span class='ocrx_word' id='word_1_175' title='bbox 1274 1900 1464 1972; x_wconf 89' lang='lat' dir='ltr'><strong>Consolatur</strong></span> 
     </span>
     <span class='ocr_line' id='line_1_21' title="bbox 204 1987 1465 2081; baseline -0.002 -24"><span class='ocrx_word' id='word_1_176' title='bbox 204 1988 261 2058; x_wconf 91' lang='lat' dir='ltr'><strong>ille</strong></span> <span class='ocrx_word' id='word_1_177' title='bbox 276 1990 310 2057; x_wconf 89' lang='lat' dir='ltr'><strong>in</strong></span> <span class='ocrx_word' id='word_1_178' title='bbox 328 1991 510 2081; x_wconf 84' lang='lat' dir='ltr'><strong>Evangelio</strong></span> <span class='ocrx_word' id='word_1_179' title='bbox 526 2004 732 2081; x_wconf 89' lang='lat' dir='ltr'><strong>peccatores,</strong></span> <span class='ocrx_word' id='word_1_180' title='bbox 749 1990 832 2060; x_wconf 93' lang='lat' dir='ltr'><strong>dum</strong></span> <span class='ocrx_word' id='word_1_181' title='bbox 852 1991 917 2061; x_wconf 88' lang='lat' dir='ltr'><strong>ait:</strong></span> <span class='ocrx_word' id='word_1_182' title='bbox 938 1996 1010 2062; x_wconf 86' lang='lat' dir='ltr'><strong>Noa</strong></span> <span class='ocrx_word' id='word_1_183' title='bbox 1031 1993 1110 2060; x_wconf 85' lang='lat' dir='ltr'><strong>ceni</strong></span> <span class='ocrx_word' id='word_1_184' title='bbox 1131 2013 1249 2060; x_wconf 89' lang='lat' dir='ltr'><strong>vocure</strong></span> <span class='ocrx_word' id='word_1_185' title='bbox 1267 1991 1393 2080; x_wconf 84' lang='lat' dir='ltr'><strong>justos,</strong></span> <span class='ocrx_word' id='word_1_186' title='bbox 1416 1987 1465 2058; x_wconf 87' lang='lat' dir='ltr'><strong>:ed</strong></span> 
     </span>
     <span class='ocr_line' id='line_1_22' title="bbox 202 2079 1464 2171; baseline -0.002 -25"><span class='ocrx_word' id='word_1_187' title='bbox 202 2090 391 2168; x_wconf 79' lang='lat' dir='ltr'><strong>peccatores</strong></span> <span class='ocrx_word' id='word_1_188' title='bbox 406 2082 452 2150; x_wconf 90' lang='lat' dir='ltr'><strong>ad</strong></span> <span class='ocrx_word' id='word_1_189' title='bbox 466 2083 705 2171; x_wconf 88' lang='lat' dir='ltr'><strong>poenitentiam</strong></span> <span class='ocrx_word' id='word_1_190' title='bbox 725 2085 816 2164; x_wconf 89' lang='lat' dir='ltr'><strong>(Luc.</strong></span> <span class='ocrx_word' id='word_1_191' title='bbox 832 2079 875 2168; x_wconf 91' lang='lat' dir='ltr'><strong>v).</strong></span> <span class='ocrx_word' id='word_1_192' title='bbox 899 2085 1101 2168; x_wconf 86' lang='lat' dir='ltr'><strong>Rursusque</strong></span> <span class='ocrx_word' id='word_1_193' title='bbox 1125 2079 1298 2149; x_wconf 86' lang='lat' dir='ltr'><strong>admonet:</strong></span> <span class='ocrx_word' id='word_1_194' title='bbox 1319 2079 1464 2162; x_wconf 77' lang='lat' dir='ltr'><strong>Quaerite</strong></span> 
     </span>
     <span class='ocr_line' id='line_1_23' title="bbox 199 2168 1464 2260; baseline -0.004 -24"><span class='ocrx_word' id='word_1_195' title='bbox 199 2169 351 2257; x_wconf 81' lang='lat' dir='ltr'><strong>primum</strong></span> <span class='ocrx_word' id='word_1_196' title='bbox 373 2191 516 2259; x_wconf 85' lang='lat' dir='ltr'><strong>repnam</strong></span> <span class='ocrx_word' id='word_1_197' title='bbox 540 2171 602 2239; x_wconf 86' lang='lat' dir='ltr'><strong>Dei</strong></span> <span class='ocrx_word' id='word_1_198' title='bbox 620 2180 651 2238; x_wconf 84' lang='lat' dir='ltr'><strong>et</strong></span> <span class='ocrx_word' id='word_1_199' title='bbox 668 2171 842 2260; x_wconf 82' lang='lat' dir='ltr'><strong>justitiam</strong></span> <span class='ocrx_word' id='word_1_200' title='bbox 866 2170 950 2258; x_wconf 81' lang='lat' dir='ltr'><strong>ejus,</strong></span> <span class='ocrx_word' id='word_1_201' title='bbox 977 2179 1008 2238; x_wconf 91' lang='lat' dir='ltr'><strong>et</strong></span> <span class='ocrx_word' id='word_1_202' title='bbox 1028 2169 1110 2236; x_wconf 85' lang='lat' dir='ltr'><strong>baec</strong></span> <span class='ocrx_word' id='word_1_203' title='bbox 1133 2171 1246 2238; x_wconf 88' lang='lat' dir='ltr'><strong>omnia</strong></span> <span class='ocrx_word' id='word_1_204' title='bbox 1270 2168 1464 2258; x_wconf 78' lang='lat' dir='ltr'><strong>adjicientur</strong></span> 
     </span>
     <span class='ocr_line' id='line_1_24' title="bbox 203 2257 1499 2347; baseline 0.001 -24"><span class='ocrx_word' id='word_1_205' title='bbox 203 2257 587 2345; x_wconf 76' lang='lat' dir='ltr'><strong>uobis(llattl:.v1).lit</strong></span> <span class='ocrx_word' id='word_1_206' title='bbox 612 2257 747 2328; x_wconf 87' lang='lat' dir='ltr'><strong>iterum:</strong></span> <span class='ocrx_word' id='word_1_207' title='bbox 774 2259 891 2336; x_wconf 88' lang='lat' dir='ltr'><strong>Petite,</strong></span> <span class='ocrx_word' id='word_1_208' title='bbox 919 2258 1107 2333; x_wconf 83' lang='lat' dir='ltr'><strong>etdabitur</strong></span> <span class='ocrx_word' id='word_1_209' title='bbox 1129 2257 1242 2326; x_wconf 78' lang='lat' dir='ltr'><strong>vota:</strong></span> <span class='ocrx_word' id='word_1_210' title='bbox 1259 2258 1463 2347; x_wconf 86' lang='lat' dir='ltr'><strong>quaerite,d</strong></span> <span class='ocrx_word' id='word_1_211' title='bbox 1498 2319 1499 2324; x_wconf 75' lang='grc'>,</span> 
     </span>
     <span class='ocr_line' id='line_1_25' title="bbox 204 2340 1499 2438; baseline -0.002 -26"><span class='ocrx_word' id='word_1_212' title='bbox 204 2346 401 2414; x_wconf 86' lang='lat' dir='ltr'><strong>invenietis:</strong></span> <span class='ocrx_word' id='word_1_213' title='bbox 418 2349 567 2438; x_wconf 85' lang='lat' dir='ltr'><strong>pulsate,</strong></span> <span class='ocrx_word' id='word_1_214' title='bbox 594 2357 625 2416; x_wconf 90' lang='lat' dir='ltr'><strong>et</strong></span> <span class='ocrx_word' id='word_1_215' title='bbox 649 2348 821 2438; x_wconf 86' lang='lat' dir='ltr'><strong>aperietur</strong></span> <span class='ocrx_word' id='word_1_216' title='bbox 842 2345 1281 2433; x_wconf 78' lang='lat' dir='ltr'><strong>cobisliac.x1).litcerte</strong></span> <span class='ocrx_word' id='word_1_217' title='bbox 1302 2367 1366 2434; x_wconf 92' lang='lat' dir='ltr'><strong>pro</strong></span> <span class='ocrx_word' id='word_1_218' title='bbox 1388 2340 1464 2413; x_wconf 91' lang='lat' dir='ltr'><strong>inel-</strong></span> <span class='ocrx_word' id='word_1_219' title='bbox 1498 2389 1499 2393; x_wconf 63' lang='lat'><strong>,</strong></span> 
     </span>
     <span class='ocr_line' id='line_1_26' title="bbox 204 2431 1465 2530; baseline -0.002 -30"><span class='ocrx_word' id='word_1_220' title='bbox 204 2431 302 2501; x_wconf 90' lang='lat' dir='ltr'><strong>labili</strong></span> <span class='ocrx_word' id='word_1_221' title='bbox 320 2433 442 2523; x_wconf 85' lang='lat' dir='ltr'><strong>pietate</strong></span> <span class='ocrx_word' id='word_1_222' title='bbox 468 2456 531 2504; x_wconf 91' lang='lat' dir='ltr'><strong>sna</strong></span> <span class='ocrx_word' id='word_1_223' title='bbox 552 2435 718 2505; x_wconf 84' lang='lat' dir='ltr'><strong>Dominus</strong></span> <span class='ocrx_word' id='word_1_224' title='bbox 744 2457 811 2504; x_wconf 94' lang='lat' dir='ltr'><strong>non</strong></span> <span class='ocrx_word' id='word_1_225' title='bbox 839 2433 953 2504; x_wconf 91' lang='lat' dir='ltr'><strong>solum</strong></span> <span class='ocrx_word' id='word_1_226' title='bbox 978 2434 1150 2514; x_wconf 88' lang='lat' dir='ltr'><strong>admonet,</strong></span> <span class='ocrx_word' id='word_1_227' title='bbox 1171 2433 1230 2504; x_wconf 88' lang='lat' dir='ltr'><strong>sed</strong></span> <span class='ocrx_word' id='word_1_228' title='bbox 1255 2433 1359 2504; x_wconf 91' lang='lat' dir='ltr'><strong>etiam</strong></span> <span class='ocrx_word' id='word_1_229' title='bbox 1381 2442 1465 2530; x_wconf 82' lang='lat' dir='ltr'><strong>rogat</strong></span> 
     </span>
     <span class='ocr_line' id='line_1_27' title="bbox 204 2519 1465 2612; baseline -0.001 -24"><span class='ocrx_word' id='word_1_230' title='bbox 204 2541 278 2602; x_wconf 93' lang='lat' dir='ltr'><strong>nos,</strong></span> <span class='ocrx_word' id='word_1_231' title='bbox 304 2534 344 2590; x_wconf 91' lang='lat' dir='ltr'><strong>ut</strong></span> <span class='ocrx_word' id='word_1_232' title='bbox 366 2535 607 2592; x_wconf 87' lang='lat' dir='ltr'><strong>convertamur</strong></span> <span class='ocrx_word' id='word_1_233' title='bbox 622 2523 665 2592; x_wconf 93' lang='lat' dir='ltr'><strong>ad</strong></span> <span class='ocrx_word' id='word_1_234' title='bbox 691 2523 818 2612; x_wconf 89' lang='lat' dir='ltr'><strong>ipsum.</strong></span> <span class='ocrx_word' id='word_1_235' title='bbox 838 2523 1027 2594; x_wconf 77' lang='lat' dir='ltr'><strong>Audiamus</strong></span> <span class='ocrx_word' id='word_1_236' title='bbox 1042 2535 1232 2612; x_wconf 82' lang='lat' dir='ltr'><strong>rogantem,</strong></span> <span class='ocrx_word' id='word_1_237' title='bbox 1249 2545 1302 2606; x_wconf 90' lang='lat' dir='ltr'><strong>ne,</strong></span> <span class='ocrx_word' id='word_1_238' title='bbox 1320 2524 1350 2592; x_wconf 91' lang='lat' dir='ltr'><strong>si</strong></span> <span class='ocrx_word' id='word_1_239' title='bbox 1368 2519 1465 2610; x_wconf 83' lang='lat' dir='ltr'><strong>negli-</strong></span> 
     </span>
     <span class='ocr_line' id='line_1_28' title="bbox 203 2611 1464 2700; baseline -0.001 -22"><span class='ocrx_word' id='word_1_240' title='bbox 203 2631 339 2698; x_wconf 90' lang='lat' dir='ltr'><strong>gamus,</strong></span> <span class='ocrx_word' id='word_1_241' title='bbox 368 2633 436 2680; x_wconf 94' lang='lat' dir='ltr'><strong>non</strong></span> <span class='ocrx_word' id='word_1_242' title='bbox 451 2611 570 2680; x_wconf 90' lang='lat' dir='ltr'><strong>audiat</strong></span> <span class='ocrx_word' id='word_1_243' title='bbox 586 2611 645 2681; x_wconf 87' lang='lat' dir='ltr'><strong>ille</strong></span> <span class='ocrx_word' id='word_1_244' title='bbox 669 2611 974 2699; x_wconf 89' lang='lat' dir='ltr'><strong>nosjudicaturus.</strong></span> <span class='ocrx_word' id='word_1_245' title='bbox 998 2611 1085 2682; x_wconf 87' lang='lat' dir='ltr'><strong>Dicit</strong></span> <span class='ocrx_word' id='word_1_246' title='bbox 1107 2612 1142 2681; x_wconf 92' lang='lat' dir='ltr'><strong>in</strong></span> <span class='ocrx_word' id='word_1_247' title='bbox 1165 2611 1359 2700; x_wconf 85' lang='lat' dir='ltr'><strong>Scriptura:</strong></span> <span class='ocrx_word' id='word_1_248' title='bbox 1379 2611 1464 2679; x_wconf 81' lang='lat' dir='ltr'><strong>blise-</strong></span> 
     </span>
     <span class='ocr_line' id='line_1_29' title="bbox 203 2698 1465 2789; baseline -0.002 -24"><span class='ocrx_word' id='word_1_249' title='bbox 203 2717 278 2767; x_wconf 90' lang='lat' dir='ltr'><strong>rere</strong></span> <span class='ocrx_word' id='word_1_250' title='bbox 301 2698 437 2768; x_wconf 91' lang='lat' dir='ltr'><strong>animae</strong></span> <span class='ocrx_word' id='word_1_251' title='bbox 463 2711 551 2780; x_wconf 90' lang='lat' dir='ltr'><strong>tuae,</strong></span> <span class='ocrx_word' id='word_1_252' title='bbox 575 2699 714 2788; x_wconf 90' lang='lat' dir='ltr'><strong>placens</strong></span> <span class='ocrx_word' id='word_1_253' title='bbox 733 2705 810 2770; x_wconf 90' lang='lat' dir='ltr'><strong>Deo.</strong></span> <span class='ocrx_word' id='word_1_254' title='bbox 834 2700 924 2782; x_wconf 86' lang='lat' dir='ltr'><strong>Quid</strong></span> <span class='ocrx_word' id='word_1_255' title='bbox 948 2699 1092 2770; x_wconf 90' lang='lat' dir='ltr'><strong>adhaec</strong></span> <span class='ocrx_word' id='word_1_256' title='bbox 1116 2699 1301 2789; x_wconf 87' lang='lat' dir='ltr'><strong>respondes</strong></span> <span class='ocrx_word' id='word_1_257' title='bbox 1319 2700 1465 2770; x_wconf 86' lang='lat' dir='ltr'><strong>humana</strong></span> 
     </span>
     <span class='ocr_line' id='line_1_30' title="bbox 203 2785 1498 2879; baseline -0.001 -26"><span class='ocrx_word' id='word_1_258' title='bbox 203 2785 397 2875; x_wconf 80' lang='lat' dir='ltr'><strong>fragilitas?</strong></span> <span class='ocrx_word' id='word_1_259' title='bbox 425 2791 513 2858; x_wconf 88' lang='lat' dir='ltr'><strong>Dens</strong></span> <span class='ocrx_word' id='word_1_260' title='bbox 538 2801 654 2879; x_wconf 90' lang='lat' dir='ltr'><strong>rogat,</strong></span> <span class='ocrx_word' id='word_1_261' title='bbox 683 2801 720 2857; x_wconf 92' lang='lat' dir='ltr'><strong>ut</strong></span> <span class='ocrx_word' id='word_1_262' title='bbox 745 2789 794 2860; x_wconf 92' lang='lat' dir='ltr'><strong>tui</strong></span> <span class='ocrx_word' id='word_1_263' title='bbox 815 2789 1020 2870; x_wconf 86' lang='lat' dir='ltr'><strong>miserearis,</strong></span> <span class='ocrx_word' id='word_1_264' title='bbox 1046 2801 1079 2858; x_wconf 93' lang='lat' dir='ltr'><strong>et</strong></span> <span class='ocrx_word' id='word_1_265' title='bbox 1104 2809 1172 2858; x_wconf 91' lang='lat' dir='ltr'><strong>non</strong></span> <span class='ocrx_word' id='word_1_266' title='bbox 1201 2789 1263 2858; x_wconf 87' lang='lat' dir='ltr'><strong>vis.</strong></span> <span class='ocrx_word' id='word_1_267' title='bbox 1296 2785 1465 2870; x_wconf 83' lang='lat' dir='ltr'><strong>Quomodo</strong></span> <span class='ocrx_word' id='word_1_268' title='bbox 1497 2837 1498 2868; x_wconf 64' lang='lat'><strong>,</strong></span> 
     </span>
     <span class='ocr_line' id='line_1_31' title="bbox 204 2872 1498 3030; baseline 0.001 -89"><span class='ocrx_word' id='word_1_269' title='bbox 204 2872 310 3030; x_wconf 63' lang='lat' dir='ltr'><strong>ifiitur</strong></span> <span class='ocrx_word' id='word_1_270' title='bbox 327 2873 386 2943; x_wconf 91' lang='lat' dir='ltr'><strong>ille</strong></span> <span class='ocrx_word' id='word_1_271' title='bbox 411 2887 441 2945; x_wconf 92' lang='lat' dir='ltr'><strong>te</strong></span> <span class='ocrx_word' id='word_1_272' title='bbox 464 2875 581 2946; x_wconf 89' lang='lat' dir='ltr'><strong>audiet</strong></span> <span class='ocrx_word' id='word_1_273' title='bbox 604 2878 639 2946; x_wconf 93' lang='lat' dir='ltr'><strong>in</strong></span> <span class='ocrx_word' id='word_1_274' title='bbox 664 2875 719 2946; x_wconf 91' lang='lat' dir='ltr'><strong>die</strong></span> <span class='ocrx_word' id='word_1_275' title='bbox 743 2877 955 2948; x_wconf 84' lang='lat' dir='ltr'><strong>necessitatis</strong></span> <span class='ocrx_word' id='word_1_276' title='bbox 980 2876 1245 2967; x_wconf 87' lang='lat' dir='ltr'><strong>supplicantem,</strong></span> <span class='ocrx_word' id='word_1_277' title='bbox 1272 2876 1411 2964; x_wconf 87' lang='lat' dir='ltr'><strong>quando</strong></span> <span class='ocrx_word' id='word_1_278' title='bbox 1434 2887 1465 2942; x_wconf 90' lang='lat' dir='ltr'><strong>tu</strong></span> <span class='ocrx_word' id='word_1_279' title='bbox 1497 2875 1498 2883; x_wconf 76' lang='grc'>’</span> 
     </span>
     <span class='ocr_line' id='line_1_32' title="bbox 204 2963 1463 3056; baseline 0 -26"><span class='ocrx_word' id='word_1_280' title='bbox 204 2963 216 3030; x_wconf 85' lang='grc' dir='ltr'><strong>ι</strong></span> <span class='ocrx_word' id='word_1_281' title='bbox 245 2983 304 3030; x_wconf 92' lang='lat' dir='ltr'><strong>um</strong></span> <span class='ocrx_word' id='word_1_282' title='bbox 330 2984 397 3032; x_wconf 92' lang='lat' dir='ltr'><strong>non</strong></span> <span class='ocrx_word' id='word_1_283' title='bbox 418 2965 519 3034; x_wconf 90' lang='lat' dir='ltr'><strong>audis</strong></span> <span class='ocrx_word' id='word_1_284' title='bbox 545 2987 604 3054; x_wconf 90' lang='lat' dir='ltr'><strong>pro</strong></span> <span class='ocrx_word' id='word_1_285' title='bbox 629 2980 661 3034; x_wconf 91' lang='lat' dir='ltr'><strong>te</strong></span> <span class='ocrx_word' id='word_1_286' title='bbox 678 2969 880 3055; x_wconf 78' lang='lat' dir='ltr'><strong>rogantem?</strong></span> <span class='ocrx_word' id='word_1_287' title='bbox 897 2966 931 3036; x_wconf 90' lang='lat' dir='ltr'><strong>Si</strong></span> <span class='ocrx_word' id='word_1_288' title='bbox 941 2967 1015 3056; x_wconf 92' lang='lat' dir='ltr'><strong>jam</strong></span> <span class='ocrx_word' id='word_1_289' title='bbox 1033 2967 1116 3036; x_wconf 90' lang='lat' dir='ltr'><strong>haec</strong></span> <span class='ocrx_word' id='word_1_290' title='bbox 1135 2964 1321 3054; x_wconf 86' lang='lat' dir='ltr'><strong>negligitis,</strong></span> <span class='ocrx_word' id='word_1_291' title='bbox 1339 2965 1463 3040; x_wconf 86' lang='lat' dir='ltr'><strong>fratres,</strong></span> 
     </span>
     <span class='ocr_line' id='line_1_33' title="bbox 203 3050 1465 3144; baseline -0.004 -22"><span class='ocrx_word' id='word_1_292' title='bbox 203 3050 288 3140; x_wconf 89' lang='lat' dir='ltr'><strong>quid</strong></span> <span class='ocrx_word' id='word_1_293' title='bbox 313 3053 423 3122; x_wconf 89' lang='lat' dir='ltr'><strong>acturi</strong></span> <span class='ocrx_word' id='word_1_294' title='bbox 443 3054 524 3124; x_wconf 84' lang='lat' dir='ltr'><strong>estis</strong></span> <span class='ocrx_word' id='word_1_295' title='bbox 547 3055 582 3122; x_wconf 93' lang='lat' dir='ltr'><strong>in</strong></span> <span class='ocrx_word' id='word_1_296' title='bbox 597 3053 723 3144; x_wconf 90' lang='lat' dir='ltr'><strong>judicii</strong></span> <span class='ocrx_word' id='word_1_297' title='bbox 743 3055 809 3135; x_wconf 90' lang='lat' dir='ltr'><strong>die,</strong></span> <span class='ocrx_word' id='word_1_298' title='bbox 827 3065 860 3123; x_wconf 91' lang='lat' dir='ltr'><strong>et</strong></span> <span class='ocrx_word' id='word_1_299' title='bbox 878 3053 921 3124; x_wconf 91' lang='lat' dir='ltr'><strong>ad</strong></span> <span class='ocrx_word' id='word_1_300' title='bbox 946 3055 1049 3143; x_wconf 87' lang='lat' dir='ltr'><strong>cujus</strong></span> <span class='ocrx_word' id='word_1_301' title='bbox 1066 3053 1271 3143; x_wconf 84' lang='lat' dir='ltr'><strong>confugietis</strong></span> <span class='ocrx_word' id='word_1_302' title='bbox 1288 3053 1465 3125; x_wconf 75' lang='lat' dir='ltr'><strong>auxilium?</strong></span> 
     </span>
     <span class='ocr_line' id='line_1_34' title="bbox 204 3139 1465 3233; baseline -0.002 -25"><span class='ocrx_word' id='word_1_303' title='bbox 204 3143 299 3210; x_wconf 83' lang='lat' dir='ltr'><strong>Certe</strong></span> <span class='ocrx_word' id='word_1_304' title='bbox 321 3141 352 3210; x_wconf 91' lang='lat' dir='ltr'><strong>si</strong></span> <span class='ocrx_word' id='word_1_305' title='bbox 371 3163 429 3212; x_wconf 90' lang='lat' dir='ltr'><strong>vos</strong></span> <span class='ocrx_word' id='word_1_306' title='bbox 454 3165 549 3213; x_wconf 91' lang='lat' dir='ltr'><strong>nnnc</strong></span> <span class='ocrx_word' id='word_1_307' title='bbox 565 3143 738 3233; x_wconf 85' lang='lat' dir='ltr'><strong>negligitis</strong></span> <span class='ocrx_word' id='word_1_308' title='bbox 755 3143 839 3216; x_wconf 90' lang='lat' dir='ltr'><strong>tales</strong></span> <span class='ocrx_word' id='word_1_309' title='bbox 855 3143 913 3212; x_wconf 92' lang='lat' dir='ltr'><strong>Dei</strong></span> <span class='ocrx_word' id='word_1_310' title='bbox 930 3142 1197 3224; x_wconf 85' lang='lat' dir='ltr'><strong>adhortationes,</strong></span> <span class='ocrx_word' id='word_1_311' title='bbox 1217 3165 1286 3214; x_wconf 91' lang='lat' dir='ltr'><strong>non</strong></span> <span class='ocrx_word' id='word_1_312' title='bbox 1302 3139 1465 3232; x_wconf 83' lang='lat' dir='ltr'><strong>effugietis</strong></span> 
     </span>
     <span class='ocr_line' id='line_1_35' title="bbox 204 3228 1465 3322; baseline -0.001 -25"><span class='ocrx_word' id='word_1_313' title='bbox 204 3241 286 3298; x_wconf 91' lang='lat' dir='ltr'><strong>tunc</strong></span> <span class='ocrx_word' id='word_1_314' title='bbox 310 3228 499 3302; x_wconf 91' lang='lat' dir='ltr'><strong>inlernrum</strong></span> <span class='ocrx_word' id='word_1_315' title='bbox 524 3243 715 3302; x_wconf 91' lang='lat' dir='ltr'><strong>tormenta:</strong></span> <span class='ocrx_word' id='word_1_316' title='bbox 741 3253 803 3302; x_wconf 88' lang='lat' dir='ltr'><strong>nec</strong></span> <span class='ocrx_word' id='word_1_317' title='bbox 828 3230 974 3302; x_wconf 89' lang='lat' dir='ltr'><strong>liberare</strong></span> <span class='ocrx_word' id='word_1_318' title='bbox 996 3253 1053 3304; x_wconf 90' lang='lat' dir='ltr'><strong>vos</strong></span> <span class='ocrx_word' id='word_1_319' title='bbox 1070 3232 1193 3322; x_wconf 88' lang='lat' dir='ltr'><strong>poterit</strong></span> <span class='ocrx_word' id='word_1_320' title='bbox 1216 3253 1341 3302; x_wconf 88' lang='lat' dir='ltr'><strong>aurum</strong></span> <span class='ocrx_word' id='word_1_321' title='bbox 1366 3245 1397 3300; x_wconf 91' lang='lat' dir='ltr'><strong>et</strong></span> <span class='ocrx_word' id='word_1_322' title='bbox 1419 3251 1465 3298; x_wconf 90' lang='lat' dir='ltr'><strong>ar-</strong></span> 
     </span>
     <span class='ocr_line' id='line_1_36' title="bbox 204 3319 1497 3411; baseline 0 -25"><span class='ocrx_word' id='word_1_323' title='bbox 204 3331 359 3406; x_wconf 88' lang='lat' dir='ltr'><strong>gentum,</strong></span> <span class='ocrx_word' id='word_1_324' title='bbox 380 3341 491 3406; x_wconf 90' lang='lat' dir='ltr'><strong>neque</strong></span> <span class='ocrx_word' id='word_1_325' title='bbox 514 3343 597 3411; x_wconf 88' lang='lat' dir='ltr'><strong>opes</strong></span> <span class='ocrx_word' id='word_1_326' title='bbox 622 3335 655 3392; x_wconf 87' lang='lat' dir='ltr'><strong>ct</strong></span> <span class='ocrx_word' id='word_1_327' title='bbox 673 3321 824 3400; x_wconf 89' lang='lat' dir='ltr'><strong>divitiae,</strong></span> <span class='ocrx_word' id='word_1_328' title='bbox 843 3343 930 3408; x_wconf 90' lang='lat' dir='ltr'><strong>quas</strong></span> <span class='ocrx_word' id='word_1_329' title='bbox 955 3341 1049 3392; x_wconf 91' lang='lat' dir='ltr'><strong>nunc</strong></span> <span class='ocrx_word' id='word_1_330' title='bbox 1073 3323 1108 3390; x_wconf 93' lang='lat' dir='ltr'><strong>in</strong></span> <span class='ocrx_word' id='word_1_331' title='bbox 1134 3321 1223 3392; x_wconf 90' lang='lat' dir='ltr'><strong>arcis</strong></span> <span class='ocrx_word' id='word_1_332' title='bbox 1247 3319 1462 3394; x_wconf 88' lang='lat' dir='ltr'><strong>absconditis,</strong></span> <span class='ocrx_word' id='word_1_333' title='bbox 1496 3347 1497 3371; x_wconf 64' lang='grc' dir='ltr'>ι</span> 
     </span>
     <span class='ocr_line' id='line_1_37' title="bbox 201 3407 1462 3497; baseline -0.002 -21"><span class='ocrx_word' id='word_1_334' title='bbox 201 3407 389 3494; x_wconf 80' lang='lat' dir='ltr'><strong>atquibus</strong></span> <span class='ocrx_word' id='word_1_335' title='bbox 414 3409 544 3492; x_wconf 90' lang='lat' dir='ltr'><strong>inllati,</strong></span> <span class='ocrx_word' id='word_1_336' title='bbox 571 3409 694 3481; x_wconf 89' lang='lat' dir='ltr'><strong>salutis</strong></span> <span class='ocrx_word' id='word_1_337' title='bbox 725 3420 854 3479; x_wconf 90' lang='lat' dir='ltr'><strong>vestrae</strong></span> <span class='ocrx_word' id='word_1_338' title='bbox 878 3408 1135 3480; x_wconf 90' lang='lat' dir='ltr'><strong>obliviscimini.</strong></span> <span class='ocrx_word' id='word_1_339' title='bbox 1157 3409 1301 3491; x_wconf 78' lang='lat' dir='ltr'><strong>ludite,</strong></span> <span class='ocrx_word' id='word_1_340' title='bbox 1331 3425 1462 3497; x_wconf 87' lang='lat' dir='ltr'><strong>quaeso,</strong></span> 
     </span>
     <span class='ocr_line' id='line_1_38' title="bbox 204 3495 1464 3590; baseline -0.002 -26"><span class='ocrx_word' id='word_1_341' title='bbox 204 3495 474 3566; x_wconf 91' lang='lat' dir='ltr'><strong>comminantem</strong></span> <span class='ocrx_word' id='word_1_342' title='bbox 493 3501 698 3570; x_wconf 91' lang='lat' dir='ltr'><strong>Dominum:</strong></span> <span class='ocrx_word' id='word_1_343' title='bbox 730 3500 873 3568; x_wconf 84' lang='lat' dir='ltr'><strong>Viritabo</strong></span> <span class='ocrx_word' id='word_1_344' title='bbox 895 3521 996 3588; x_wconf 84' lang='lat' dir='ltr'><strong>super</strong></span> <span class='ocrx_word' id='word_1_345' title='bbox 1011 3500 1121 3568; x_wconf 85' lang='lat' dir='ltr'><strong>orbern</strong></span> <span class='ocrx_word' id='word_1_346' title='bbox 1135 3502 1241 3580; x_wconf 87' lang='lat' dir='ltr'><strong>mala,</strong></span> <span class='ocrx_word' id='word_1_347' title='bbox 1259 3509 1291 3569; x_wconf 92' lang='lat' dir='ltr'><strong>et</strong></span> <span class='ocrx_word' id='word_1_348' title='bbox 1307 3501 1464 3590; x_wconf 81' lang='lat' dir='ltr'><strong>prtiescerc</strong></span> 
     </span>
     <span class='ocr_line' id='line_1_39' title="bbox 202 3586 1462 3686; baseline 0 -34"><span class='ocrx_word' id='word_1_349' title='bbox 202 3586 333 3671; x_wconf 72' lang='lat' dir='ltr'><strong>faciam</strong></span> <span class='ocrx_word' id='word_1_350' title='bbox 352 3588 544 3686; x_wconf 80' lang='lat' dir='ltr'><strong>superbiam</strong></span> <span class='ocrx_word' id='word_1_351' title='bbox 563 3589 764 3676; x_wconf 79' lang='lat' dir='ltr'><strong>infidelium,</strong></span> <span class='ocrx_word' id='word_1_352' title='bbox 790 3598 822 3656; x_wconf 88' lang='lat' dir='ltr'><strong>et</strong></span> <span class='ocrx_word' id='word_1_353' title='bbox 846 3589 1080 3676; x_wconf 73' lang='lat' dir='ltr'><strong>arrogantiam</strong></span> <span class='ocrx_word' id='word_1_354' title='bbox 1104 3591 1244 3676; x_wconf 76' lang='lat' dir='ltr'><strong>sortium</strong></span> <span class='ocrx_word' id='word_1_355' title='bbox 1274 3586 1462 3657; x_wconf 79' lang='lat' dir='ltr'><strong>humiliabo.</strong></span> 
     </span>
     <span class='ocr_line' id='line_1_40' title="bbox 204 3672 1496 3770; baseline 0.007 -31"><span class='ocrx_word' id='word_1_356' title='bbox 204 3672 325 3742; x_wconf 81' lang='lat' dir='ltr'><strong>Audite</strong></span> <span class='ocrx_word' id='word_1_357' title='bbox 352 3688 453 3744; x_wconf 88' lang='lat' dir='ltr'><strong>ettam</strong></span> <span class='ocrx_word' id='word_1_358' title='bbox 478 3676 744 3744; x_wconf 90' lang='lat' dir='ltr'><strong>admonentem:</strong></span> <span class='ocrx_word' id='word_1_359' title='bbox 766 3677 882 3745; x_wconf 83' lang='lat' dir='ltr'><strong>Redite</strong></span> <span class='ocrx_word' id='word_1_360' title='bbox 907 3679 1199 3766; x_wconf 81' lang='lat' dir='ltr'><strong>praebaricatores</strong></span> <span class='ocrx_word' id='word_1_361' title='bbox 1222 3677 1268 3748; x_wconf 89' lang='lat' dir='ltr'><strong>ad</strong></span> <span class='ocrx_word' id='word_1_362' title='bbox 1290 3701 1355 3746; x_wconf 88' lang='lat' dir='ltr'><strong>car.</strong></span> <span class='ocrx_word' id='word_1_363' title='bbox 1375 3675 1465 3770; x_wconf 83' lang='lat' dir='ltr'><strong>Qnie·</strong></span> <span class='ocrx_word' id='word_1_364' title='bbox 1495 3745 1496 3748; x_wconf 74' lang='grc'>,</span> 
     </span>
     <span class='ocr_line' id='line_1_41' title="bbox 201 3761 1496 3858; baseline 0 -28"><span class='ocrx_word' id='word_1_365' title='bbox 201 3761 283 3830; x_wconf 84' lang='lat' dir='ltr'><strong>scite</strong></span> <span class='ocrx_word' id='word_1_366' title='bbox 307 3785 407 3851; x_wconf 84' lang='lat' dir='ltr'><strong>apere</strong></span> <span class='ocrx_word' id='word_1_367' title='bbox 429 3786 594 3854; x_wconf 82' lang='lat' dir='ltr'><strong>perverse,</strong></span> <span class='ocrx_word' id='word_1_368' title='bbox 615 3767 731 3835; x_wconf 85' lang='lat' dir='ltr'><strong>discite</strong></span> <span class='ocrx_word' id='word_1_369' title='bbox 757 3766 970 3853; x_wconf 77' lang='lat' dir='ltr'><strong>benefacere:</strong></span> <span class='ocrx_word' id='word_1_370' title='bbox 995 3767 1165 3836; x_wconf 84' lang='lat' dir='ltr'><strong>subuenite</strong></span> <span class='ocrx_word' id='word_1_371' title='bbox 1188 3789 1352 3858; x_wconf 83' lang='lat' dir='ltr'><strong>oppresso,</strong></span> <span class='ocrx_word' id='word_1_372' title='bbox 1378 3761 1465 3853; x_wconf 79' lang='lat' dir='ltr'><strong>judi·</strong></span> <span class='ocrx_word' id='word_1_373' title='bbox 1495 3777 1496 3844; x_wconf 62' lang='lat' dir='ltr'><strong>t</strong></span> 
     </span>
     <span class='ocr_line' id='line_1_42' title="bbox 203 3853 1496 3953; baseline 0.001 -37"><span class='ocrx_word' id='word_1_374' title='bbox 203 3858 277 3916; x_wconf 88' lang='lat' dir='ltr'><strong>cate</strong></span> <span class='ocrx_word' id='word_1_375' title='bbox 299 3854 444 3940; x_wconf 87' lang='lat' dir='ltr'><strong>pupillo,</strong></span> <span class='ocrx_word' id='word_1_376' title='bbox 473 3853 638 3941; x_wconf 79' lang='lat' dir='ltr'><strong>defendite</strong></span> <span class='ocrx_word' id='word_1_377' title='bbox 667 3854 817 3932; x_wconf 65' lang='lat' dir='ltr'><strong>vacuam,</strong></span> <span class='ocrx_word' id='word_1_378' title='bbox 843 3865 906 3922; x_wconf 88' lang='lat' dir='ltr'><strong>etc.</strong></span> <span class='ocrx_word' id='word_1_379' title='bbox 932 3853 1015 3953; x_wconf 83' lang='lat' dir='ltr'><strong>(Isa.</strong></span> <span class='ocrx_word' id='word_1_380' title='bbox 1042 3877 1110 3933; x_wconf 87' lang='grc' dir='ltr'>ιιιι,</span> <span class='ocrx_word' id='word_1_381' title='bbox 1137 3877 1226 3936; x_wconf 81' lang='lat' dir='ltr'><strong>mvi,</strong></span> <span class='ocrx_word' id='word_1_382' title='bbox 1257 3855 1347 3944; x_wconf 87' lang='lat' dir='ltr'><strong>etc.).</strong></span> <span class='ocrx_word' id='word_1_383' title='bbox 1369 3857 1462 3945; x_wconf 74' lang='lat' dir='ltr'><strong>Haec,</strong></span> <span class='ocrx_word' id='word_1_384' title='bbox 1495 3853 1496 3861; x_wconf 76' lang='grc'>’</span> 
     </span>
     <span class='ocr_line' id='line_1_43' title="bbox 204 3935 1464 4033; baseline 0 -30"><span class='ocrx_word' id='word_1_385' title='bbox 204 3935 337 4017; x_wconf 86' lang='lat' dir='ltr'><strong>iratres,</strong></span> <span class='ocrx_word' id='word_1_386' title='bbox 358 3961 565 4030; x_wconf 89' lang='lat' dir='ltr'><strong>magnopere</strong></span> <span class='ocrx_word' id='word_1_387' title='bbox 589 3943 769 4011; x_wconf 90' lang='lat' dir='ltr'><strong>observare</strong></span> <span class='ocrx_word' id='word_1_388' title='bbox 789 3942 961 4010; x_wconf 83' lang='lat' dir='ltr'><strong>nitamini.</strong></span> <span class='ocrx_word' id='word_1_389' title='bbox 984 3947 1064 4012; x_wconf 89' lang='lat' dir='ltr'><strong>Date</strong></span> <span class='ocrx_word' id='word_1_390' title='bbox 1087 3965 1240 4033; x_wconf 89' lang='lat' dir='ltr'><strong>operam,</strong></span> <span class='ocrx_word' id='word_1_391' title='bbox 1264 3957 1303 4013; x_wconf 91' lang='lat' dir='ltr'><strong>ut</strong></span> <span class='ocrx_word' id='word_1_392' title='bbox 1325 3949 1464 4032; x_wconf 84' lang='lat' dir='ltr'><strong>separat:</strong></span> 
     </span>
     <span class='ocr_line' id='line_1_44' title="bbox 203 4023 1464 4120; baseline 0 -28"><span class='ocrx_word' id='word_1_393' title='bbox 203 4047 225 4092; x_wconf 92' lang='lat' dir='ltr'><strong>a</strong></span> <span class='ocrx_word' id='word_1_394' title='bbox 240 4023 388 4108; x_wconf 90' lang='lat' dir='ltr'><strong>diabolo,</strong></span> <span class='ocrx_word' id='word_1_395' title='bbox 406 4031 668 4119; x_wconf 86' lang='lat' dir='ltr'><strong>conjungamini</strong></span> <span class='ocrx_word' id='word_1_396' title='bbox 686 4037 763 4110; x_wconf 89' lang='lat' dir='ltr'><strong>Dec,</strong></span> <span class='ocrx_word' id='word_1_397' title='bbox 781 4031 841 4116; x_wconf 89' lang='lat' dir='ltr'><strong>qui</strong></span> <span class='ocrx_word' id='word_1_398' title='bbox 866 4051 924 4100; x_wconf 89' lang='lat' dir='ltr'><strong>vos</strong></span> <span class='ocrx_word' id='word_1_399' title='bbox 951 4031 1105 4102; x_wconf 90' lang='lat' dir='ltr'><strong>redemit.</strong></span> <span class='ocrx_word' id='word_1_400' title='bbox 1121 4031 1340 4104; x_wconf 81' lang='lat' dir='ltr'><strong>Admirantur</strong></span> <span class='ocrx_word' id='word_1_401' title='bbox 1354 4039 1464 4120; x_wconf 86' lang='lat' dir='ltr'><strong>gentes</strong></span> 
     </span>
     <span class='ocr_line' id='line_1_45' title="bbox 203 4117 1464 4202; baseline -0.002 -20"><span class='ocrx_word' id='word_1_402' title='bbox 203 4117 496 4186; x_wconf 88' lang='lat' dir='ltr'><strong>conversationem</strong></span> <span class='ocrx_word' id='word_1_403' title='bbox 523 4132 680 4190; x_wconf 90' lang='lat' dir='ltr'><strong>vestram.</strong></span> <span class='ocrx_word' id='word_1_404' title='bbox 713 4119 808 4201; x_wconf 84' lang='lat' dir='ltr'><strong>Quod</strong></span> <span class='ocrx_word' id='word_1_405' title='bbox 834 4119 864 4186; x_wconf 89' lang='lat' dir='ltr'><strong>si</strong></span> <span class='ocrx_word' id='word_1_406' title='bbox 887 4118 1068 4190; x_wconf 90' lang='lat' dir='ltr'><strong>detrahant</strong></span> <span class='ocrx_word' id='word_1_407' title='bbox 1093 4121 1199 4202; x_wconf 90' lang='lat' dir='ltr'><strong>vobis,</strong></span> <span class='ocrx_word' id='word_1_408' title='bbox 1226 4135 1285 4192; x_wconf 90' lang='lat' dir='ltr'><strong>aut</strong></span> <span class='ocrx_word' id='word_1_409' title='bbox 1307 4121 1464 4190; x_wconf 90' lang='lat' dir='ltr'><strong>irrideant</strong></span> 
     </span>
     <span class='ocr_line' id='line_1_46' title="bbox 123 4201 1464 4302; baseline 0.001 -30"><span class='ocrx_word' id='word_1_410' title='bbox 123 4289 125 4296; x_wconf 15' lang='lat' dir='ltr'>y</span> <span class='ocrx_word' id='word_1_411' title='bbox 206 4221 276 4299; x_wconf 80' lang='lat' dir='ltr'><strong>vos,</strong></span> <span class='ocrx_word' id='word_1_412' title='bbox 294 4201 545 4274; x_wconf 87' lang='lat' dir='ltr'><strong>Christianismi</strong></span> <span class='ocrx_word' id='word_1_413' title='bbox 563 4229 663 4296; x_wconf 89' lang='lat' dir='ltr'><strong>opera</strong></span> <span class='ocrx_word' id='word_1_414' title='bbox 690 4229 749 4276; x_wconf 91' lang='lat' dir='ltr'><strong>vos</strong></span> <span class='ocrx_word' id='word_1_415' title='bbox 770 4209 904 4287; x_wconf 91' lang='lat' dir='ltr'><strong>sectari,</strong></span> <span class='ocrx_word' id='word_1_416' title='bbox 926 4208 1011 4276; x_wconf 90' lang='lat' dir='ltr'><strong>nihil</strong></span> <span class='ocrx_word' id='word_1_417' title='bbox 1037 4210 1302 4280; x_wconf 90' lang='lat' dir='ltr'><strong>conturbemini.</strong></span> <span class='ocrx_word' id='word_1_418' title='bbox 1320 4206 1464 4302; x_wconf 85' lang='lat' dir='ltr'><strong>Reddent</strong></span> 
     </span>
     <span class='ocr_line' id='line_1_47' title="bbox 203 4292 1462 4384; baseline 0.001 -28"><span class='ocrx_word' id='word_1_419' title='bbox 203 4309 296 4358; x_wconf 82' lang='lat' dir='ltr'><strong>enim</strong></span> <span class='ocrx_word' id='word_1_420' title='bbox 316 4294 381 4360; x_wconf 91' lang='lat' dir='ltr'><strong>Deo</strong></span> <span class='ocrx_word' id='word_1_421' title='bbox 401 4293 581 4362; x_wconf 89' lang='lat' dir='ltr'><strong>rationem.</strong></span> <span class='ocrx_word' id='word_1_422' title='bbox 600 4301 715 4364; x_wconf 88' lang='lat' dir='ltr'><strong>Totam</strong></span> <span class='ocrx_word' id='word_1_423' title='bbox 742 4317 838 4384; x_wconf 91' lang='lat' dir='ltr'><strong>spem</strong></span> <span class='ocrx_word' id='word_1_424' title='bbox 864 4307 1009 4365; x_wconf 93' lang='lat' dir='ltr'><strong>vestram</strong></span> <span class='ocrx_word' id='word_1_425' title='bbox 1035 4297 1069 4365; x_wconf 92' lang='lat' dir='ltr'><strong>in</strong></span> <span class='ocrx_word' id='word_1_426' title='bbox 1097 4297 1220 4372; x_wconf 89' lang='lat' dir='ltr'><strong>Christi</strong></span> <span class='ocrx_word' id='word_1_427' title='bbox 1238 4292 1462 4368; x_wconf 81' lang='lat' dir='ltr'><strong>misericordia</strong></span> 
     </span>
     <span class='ocr_line' id='line_1_48' title="bbox 202 4375 1462 4478; baseline 0 -32"><span class='ocrx_word' id='word_1_428' title='bbox 202 4375 378 4464; x_wconf 88' lang='lat' dir='ltr'><strong>collocate,</strong></span> <span class='ocrx_word' id='word_1_429' title='bbox 391 4391 424 4450; x_wconf 91' lang='lat' dir='ltr'><strong>et</strong></span> <span class='ocrx_word' id='word_1_430' title='bbox 435 4403 500 4451; x_wconf 92' lang='lat' dir='ltr'><strong>non</strong></span> <span class='ocrx_word' id='word_1_431' title='bbox 514 4381 625 4452; x_wconf 93' lang='lat' dir='ltr'><strong>solum</strong></span> <span class='ocrx_word' id='word_1_432' title='bbox 642 4384 776 4454; x_wconf 86' lang='lat' dir='ltr'><strong>abacta</strong></span> <span class='ocrx_word' id='word_1_433' title='bbox 789 4383 979 4472; x_wconf 90' lang='lat' dir='ltr'><strong>impudico,</strong></span> <span class='ocrx_word' id='word_1_434' title='bbox 996 4385 1166 4457; x_wconf 88' lang='lat' dir='ltr'><strong>sedetiam</strong></span> <span class='ocrx_word' id='word_1_435' title='bbox 1182 4381 1462 4478; x_wconf 84' lang='lat' dir='ltr'><strong>erogitationibus</strong></span> 
     </span>
    </p>
   </div>
   <div class='ocr_carea' id='block_1_4' title="bbox 0 0 1528 4838">
    <p class='ocr_par' dir='ltr' id='par_1_4' title="bbox 0 0 1528 4838">
     <span class='ocr_line' id='line_1_49' title="bbox 0 0 1528 4838; baseline 0 0"><span class='ocrx_word' id='word_1_436' title='bbox 0 0 1528 4838; x_wconf 95' lang='lat' dir='ltr'><strong> </strong></span> 
     </span>
    </p>
   </div>
  </div>
 </body>
</html>
