2994 4832
39 283 142 348 batt
371 303 415 349 na
441 300 470 348 s.
500 303 627 352 annona
650 303 797 351 xanaiae.
824 301 935 350 conon.
1209 286 1254 351 83

40 385 130 454 libani
144 407 385 467 succrescens
400 387 465 456 ubi
484 388 590 457 robur
604 387 711 457 virilis
727 388 847 456 aetatis
864 387 1042 476 ingressus
1058 397 1119 466 est,
1138 387 1299 543 mapister

43 475 207 544 scholarum
234 475 324 545 inibi
346 477 507 558 effectus,
529 478 706 567 probitatis
728 497 811 546 suae
834 487 867 544 et
883 477 1045 544 virtutum
1070 496 1182 546 ramos
1211 497 1299 566 enge

44 565 148 650 lateque
168 586 304 652 perora
332 565 529 634 multorum
554 567 666 655 coepit
684 565 874 634 extendere.
904 564 1089 653 Episcopos
1111 565 1298 634 accersitus

43 653 119 732 adiit,
137 674 194 722 neo
219 653 319 723 latuit
338 654 543 743 principes:
571 655 740 740 aquibus
765 673 828 742 pro
852 675 915 721 sua
941 653 1125 722 reverentia
1150 653 1184 722 in
1210 654 1298 722 arni-

42 743 140 809 citiam
185 741 392 822 admissus,
427 741 575 812 Henrico
611 747 658 812 lll
687 743 704 778 ⁴
740 747 972 811 Romanorum
1011 746 1162 829 Augusto
1198 739 1298 810 lacile

41 831 182 900 innotuit.
209 835 231 898 l
259 833 392 917 quoin
424 831 591 921 palatium
626 843 846 919 assumptus,
874 831 965 899 brevi
992 830 1084 920 apud
1110 851 1188 899 eum
1216 852 1298 919 prae

40 919 187 988 omnibus
210 918 369 1000 clericis,
401 921 461 1006 qui
498 921 531 987 in
566 915 698 989 foribus
733 919 849 1008 palatii
878 919 1116 998 excubabant,
1146 918 1297 1006 primum

39 1010 155 1098 gratiae
169 1023 200 1079 et
216 1007 463 1078 familiaritatis
480 1007 593 1077 locum
611 1009 770 1078 obtinuit:
789 1007 854 1076 hoc
871 1009 1055 1096 praecipue
1072 1008 1297 1096 diligentibus

39 1101 64 1162 in
91 1119 128 1166 eo
148 1097 309 1168 omnibus
334 1098 448 1178 bouis,
475 1095 566 1184 quod
588 1097 672 1186 justi
698 1119 737 1164 ac
757 1097 840 1166 recti
859 1096 1046 1166 admodum
1070 1111 1168 1166 tenax
1192 1110 1291 1178 esset,

39 1199 129 1271 atque
149 1186 182 1254 in
209 1187 327 1256 causis
350 1186 515 1255 omnibus
565 1205 601 1254 ro
625 1207 688 1255 suo
724 1196 794 1254 tum
827 1197 928 1258 statu.
950 1207 1016 1254 non
1042 1184 1230 1264 adulando,
1258 1199 1297 1256 ut

39 1275 159 1354 caeteri,
177 1275 234 1342 sed
256 1297 335 1344 cum
366 1296 491 1366 magna
510 1273 532 1342 li
580 1285 664 1344 rtate
683 1273 911 1360 obloquendo,
927 1273 1083 1362 justitiae
1103 1275 1295 1364 patrocina-

38 1363 137 1432 batur.
158 1368 235 1444 Erat
259 1375 375 1432 autem
398 1375 532 1452 praeter
550 1364 691 1433 virtutes
715 1363 823 1432 animi
842 1375 875 1432 et
891 1383 1026 1432 morum
1045 1363 1203 1452 gloriam,
1220 1385 1296 1432 cor-

39 1453 120 1538 poris
143 1473 277 1538 qucque
303 1451 404 1521 bonis
435 1451 689 1532 ornatissimus,
720 1454 849 1522 statura
874 1473 1048 1540 procerus,
1077 1451 1172 1520 vultu
1198 1473 1296 1521 renc-

38 1541 170 1628 randus,
195 1540 313 1629 lingua
346 1553 538 1630 promptus,
565 1539 761 1630 vigiliarum
787 1552 820 1609 et
844 1540 978 1610 inediae
1004 1541 1291 1630 patientissimus

38 1642 196 1716 postremo
210 1630 252 1698 ad
271 1651 374 1698 omne
391 1629 473 1698 boni
493 1629 606 1718 operis
621 1629 822 1698 exercitium
849 1641 991 1698 naturae
1018 1629 1219 1699 muneribus
1245 1630 1295 1698 al-

39 1715 125 1786 latim
154 1717 350 1788 instructus.
378 1719 438 1787 Cui
461 1717 504 1787 de
529 1718 652 1787 virtute
687 1718 721 1786 in
748 1718 918 1798 virtutem,
950 1717 1059 1788 instar
1091 1740 1235 1787 aurorae
1260 1721 1293 1786 in

39 1827 171 1876 ascensu
196 1829 280 1887 suc,
311 1807 519 1895 procedenti,
547 1807 635 1876 sicut
655 1805 747 1896 apud
776 1811 895 1876 Deum·
913 1807 1018 1876 crevit
1049 1809 1225 1892 sanctitas,
1246 1809 1294 1876 sic

43 1894 114 1962 item
137 1895 174 1964 de
189 1895 296 1986 gloria
322 1896 356 1963 in
384 1895 553 1984 gloriam,
580 1894 622 1964 de
646 1895 776 1965 bonore
800 1894 842 1964 ad
868 1895 1034 1965 honorem
1059 1895 1093 1964 in
1119 1896 1193 1965 dies
1219 1917 1295 1985 pro-

46 1981 171 2062 ficienti,
196 1983 287 2074 apud
316 1984 476 2054 homines
511 1983 654 2052 accessit
683 1984 880 2053 auctoritas.
910 1989 1030 2053 Actum
1055 1997 1105 2053 est
1129 1984 1194 2053 boc
1227 2007 1292 2052 non

47 2068 183 2140 humano
202 2074 379 2152 arbitratu,
408 2073 465 2142 sed
491 2075 655 2142 consueta
684 2072 741 2141 Ilei
767 2071 992 2162 providentid,
1020 2073 1080 2160 qui
1105 2073 1218 2142 sciens
1243 2070 1295 2142 lu-

49 2179 172 2255 cernam
195 2181 281 2230 suam
310 2160 535 2232 celeberrimo
558 2161 594 2229 in
619 2160 827 2231 candelabro
855 2161 1074 2250 ponendam,
1104 2173 1142 2230 ut
1166 2161 1295 2231 luceret

46 2245 194 2315 omnibus
222 2249 389 2320 Ecclesiae
420 2248 519 2330 filiis,
547 2271 590 2318 ne
615 2249 793 2339 repentina
819 2250 1035 2319 exaltationis
1059 2250 1134 2339 eJ'us
1164 2250 1294 2319 novitas

43 2334 231 2406 miraculum
265 2339 448 2408 dumtaxat
474 2339 648 2494 (gigneret,
676 2360 743 2408 non
773 2337 960 2419 laetitiam,
992 2339 1191 2408 meritorum
1217 2339 1294 2425 ejus

40 2419 229 2496 lunemante
253 2427 361 2496 voluit
388 2448 468 2495 mun
497 2449 517 2496 o
541 2427 727 2508 declarare,
750 2439 922 2513 quatenus
939 2449 978 2496 eo
994 2425 1202 2498 fructuosior
1218 2429 1293 2514 ejus

35 2508 126 2580 tieret
148 2517 322 2604 promotio,
346 2537 416 2602 quo
439 2527 471 2585 et
495 2517 641 2605 gratior:
668 2515 759 2602 qnod
785 2529 818 2584 et
840 2515 968 2586 sactum
995 2529 1056 2586 est.

72 2603 154 2686 §a
181 2605 352 2692 Denique,
383 2605 510 2674 exactis
548 2606 580 2672 in
607 2603 734 2694 palatio
761 2604 852 2673 haud
884 2605 1003 2674 multis
1028 2605 1141 2686 annis,
1166 2625 1292 2694 magna

31 2691 253 2778 imperatoris,
284 2714 410 2782 magna
435 2694 605 2775 omnium,
638 2693 699 2780 qui
729 2715 807 2762 eum
836 2699 1008 2776 riorerant,
1039 2715 1097 2763 exs
1123 2695 1293 2764 eutatione

28 2777 165 2866 adeptus
187 2795 237 2852 est
261 2782 339 2868 Agri
371 2781 482 2871 pinse,
513 2802 601 2868 qnae
628 2795 660 2850 et
685 2781 834 2860 Colonia,
868 2781 1017 2852 nobilem
1051 2717 1180 2864 sedem,
1206 2788 1292 2852 ller-

28 2887 151 2938 mauno
175 2871 326 2940 nominis
344 2805 450 2958 liujus
472 2869 628 2958 praesule
645 2869 808 2950 secundo,
829 2883 907 2939 ante
932 2892 1059 2959 paucos
1084 2872 1157 2941 dies
1173 2893 1213 2942 ex
1230 2873 1292 2942 bae

25 2953 99 3024 lnce
132 2957 317 3028 subtracto.
348 2958 395 3027 xd
420 2981 521 3046 quem
553 2957 699 3028 inlecto
736 2959 855 3048 mortis
878 2959 1048 3048 jacentem
1088 2982 1167 3031 cum
1201 2961 1291 3030 idem

24 3046 223 3118 venerahilis
249 3049 301 3116 vir
325 3048 549 3148 Imperatoria
570 3046 739 3137 legatione
764 3048 990 3117 transmissus
1016 3063 1091 3138 post
1115 3049 1292 3118 salutatio-

23 3154 94 3202 nem
116 3135 279 3206 mandata
305 3140 408 3292 Regis
429 3135 641 3217 absolvisset,
667 3148 699 3205 et
716 3137 792 3293 pam
814 3136 856 3204 ad
883 3137 1070 3292 bosspitium
1094 3149 1288 3218 remeasset,

22 3225 229 3294 restantibus
245 3225 304 3311 qui
330 3247 347 3292 a
376 3237 482 3306 crant,
501 3224 591 3294 idem
619 3226 712 3313 ponti
729 3247 768 3294 ex
785 3224 911 3293 dixisse
948 3239 1054 3306 artur,
1077 3237 1109 3294 et
1133 3247 1169 3294 se
1185 3246 1292 3314 ocyus

21 3313 141 3380 mortis
154 3313 234 3404 jura
260 3311 470 3394 subiturum,
492 3326 524 3383 et
547 3317 722 3383 Annonem
739 3313 812 3382 vice
837 3335 899 3384 sua
916 3313 1091 3383 Coloniam
1112 3325 1292 3402 susceptu·

19 3419 107 3468 rum.
129 3405 237 3490 Atque
262 3401 321 3470 illo
334 3414 421 3491 post
445 3401 528 3472 haec
551 3402 652 3471 verba
673 3401 832 3481 obeunte,
859 3403 993 3473 tametsi
1013 3404 1086 3492 jam
1113 3405 1289 3471 lunonem

20 3489 173 3558 velocius
196 3489 330 3582 regredi
356 3491 540 3562 necessitas
569 3490 695 3581 regalis
720 3489 847 3578 negotii
879 3505 1100 3593 perurgeret,
1128 3511 1195 3559 non
1225 3491 1291 3560 im-

21 3599 157 3648 memor
173 3577 228 3648 ille
243 3593 357 3648 tamen
374 3580 481 3650 bonae
494 3601 577 3650 suae
589 3579 863 3660 consuetudinis,
879 3579 990 3650 lonerr
1009 3582 1095 3670 ejus,
1111 3601 1292 3666 quousque

20 3680 125 3736 :errae
161 3667 394 3748 mandaretur,
418 3690 542 3759 magna
566 3668 680 3738 cordis
708 3669 912 3738 contritione
936 3670 1201 3756 obsequebatur.
1230 3674 1291 3738 Le-

22 3769 112 3841 gerat
139 3756 246 3836 enim,
272 3770 305 3825 et
325 3777 436 3847 opere,
456 3755 567 3844 quoad
590 3757 682 3837 vixit,
700 3778 836 3846 semper
852 3757 1022 3846 implerit:
1042 3759 1161 3827 Melius
1180 3769 1228 3828 est
1243 3760 1295 3828 ire

22 3843 59 3911 nd
81 3845 221 3914 Morum
241 3849 363 3926 luctus,
382 3869 482 3936 quam
502 3847 547 3915 cd
563 3847 697 3915 domm
717 3848 862 3915 convzbii
875 3846 998 3936 (necte.
1017 3845 1096 3936 vn);
1115 3845 1289 3916 laudabile

4 3935 109 4012 sotis,
133 3934 242 4005 immo
267 3936 498 4004 necessarium
523 3935 658 4004 cunctis
683 3933 862 4004 inculcans
876 3936 1090 4025 exemplum:
1108 3935 1286 4021 quoniam,

25 4023 104 4091 sicut
127 4019 204 4091 illic
226 4025 392 4113 scriptum
417 4034 478 4103 est,
505 4025 540 4092 in
568 4026 631 4092 illa
649 4025 726 4114 finis
753 4035 946 4094 cunctorum
969 4025 1168 4094 admonetur
1182 4025 1292 4094 bomi-

28 4135 109 4190 num,
128 4121 163 4180 et
187 4113 295 4182 noem
319 4114 444 4202 cogitat
466 4113 548 4202 qnid
569 4115 706 4200 futurus
729 4114 773 4180 sit
797 4113 931 4197 (ibid).

51 4309 95 4346 ‘ts
112 4307 190 4357 xs'qaer
204 4311 303 4350 vocatur.
320 4309 473 4349 stemmatum
487 4319 592 4358 regnum,
608 4319 670 4349 anno
687 4309 751 4352 1002:
768 4317 890 4348 romanum
905 4317 960 4348 rex-o
970 4307 1103 4359 imperinm,
1113 4317 1174 4348 anno
1184 4309 1243 4354 1014,
1251 4317 1295 4348 an·
1310 4329 1314 4339 ·

32 4363 136 4462 ιζῖζιιέ
155 4361 209 4399 rita
224 4363 328 4403 sublatus
347 4365 385 4402 cat
402 4371 463 4402 anno
480 4363 537 4407 1024,
553 4359 628 4405 ttlxam
646 4365 669 4402 ct
687 4361 711 4402 in
727 4362 826 4409 imperio
842 4361 886 4400 star
897 4372 1063 4408 successorem,
1073 4359 1199 4404 Hernicum
1208 4361 1296 4432 tmere·
