2972 4826
203 335 265 404 lio
576 353 615 400 oa
640 353 668 400 s.
693 351 828 400 nicoeno
851 351 925 399 aaa.
952 352 1001 398 ar.
1296 332 1387 398 bac.
1417 335 1435 397 o

156 437 351 528 enavigant.
374 440 456 508 Cum
481 445 595 504 autem
622 435 711 505 docti
733 449 855 505 nautae
880 435 966 503 nihil
995 434 1128 505 adversi
1155 433 1432 525 suspicarentur,

155 547 244 613 quos
277 540 388 595 tamen
422 523 610 594 diuturnus
647 547 732 594 usus
764 524 958 594 suturarum
986 535 1226 614 tempestatum
1258 525 1436 612 praescios

156 615 241 684 solet
257 614 379 695 lacere,
399 612 557 684 Nicotaus
580 612 648 682 illis
664 612 853 683 horrendas
869 625 1060 692 ventorum,
1081 611 1333 699 turbinumque
1352 635 1435 701 pro-

156 703 260 772 cellas
285 701 467 772 imminere
499 702 736 791 praenunciat.
764 707 803 771 Et
834 701 927 772 enim
952 701 1066 770 videre
1097 723 1152 781 se,
1182 700 1250 781 ait,
1282 701 1435 770 humani

155 791 291 880 generis
320 791 450 860 bostem
476 789 616 872 iratum,
643 791 756 859 navim
792 791 909 860 stricto
937 789 1053 880 gladio
1083 789 1290 878 ingressum,
1329 809 1439 876 atque

155 878 330 960 audentea,
351 879 536 965 omniaque
552 878 655 948 simul
675 879 756 948 mali
778 890 810 948 et
833 878 919 948 olavi
945 877 1132 948 retinacula
1161 876 1344 947 concidere
1374 901 1437 948 cu-

156 968 319 1057 pientem,
347 966 614 1054 molientemque
632 967 758 1048 navim,
788 968 888 1054 quasi
914 967 1044 1055 rapidis
1072 967 1258 1036 vorticibus
1277 969 1438 1036 circum·

156 1069 282 1137 actam,
305 1056 339 1124 in
372 1055 584 1146 profundum
615 1077 694 1124 cum
729 1056 811 1124 viris
843 1055 928 1146 ipsis
954 1055 1162 1145 demergere.
1188 1055 1247 1123 Vix
1271 1071 1325 1124 ea·
1342 1054 1439 1124 latus

156 1159 241 1226 erat,
268 1166 346 1214 cum
372 1143 414 1214 de
438 1157 593 1234 repente,
620 1144 718 1232 quadi
744 1143 772 1213 si
802 1167 845 1214 no
871 1143 962 1226 dato,
995 1143 1178 1213 vehemens
1207 1157 1352 1230 atraque
1388 1145 1438 1214 ris

156 1246 397 1323 tempestatum
422 1234 585 1313 exoritur,
611 1233 766 1320 undique
815 1232 961 1302 orrendo
987 1231 1121 1322 fragore
1143 1244 1334 1322 erumpunt
1365 1246 1436 1302 tur-

155 1322 266 1404 bines,
295 1343 388 1390 mare
404 1323 546 1391 vertitur
561 1321 730 1402 funditus,
754 1321 920 1392 tolluntur
937 1322 1063 1391 lluctus
1084 1321 1117 1389 in
1136 1320 1281 1402 coelum,
1304 1323 1438 1411 trepidi

156 1422 281 1480 nautae
311 1410 424 1480 subito
443 1424 535 1480 metu
562 1410 741 1497 perterriti,
764 1410 806 1479 ad
829 1431 941 1500 genua
971 1432 1006 1480 se
1028 1409 1156 1479 Nicolai
1186 1423 1436 1496 prosternunt:

157 1511 268 1579 orant,
302 1499 426 1568 misere
451 1498 726 1588 periclitantibus
748 1520 848 1590 opem
873 1497 978 1578 serat,
1012 1498 1069 1567 Dei
1101 1497 1268 1567 auxilium
1302 1520 1369 1586 pro
1406 1523 1439 1568 se

155 1588 327 1677 imploret,
345 1587 474 1675 quibus
499 1587 593 1657 nulla
612 1585 742 1674 reliqua
758 1589 802 1657 sit
827 1609 904 1688 spes
923 1585 1057 1656 salutis.
1083 1591 1178 1656 Tunc
1204 1587 1255 1654 vir
1275 1587 1334 1657 Dei
1352 1611 1439 1657 con·

156 1675 262 1744 fidere
288 1675 364 1745 illos
384 1677 495 1764 jubet,
515 1697 554 1745 ac
582 1676 676 1745 brevi
702 1676 765 1744 boc
783 1675 936 1765 periculo
961 1676 1141 1744 liberatum
1167 1675 1222 1755 iri,
1253 1675 1357 1745 modo
1385 1678 1438 1766 ja·

156 1777 247 1834 ctent
264 1786 358 1854 spem
376 1786 474 1834 suam
493 1764 526 1833 in
548 1764 701 1846 Domino,
720 1765 780 1850 qui
797 1764 910 1833 salvos
933 1763 1014 1832 facit
1030 1776 1205 1852 sperantes
1223 1763 1256 1832 in
1275 1785 1325 1834 se.
1355 1769 1439 1835 Post

155 1875 234 1922 cum
257 1852 439 1940 paululum
462 1864 591 1922 orasset
604 1852 778 1941 (mirabile
804 1852 953 1941 dictul)‚
976 1852 1140 1922 sedantur
1165 1854 1303 1935 fluctus,
1324 1855 1439 1923 turbi-

157 1963 219 2011 nes
237 1942 270 2010 in
297 1941 402 2010 levem
421 1963 540 2010 auram
558 1940 813 2021 dissolvuntur,
841 1941 899 2010 lux
923 1955 1030 2011 atram
1055 1941 1120 2010 cali
1150 1941 1239 2010 inem
1269 1941 1436 2029 dissipat,

155 2043 188 2100 et
207 2031 280 2120 jam
300 2029 455 2120 undique
472 2029 557 2099 laeta
589 2029 843 2117 tranquillaque
870 2030 1093 2119 pereuntibus
1122 1964 1317 2100 discredit.
1342 2035 1436 2100 Tum

156 2133 281 2188 nautae
307 2117 506 2208 alacrymis
532 2119 565 2187 in
592 2118 758 2208 gaudium
778 2118 876 2197 versi,
897 2141 936 2186 ex
952 2119 1068 2187 animo
1096 2119 1224 2208 gratias
1243 2140 1324 2186 cum
1354 2123 1435 2196 Deo,

156 2221 229 2277 tum
250 2207 447 2276 admirabili
462 2205 593 2277 famulo
612 2207 687 2290 eius
703 2205 827 2276 babere
849 2206 1011 2289 fatentur,
1040 2207 1170 2296 duplici
1192 2207 1255 2275 viri
1279 2207 1437 2278 admira-

156 2297 248 2366 tione
263 2295 438 2376 commoti,
460 2295 549 2382 quod
576 2308 608 2364 et
623 2294 778 2365 futurum
804 2295 1028 2385 praedixisset
1046 2293 1251 2384 periculum,
1279 2309 1313 2364 et
1333 2319 1436 2386 prae-

156 2406 236 2454 sens
262 2397 330 2452 tam
356 2383 455 2453 facile
490 2384 699 2454 sustulisset.
725 2385 824 2454 auxit
848 2398 961 2453 autem
997 2383 1134 2454 illorum
1165 2383 1435 2455 admirationem

156 2471 370 2558 insequentis
386 2493 523 2561 quoque
539 2473 587 2541 rei
603 2472 823 2541 miraculum.
839 2472 1089 2542 conscenderat
1107 2487 1211 2542 nauta
1224 2493 1436 2561 supremum

156 2575 326 2630 antennae
349 2582 471 2641 cornu,
497 2571 535 2629 ut
559 2559 688 2630 solutos
723 2561 857 2631 carbasi
880 2561 1055 2630 funiculos
1081 2561 1250 2648 religaret.
1277 2565 1311 2631 ls
1345 2562 1435 2632 dum

158 2650 328 2718 incautior
352 2648 559 2730 descendere
573 2649 695 2739 pergit,
712 2661 745 2718 et
766 2671 888 2718 manus
910 2648 1006 2717 illum
1027 2648 1171 2730 falleret,
1187 2671 1313 2740 magno
1331 2650 1437 2741 lapsu

156 2759 261 2826 super
286 2737 382 2806 navis
406 2737 559 2808 tabulata
582 2738 723 2818 corruit,
743 2751 927 2808 contusum
953 2759 1079 2827 corpus
1093 2739 1184 2827 jacet
1207 2740 1382 2821 exanime,
1404 2752 1437 2808 et

157 2827 232 2895 sine
256 2825 363 2896 dubio
386 2848 405 2895 e
429 2827 497 2894 vita
519 2826 694 2916 migrarat.
712 2831 796 2895 Tum
815 2825 974 2896 Nicolaus
995 2826 1227 2896 misericordia
1247 2827 1435 2896 vehemen-

158 2927 207 2982 ter
233 2925 367 2995 motus,
394 2913 516 2984 deliris
539 2915 573 2983 in
600 2914 734 2984 coelum
755 2914 960 2996 luminibus,
993 2916 1102 2985 oravit
1140 2914 1317 2986 intentius.
1348 2917 1437 2985 Inde

156 3001 305 3085 rediens,
333 3015 371 3071 ut
391 3003 541 3092 primum
560 3003 671 3092 coepit
687 3003 786 3072 illum
814 3002 1009 3094 lacrymans
1029 3017 1251 3086 contractare,
1272 3018 1436 3074 mortuus

156 3092 256 3178 quasi
280 3113 299 3160 e
323 3089 496 3161 levissimo
513 3113 634 3160 somno
657 3092 823 3162 excitatus
847 3093 1007 3182 resurgit,
1038 3105 1072 3162 et
1094 3114 1235 3183 corpore
1266 3105 1304 3161 ut
1334 3096 1435 3183 prius

156 3181 302 3270 integro,
330 3179 371 3248 ad
389 3179 549 3249 obeunda
574 3201 717 3250 munera
744 3179 840 3252 navis
858 3181 956 3250 redit.
983 3185 1061 3250 Post
1086 3182 1170 3250 haec
1194 3182 1246 3250 vir
1265 3181 1321 3250 Dei
1348 3203 1436 3270 pan-

158 3269 238 3338 dere
263 3268 341 3339 illos
358 3267 431 3337 vela
446 3269 555 3356 jubet.
586 3267 640 3337 llli
662 3282 729 3338 toto
757 3268 838 3338 sinu
861 3269 999 3338 llantem
1025 3292 1044 3338 a
1073 3281 1123 3338 ter
1148 3291 1166 3338 o
1191 3274 1316 3339 Corum
1341 3270 1435 3339 acci-

159 3357 270 3447 piunt,
297 3377 359 3427 nec
384 3357 481 3447 prius
497 3357 574 3426 illos
594 3357 673 3426 felix
690 3357 840 3427 deseruit
864 3379 960 3439 aura,
987 3380 1091 3448 quam
1107 3293 1345 3427 Aderandriam
1368 3358 1432 3428 ad·

157 3445 254 3515 ducti
282 3459 375 3516 sunt.
402 3446 455 3515 lbi
489 3458 613 3516 nautae
638 3445 870 3536 pervulgatis,
899 3468 987 3534 quae
1019 3447 1194 3528 viderant,
1224 3447 1430 3529 miraculis,

70 3597 78 3616 ,
156 3535 327 3605 civitatem
353 3533 546 3604 incredibili
562 3534 671 3623 hujus
685 3534 747 3602 viri
774 3534 906 3602 visendi
931 3534 1046 3605 studio
1068 3536 1225 3605 excitant.
1246 3537 1321 3616 Hic,
1343 3536 1433 3604 bone

158 3629 258 3706 Deua,
280 3621 389 3693 multa
415 3645 475 3713 per
498 3643 633 3706 servum
653 3637 748 3692 tuum
776 3623 947 3692 mirabilia
976 3625 1149 3726 Aegyptiis
1172 3623 1363 3694 ostendisti.
1390 3627 1431 3691 Et

156 3726 229 3781 erat
252 3733 376 3801 operae
402 3711 560 3801 pretium,
589 3710 763 3802 magnalia
792 3711 850 3780 illa
885 3726 958 3792 tua,
986 3717 1129 3782 llomrne
1152 3714 1329 3794 virtutum,
1356 3712 1433 3782 sin—

157 3801 238 3956 gula
260 3803 447 3882 recensere,
467 3801 534 3872 nisi
553 3801 618 3870 boc
635 3812 723 3869 esset
739 3801 865 3888 negotii
884 3800 987 3868 nimis
1007 3800 1114 3892 longi.
1142 3806 1288 3892 Magn-us
1303 3799 1428 3870 etenim

171 3899 277 3969 actus,
297 3889 546 3979 aegrotantium
574 3889 754 3957 bominum
774 3887 913 3957 adeum
936 3910 1138 3972 concursus,
1165 3912 1314 3979 magnus
1338 3887 1428 3958 cala-

158 3975 359 4046 mitosorum
377 3999 476 4067 opem
496 3978 696 4067 petentium,
714 3997 862 4066 magnus
886 3978 929 4046 ab
954 3978 1146 4047 immundis
1170 3979 1348 4068 spiritibus
1371 3996 1429 4042 ve-

156 4069 325 4146 xatorum,
344 4087 398 4134 ma
426 4087 492 4136 nus
518 4065 758 4147 moerentium,
784 4079 817 4134 et
840 4065 974 4135 infestis
994 4065 1151 4136 lortunae
1175 4067 1315 4138 casibus
1334 4063 1427 4134 labo-

156 4153 321 4220 rantium.
349 4089 424 4222 Sed
437 4156 527 4240 quis,
551 4153 720 4223 donorum
748 4153 1014 4245 largitoribus,
1040 4155 1131 4241 quis,
1151 4155 1307 4246 inquam,
1329 4171 1428 4254 aeger

158 4261 224 4308 non
251 4261 358 4308 sanus
375 4243 565 4312 abscessit?
588 4242 671 4324 Quis
688 4262 843 4312 moerens
868 4263 934 4312 non
965 4242 1100 4313 laetus?
1122 4246 1207 4326 Quis
1232 4242 1425 4333 arreptitius

158 4347 226 4394 non
252 4327 463 4397 mundatus?
487 4329 549 4398 Sed
574 4329 657 4415 quid
677 4329 759 4398 baec
774 4329 817 4399 ad
843 4342 885 4411 te,
908 4331 1060 4414 Domino,
1082 4333 1142 4420 qui
1160 4331 1271 4402 iecisti
1294 4327 1420 4400 coelom

157 4424 190 4482 et
214 4425 339 4483 terram
375 4415 410 4484 in
446 4416 648 4486 intellectu?
670 4421 742 4487 Non
775 4430 868 4489 tuam
906 4418 1034 4510 igitur,
1068 4413 1423 4511 incomprehensibilis
