2994 4832
44 265 144 331 utut
374 283 414 328 ns
439 283 464 329 s.
492 284 633 329 annonas
656 283 741 330 rinc.
769 283 807 328 er
831 282 925 328 naar.
1201 266 1242 328 tt

42 377 221 438 renovetur:
240 368 355 436 immo
377 367 506 436 firmior
519 381 550 436 et
565 367 777 438 constantior
796 365 897 448 lacta,
917 367 950 436 in
970 377 1092 436 tetrum
1114 389 1286 436 carcerem

41 455 224 526 includitur:
252 456 315 526 ubi
343 457 389 527 ab
405 456 565 526 omnibus
580 457 753 537 destituta,
776 454 912 524 sameet
936 455 990 524 siti
1017 455 1152 538 afflicta,
1176 457 1287 545 passis

39 547 68 614 al
82 545 204 616 coelum
227 545 408 626 manibus,
428 568 447 614 a
464 545 592 615 Christo
617 567 756 636 sponso,
776 545 878 633 cujus
898 544 1069 614 desiderio
1092 545 1283 626 tenebatur,

38 634 174 703 auxilium
194 633 374 724 implorat,
392 633 583 704 clamitans:
605 640 796 704 Demonstro
808 635 905 714 milri,
924 657 1021 724 qoam
1034 635 1156 702 dilcmit
1172 636 1288 704 areima

35 747 101 801 ntea,
122 725 179 792 ali
199 747 341 815 prepent
355 725 479 814 poscis,
502 725 561 792 ott
574 725 714 794 meridie
729 725 880 793 recubos.
901 727 1055 793 Rursus:
1078 728 1288 813 tlnpuentnm

33 813 214 900 esteffusum
237 836 360 882 nomen
379 823 485 892 tuum,
509 823 687 904 propterea
712 814 908 881 dilcmemntt
932 821 963 880 te
985 814 1133 902 puellae,
1157 823 1188 882 tc
1211 835 1288 902 pro-

32 913 138 969 secutae
172 913 277 980 aunt,
304 903 471 972 da‘centca:
498 905 681 972 Cumomos
707 903 742 971 in
775 902 907 971 odorem
941 911 1189 990 unquentorum
1217 913 1289 971 tuo-

30 1013 89 1057 rum
108 990 218 1077 (Cant.
246 990 286 1078 r).

63 1081 134 1162 §lb
160 1079 336 1148 Barbarae
354 1078 497 1168 virginis
525 1079 753 1150 constantiam
780 1090 876 1168 pater
898 1099 999 1168 aegre
1022 1077 1158 1159 serens,
1186 1078 1287 1147 vehe-

30 1167 165 1237 mentiori
196 1169 249 1236 ira
281 1167 494 1238 exardescit:
520 1190 665 1257 eamque
694 1179 873 1258 propterea
905 1166 1057 1236 Praesidi
1116 1167 1288 1236 rovinciae

29 1256 170 1326 ltartiano
197 1256 323 1326 tradit:
352 1279 372 1325 a
397 1278 466 1343 quo
491 1256 522 1325 id
543 1279 749 1348 magnopere
770 1257 864 1346 petit,
885 1267 921 1325 ut
940 1255 1009 1326 nisi
1030 1191 1180 1324 Barlsara
1201 1255 1284 1337 filia,

28 1344 198 1414 christiana
225 1344 412 1434 repudiata
428 1345 506 1428 fide,
535 1349 684 1434 patrium
710 1345 852 1414 deorum
879 1343 1011 1414 cultum
1033 1345 1212 1442 suscipere
1233 1368 1287 1415 ve·

27 1431 68 1512 lit,
90 1436 263 1521 exquisitis
289 1446 489 1522 torqueatur
513 1435 707 1525 suppliciis.
739 1440 879 1504 Praeses
911 1445 1047 1513 autem,
1081 1456 1124 1502 ne
1152 1433 1202 1502 ira
1228 1448 1287 1502 aut

28 1523 264 1609 perturbatione
281 1522 356 1594 ulla
381 1533 573 1594 commotus
591 1525 772 1603 videretur,
802 1523 954 1613 primum
979 1522 1159 1593 verborum
1188 1522 1288 1592 blan-

5 1611 120 1692 ditiis,
135 1625 166 1682 et
180 1612 327 1682 laudum
353 1610 536 1692 illecebris,
565 1614 693 1699 quibus
717 1612 825 1682 annis
853 1612 895 1682 ad
928 1611 1117 1680 fallendum
1148 1623 1287 1680 satanas

28 1700 135 1780 utitur,
159 1700 326 1791 virginem
354 1712 515 1770 attentat:
541 1723 689 1789 cumque
713 1701 755 1770 de
780 1703 855 1792 ejus
885 1699 1131 1789 pulcritudine,
1152 1701 1287 1790 generis

30 1787 202 1875 splendore,
236 1790 460 1879 paternisque
484 1791 620 1878 opibus,
647 1803 718 1860 tum
744 1790 786 1860 de
817 1788 895 1859 aliis
920 1787 1043 1870 rebus,
1070 1789 1200 1877 quibus
1229 1788 1302 1858 illa.
1366 1845 1369 1854 ,

32 1876 116 1946 lacile
133 1878 279 1948 allectari
299 1892 426 1968 posset,
456 1879 560 1948 multa
582 1878 769 1948 admodum
788 1877 942 1957 dixisset,
973 1890 1143 1966 postremo
1175 1890 1289 1948 osten·

35 1964 88 2044 dit,
105 1988 148 2044 se,
164 1982 198 2036 ut
220 1969 298 2068 ejus
320 1967 424 2038 statui
448 1968 652 2048 consuleret,
676 1967 831 2057 deposita
856 1969 1089 2056 magistratus,
1109 1989 1212 2053 quem
1232 1990 1288 2058 ge·

37 2053 133 2134 rebat,
148 2069 327 2136 severitate,
366 2055 488 2124 leniter
513 2080 552 2124 ac
576 2057 725 2146 henigne
757 2078 873 2124 secum
899 2055 1020 2144 egisse.
1044 2055 1190 2124 Proinde
1213 2056 1289 2144 ipsa
1318 2091 1322 2100 ·

41 2140 125 2210 daret
144 2165 281 2232 operam,
310 2159 350 2216 ut
370 2145 456 2214 bene
473 2146 623 2214 monenti
650 2147 795 2234 pareret,
822 2156 1066 2234 paternamque
1085 2143 1287 2231 religionem

43 2229 286 2318 amplecteretur,
310 2247 465 2323 tempore
479 2245 510 2302 et
520 2234 654 2323 legibus
667 2233 919 2304 confirmatam.
939 2232 1001 2302 Ubi
1015 2254 1065 2312 ca,
1083 2253 1171 2320 quac
1186 2237 1287 2300 Prae-

39 2337 88 2388 ses
111 2319 226 2392 locutus
247 2334 312 2402 est,
345 2321 443 2412 virgo
468 2321 616 2404 audivit,
644 2324 739 2413 gravi
765 2344 803 2391 ac
831 2322 886 2412 pia
911 2323 1063 2394 oratione
1087 2320 1287 2402 declaravit,

36 2429 81 2484 se,
98 2429 176 2494 quae
195 2424 326 2480 terrena
357 2425 450 2491 sunt,
470 2433 625 2499 quaeque
650 2411 793 2493 caduca,
829 2410 965 2499 aliaque
994 2409 1179 2498 ejusmodi,
1206 2432 1289 2478 con-

35 2507 179 2578 temnere,
202 2521 239 2569 ac
256 2522 320 2589 pro
339 2498 448 2569 nihilo
469 2514 607 2588 putare:
626 2522 734 2588 eaque
758 2513 826 2570 toto
848 2501 965 2569 animo
982 2499 1094 2568 solum
1113 2512 1285 2589 appetere,

30 2606 110 2669 quae
125 2588 277 2658 eoelestia
299 2599 393 2669 sunt,
413 2602 446 2657 et
472 2611 558 2675 quae
576 2591 796 2680 sempiterna.
817 2593 995 2678 Propterea
1013 2609 1079 2658 non
1097 2610 1171 2656 esse
1190 2587 1286 2666 dixit,

28 2695 83 2741 cnr
98 2675 167 2776 ejus
181 2676 332 2746 consilio
356 2678 508 2766 pareret:
532 2679 638 2747 immo
659 2700 735 2747 vero
763 2700 855 2757 voce,
890 2676 986 2747 vultu
1004 2688 1036 2746 et
1067 2677 1183 2747 animo
1209 2698 1288 2747 con·

26 2775 172 2835 stantiae
194 2765 305 2836 libero
331 2778 482 2835 sanctam
508 2773 589 2836 lesu
614 2767 738 2836 Christi
758 2766 860 2835 fidem
883 2765 1049 2846 confessa,
1077 2766 1286 2848 Pruesidem,

25 2852 78 2936 qui
101 2853 267 2924 idolorum
295 2854 504 2942 impietatem
528 2854 707 2926 malitiosis
732 2854 909 2926 blanditiis
927 2854 1073 2925 suadere
1089 2855 1119 2924 ei
1140 2856 1290 2926 conaba-

26 2953 87 3020 tur,
106 2943 321 3014 vehementer
341 2943 559 3032 reprehendit
593 2944 636 3013 iis
654 2944 785 3014 vorbis:
809 2947 921 3034 «Ego,
942 2944 1065 3030 inquit,
1094 2945 1289 3016 sacrificare

24 3042 229 3114 paratasum
253 3032 398 3101 Domino
425 3053 498 3101 meo
521 3037 602 3102 Jesu
627 3033 771 3113 Christo,
799 3033 1001 3120 quicreavit
1016 3033 1150 3102 coelum
1176 3047 1207 3102 et
1225 3049 1289 3102 ter-

21 3140 103 3198 ram,
130 3134 160 3189 et
183 3121 299 3191 omnia
324 3141 564 3208 quaecumque
587 3121 672 3190 coeli
702 3134 734 3190 et
766 3135 871 3191 terrae
896 3121 1030 3191 ambitu
1054 3121 1287 3192 continentur.

23 3211 151 3276 l'estros
172 3223 286 3279 autem
304 3208 386 3278 deos
403 3209 560 3294 detestor,
583 3232 669 3297 quos
683 3211 851 3294 Propheta
874 3211 1003 3298 optime
1027 3210 1076 3280 sic
1091 3211 1286 3298 descripsit:

23 3302 60 3362 (ts
83 3298 211 3380 hubent,
231 3309 263 3368 ct
292 3321 356 3368 non
380 3301 578 3388 loquentur:
597 3303 707 3370 oculos
727 3301 859 3380 habent,
879 3309 909 3369 et
929 3323 995 3369 non
1016 3299 1192 3367 videbant:
1217 3320 1289 3366 ma-

25 3407 82 3452 nus
109 3387 239 3468 lrabeat,
265 3399 382 3458 elnon
403 3390 590 3479 palpabunt
604 3414 615 3457 :
632 3389 735 3480 pedes
750 3389 882 3468 hadent,
909 3399 940 3458 ct
964 3411 1029 3457 non
1043 3389 1262 3457 ambulabunt
1276 3412 1288 3456 .·

25 3495 85 3542 non
102 3479 163 3544 crit
185 3501 253 3546 com
276 3479 313 3546 in
360 3487 473 3546 ultore
496 3500 621 3548 eorum.
644 3479 778 3548 Similes
812 3479 882 3546 ill-is
901 3488 990 3558 sont,
1013 3478 1230 3567 quiscerem,
1259 3485 1290 3544 et

1 3653 2 3656 Ἴ
26 3584 133 3632 amnes
153 3569 212 3658 qui
233 3568 318 3656 confi
342 3577 403 3634 ont
427 3569 462 3634 in
485 3570 532 3635 eis
554 3571 622 3656 (Ps.
643 3571 706 3635 tt3
726 3577 757 3635 et
782 3568 870 3656 l3l).
900 3589 917 3632 ›>

1 3677 2 3692 ¹
65 3653 151 3736 §a
184 3659 322 3725 Praeses
366 3655 471 3744 igitur
509 3678 587 3724 cum
628 3654 764 3724 allicere
795 3655 973 3724 blanditiis
1012 3655 1178 3743 virginem
1221 3675 1289 3722 non

26 3740 185 3822 potuisset
206 3743 247 3812 ad
281 3743 406 3812 falsum
438 3742 609 3814 idolorum
635 3743 791 3824 cultum,
819 3743 1014 3813 tumeliam
1040 3745 1114 3824 ejus
1138 3743 1290 3813 oratione

28 3829 393 3913 graviuscommotus,
421 3831 576 3922 deposita
609 3832 701 3902 omni
739 3831 985 3913 simulatione,
1012 3830 1110 3901 vultu
1135 3833 1223 3903 tristi
1251 3853 1291 3902 ac

1 3936 140 3985 ¹severo
162 3931 335 4001 tormenta,
364 3920 493 4008 quibus
524 3920 583 3990 illa
617 3921 802 4003 crucietur,
831 3921 993 4011 apparari
1019 3921 1131 4009 jubet,
1162 3921 1195 3988 id
1228 3921 1292 3990 ali-

32 4005 160 4085 quando
183 4030 323 4098 sperans
353 4007 443 4090 lore,
474 4021 512 4080 ut
539 4008 604 4079 hac
629 4011 681 4080 via
712 4010 777 4080 sihi
802 4009 1011 4092 succederet,
1037 4009 1130 4097 quod
1155 4011 1293 4096 assequi

34 4091 235 4189 uehementer
269 4097 472 4169 conabatur.
497 4103 617 4186 Itaque
649 4098 774 4168 virini
806 4099 1006 4168 vestimenta
1041 4099 1191 4188 primum
1226 4097 1293 4168 eri-

37 4194 189 4262 piuntur:
214 4186 336 4257 deinde
361 4185 457 4256 nuda
474 4189 587 4258 nervis
607 4122 749 4258 bubulis
773 4188 948 4258 caeditur:
972 4200 1004 4257 et
1033 4209 1101 4274 quo
1126 4189 1238 4256 acrior
1261 4187 1293 4256 ei

39 4265 130 4336 dolor
152 4273 359 4357 inureretur,
389 4277 584 4365 praeacutis
617 4276 751 4346 testulis
781 4275 924 4346 vulnera
960 4276 1199 4366 perfricantur.
1233 4276 1294 4345 His

42 4364 147 4426 amen
166 4364 401 4436 cmciamentis
419 4366 514 4457 virgo
538 4379 571 4436 et
602 4379 734 4455 martyr
766 4364 914 4435 Barbara
938 4387 1005 4434 non
1035 4364 1154 4445 fracta,
1184 4383 1293 4450 neque
