<?xml version="1.0" encoding="UTF-8"?>
<!DOCTYPE html PUBLIC "-//W3C//DTD XHTML 1.0 Transitional//EN"
    "http://www.w3.org/TR/xhtml1/DTD/xhtml1-transitional.dtd">
<html xmlns="http://www.w3.org/1999/xhtml" xml:lang="en" lang="en">
 <head>
  <title>
</title>
<meta http-equiv="Content-Type" content="text/html;charset=utf-8" />
  <meta name='ocr-system' content='tesseract 3.04.00' />
  <meta name='ocr-capabilities' content='ocr_page ocr_carea ocr_par ocr_line ocrx_word'/>
</head>
<body>
  <div class='ocr_page' id='page_1' title='image "./historiaeseuvit00lippgoog_0339.png"; bbox 0 0 2960 4824; ppageno 0'>
   <div class='ocr_carea' id='block_1_1' title="bbox 204 255 1462 480">
    <p class='ocr_par' dir='ltr' id='par_1_1' title="bbox 204 255 1462 480">
     <span class='ocr_line' id='line_1_1' title="bbox 247 255 1462 350; baseline -0.005 -4"><span class='ocrx_word' id='word_1_1' title='bbox 247 281 311 346; x_wconf 61' lang='lat' dir='ltr'><strong>ibi</strong></span> <span class='ocrx_word' id='word_1_2' title='bbox 512 297 552 342; x_wconf 82' lang='lat' dir='ltr'><strong>nr</strong></span> <span class='ocrx_word' id='word_1_3' title='bbox 575 297 603 342; x_wconf 90' lang='lat' dir='ltr'><strong>s.</strong></span> <span class='ocrx_word' id='word_1_4' title='bbox 630 295 796 344; x_wconf 81' lang='grc' dir='ltr'>ιιιιιιοιιι</span> <span class='ocrx_word' id='word_1_5' title='bbox 819 293 967 342; x_wconf 76' lang='lat' dir='ltr'><strong>sacam.</strong></span> <span class='ocrx_word' id='word_1_6' title='bbox 993 291 1166 342; x_wconf 80' lang='lat' dir='ltr'><strong>ruruurru.</strong></span> <span class='ocrx_word' id='word_1_7' title='bbox 1316 276 1395 342; x_wconf 77' lang='lat' dir='ltr'><strong>ost.</strong></span> <span class='ocrx_word' id='word_1_8' title='bbox 1420 255 1462 350; x_wconf 76' lang='lat' dir='ltr'><strong>ta}</strong></span> 
     </span>
     <span class='ocr_line' id='line_1_2' title="bbox 204 378 1462 480; baseline -0.004 -27"><span class='ocrx_word' id='word_1_9' title='bbox 204 382 296 473; x_wconf 79' lang='lat' dir='ltr'><strong>quod</strong></span> <span class='ocrx_word' id='word_1_10' title='bbox 321 381 471 471; x_wconf 80' lang='lat' dir='ltr'><strong>sumpsit</strong></span> <span class='ocrx_word' id='word_1_11' title='bbox 493 379 649 450; x_wconf 86' lang='lat' dir='ltr'><strong>divinum</strong></span> <span class='ocrx_word' id='word_1_12' title='bbox 675 401 804 480; x_wconf 87' lang='lat' dir='ltr'><strong>corpus</strong></span> <span class='ocrx_word' id='word_1_13' title='bbox 824 390 857 449; x_wconf 89' lang='lat' dir='ltr'><strong>et</strong></span> <span class='ocrx_word' id='word_1_14' title='bbox 884 378 1089 469; x_wconf 91' lang='lat' dir='ltr'><strong>sanguinem</strong></span> <span class='ocrx_word' id='word_1_15' title='bbox 1114 378 1343 448; x_wconf 86' lang='lat' dir='ltr'><strong>Dominicum.</strong></span> <span class='ocrx_word' id='word_1_16' title='bbox 1368 383 1462 456; x_wconf 84' lang='lat' dir='ltr'><strong>Porro</strong></span> 
     </span>
    </p>
   </div>
   <div class='ocr_carea' id='block_1_2' title="bbox 97 467 1455 559">
    <p class='ocr_par' dir='ltr' id='par_1_2' title="bbox 97 467 1455 559">
     <span class='ocr_line' id='line_1_3' title="bbox 97 467 1455 559; baseline -0.005 -16"><span class='ocrx_word' id='word_1_17' title='bbox 97 503 101 512; x_wconf 93' lang='lat'>·</span> <span class='ocrx_word' id='word_1_18' title='bbox 205 485 319 542; x_wconf 90' lang='lat' dir='ltr'><strong>autem</strong></span> <span class='ocrx_word' id='word_1_19' title='bbox 341 469 427 539; x_wconf 87' lang='lat' dir='ltr'><strong>alias</strong></span> <span class='ocrx_word' id='word_1_20' title='bbox 442 490 580 559; x_wconf 89' lang='lat' dir='ltr'><strong>quoque</strong></span> <span class='ocrx_word' id='word_1_21' title='bbox 602 469 633 537; x_wconf 87' lang='lat' dir='ltr'><strong>ei</strong></span> <span class='ocrx_word' id='word_1_22' title='bbox 658 470 768 538; x_wconf 84' lang='lat' dir='ltr'><strong>entrtit</strong></span> <span class='ocrx_word' id='word_1_23' title='bbox 790 467 999 538; x_wconf 82' lang='lat' dir='ltr'><strong>miraculum</strong></span> <span class='ocrx_word' id='word_1_24' title='bbox 1022 467 1228 538; x_wconf 89' lang='lat' dir='ltr'><strong>evidentius:</strong></span> <span class='ocrx_word' id='word_1_25' title='bbox 1244 481 1295 536; x_wconf 79' lang='lat' dir='ltr'><strong>est</strong></span> <span class='ocrx_word' id='word_1_26' title='bbox 1310 489 1383 537; x_wconf 87' lang='lat' dir='ltr'><strong>vero</strong></span> <span class='ocrx_word' id='word_1_27' title='bbox 1398 489 1455 536; x_wconf 89' lang='lat' dir='ltr'><strong>mo·</strong></span> 
     </span>
    </p>
   </div>
   <div class='ocr_carea' id='block_1_3' title="bbox 167 555 1462 2338">
    <p class='ocr_par' dir='ltr' id='par_1_3' title="bbox 167 555 1462 2338">
     <span class='ocr_line' id='line_1_4' title="bbox 205 555 1462 647; baseline -0.006 -17"><span class='ocrx_word' id='word_1_28' title='bbox 205 561 272 630; x_wconf 87' lang='lat' dir='ltr'><strong>dus</strong></span> <span class='ocrx_word' id='word_1_29' title='bbox 295 558 339 628; x_wconf 92' lang='lat' dir='ltr'><strong>ad</strong></span> <span class='ocrx_word' id='word_1_30' title='bbox 364 558 577 630; x_wconf 87' lang='lat' dir='ltr'><strong>narrandum</strong></span> <span class='ocrx_word' id='word_1_31' title='bbox 606 558 900 647; x_wconf 88' lang='lat' dir='ltr'><strong>jucundissimus.</strong></span> <span class='ocrx_word' id='word_1_32' title='bbox 927 556 989 626; x_wconf 92' lang='lat' dir='ltr'><strong>llle</strong></span> <span class='ocrx_word' id='word_1_33' title='bbox 1017 556 1176 644; x_wconf 90' lang='lat' dir='ltr'><strong>quidem,</strong></span> <span class='ocrx_word' id='word_1_34' title='bbox 1205 568 1243 626; x_wconf 91' lang='lat' dir='ltr'><strong>ut</strong></span> <span class='ocrx_word' id='word_1_35' title='bbox 1271 555 1366 636; x_wconf 82' lang='lat' dir='ltr'><strong>dirit,</strong></span> <span class='ocrx_word' id='word_1_36' title='bbox 1389 569 1462 646; x_wconf 61' lang='lat' dir='ltr'><strong>cum}</strong></span> 
     </span>
     <span class='ocr_line' id='line_1_5' title="bbox 204 645 1462 738; baseline -0.005 -18"><span class='ocrx_word' id='word_1_37' title='bbox 204 671 284 720; x_wconf 88' lang='lat' dir='ltr'><strong>eum</strong></span> <span class='ocrx_word' id='word_1_38' title='bbox 305 669 428 719; x_wconf 91' lang='lat' dir='ltr'><strong>rursus</strong></span> <span class='ocrx_word' id='word_1_39' title='bbox 450 648 527 738; x_wconf 89' lang='lat' dir='ltr'><strong>ejus</strong></span> <span class='ocrx_word' id='word_1_40' title='bbox 549 647 623 718; x_wconf 91' lang='lat' dir='ltr'><strong>dies</strong></span> <span class='ocrx_word' id='word_1_41' title='bbox 647 645 754 718; x_wconf 85' lang='lat' dir='ltr'><strong>festus</strong></span> <span class='ocrx_word' id='word_1_42' title='bbox 778 646 950 726; x_wconf 82' lang='lat' dir='ltr'><strong>invitaret,</strong></span> <span class='ocrx_word' id='word_1_43' title='bbox 979 647 1125 716; x_wconf 85' lang='lat' dir='ltr'><strong>accessit</strong></span> <span class='ocrx_word' id='word_1_44' title='bbox 1148 645 1462 734; x_wconf 71' lang='lat' dir='ltr'><strong>&#39;trimm&#39;ytbuntem</strong></span> 
     </span>
     <span class='ocr_line' id='line_1_6' title="bbox 167 733 1462 827; baseline -0.007 -19"><span class='ocrx_word' id='word_1_45' title='bbox 167 810 172 816; x_wconf 80' lang='grc'><em>,</em></span> <span class='ocrx_word' id='word_1_46' title='bbox 205 749 240 808; x_wconf 88' lang='grc' dir='ltr'><strong>ιι</strong></span> <span class='ocrx_word' id='word_1_47' title='bbox 260 758 413 827; x_wconf 88' lang='lat' dir='ltr'><strong>capsam,</strong></span> <span class='ocrx_word' id='word_1_48' title='bbox 437 757 527 824; x_wconf 85' lang='lat' dir='ltr'><strong>quae</strong></span> <span class='ocrx_word' id='word_1_49' title='bbox 551 737 665 805; x_wconf 89' lang='lat' dir='ltr'><strong>Sancti</strong></span> <span class='ocrx_word' id='word_1_50' title='bbox 692 736 889 806; x_wconf 89' lang='lat' dir='ltr'><strong>continebat</strong></span> <span class='ocrx_word' id='word_1_51' title='bbox 913 733 1088 821; x_wconf 90' lang='lat' dir='ltr'><strong>reliquias,</strong></span> <span class='ocrx_word' id='word_1_52' title='bbox 1108 734 1258 804; x_wconf 87' lang='lat' dir='ltr'><strong>adorans</strong></span> <span class='ocrx_word' id='word_1_53' title='bbox 1283 747 1317 804; x_wconf 89' lang='lat' dir='ltr'><strong>et</strong></span> <span class='ocrx_word' id='word_1_54' title='bbox 1345 733 1462 823; x_wconf 53' lang='lat' dir='ltr'><strong>amplat</strong></span> 
     </span>
     <span class='ocr_line' id='line_1_7' title="bbox 205 822 1462 915; baseline -0.006 -18"><span class='ocrx_word' id='word_1_55' title='bbox 205 840 312 907; x_wconf 84' lang='lat' dir='ltr'><strong>eleas,</strong></span> <span class='ocrx_word' id='word_1_56' title='bbox 330 825 489 895; x_wconf 86' lang='lat' dir='ltr'><strong>similiter</strong></span> <span class='ocrx_word' id='word_1_57' title='bbox 504 825 648 912; x_wconf 86' lang='lat' dir='ltr'><strong>quidem</strong></span> <span class='ocrx_word' id='word_1_58' title='bbox 667 825 790 895; x_wconf 88' lang='lat' dir='ltr'><strong>habuit</strong></span> <span class='ocrx_word' id='word_1_59' title='bbox 812 846 871 893; x_wconf 93' lang='lat' dir='ltr'><strong>cor</strong></span> <span class='ocrx_word' id='word_1_60' title='bbox 894 823 1062 915; x_wconf 88' lang='lat' dir='ltr'><strong>repletum</strong></span> <span class='ocrx_word' id='word_1_61' title='bbox 1084 823 1229 894; x_wconf 89' lang='lat' dir='ltr'><strong>lumine:</strong></span> <span class='ocrx_word' id='word_1_62' title='bbox 1248 822 1406 914; x_wconf 87' lang='lat' dir='ltr'><strong>impletus</strong></span> <span class='ocrx_word' id='word_1_63' title='bbox 1418 823 1462 904; x_wconf 62' lang='lat' dir='ltr'><strong>est}</strong></span> 
     </span>
     <span class='ocr_line' id='line_1_8' title="bbox 206 912 1462 1003; baseline -0.006 -18"><span class='ocrx_word' id='word_1_64' title='bbox 206 928 319 986; x_wconf 87' lang='lat' dir='ltr'><strong>autem</strong></span> <span class='ocrx_word' id='word_1_65' title='bbox 340 915 371 984; x_wconf 88' lang='lat' dir='ltr'><strong>ai</strong></span> <span class='ocrx_word' id='word_1_66' title='bbox 395 935 534 1001; x_wconf 92' lang='lat' dir='ltr'><strong>quoque</strong></span> <span class='ocrx_word' id='word_1_67' title='bbox 557 915 696 984; x_wconf 89' lang='lat' dir='ltr'><strong>animus</strong></span> <span class='ocrx_word' id='word_1_68' title='bbox 720 914 903 1003; x_wconf 83' lang='lat' dir='ltr'><strong>voluptate,</strong></span> <span class='ocrx_word' id='word_1_69' title='bbox 922 923 956 982; x_wconf 89' lang='lat' dir='ltr'><strong>et</strong></span> <span class='ocrx_word' id='word_1_70' title='bbox 977 933 1149 1000; x_wconf 87' lang='lat' dir='ltr'><strong>quaenam</strong></span> <span class='ocrx_word' id='word_1_71' title='bbox 1174 912 1266 982; x_wconf 89' lang='lat' dir='ltr'><strong>bona</strong></span> <span class='ocrx_word' id='word_1_72' title='bbox 1281 917 1462 1003; x_wconf 62' lang='lat' dir='ltr'><strong>exspectant}</strong></span> 
     </span>
     <span class='ocr_line' id='line_1_9' title="bbox 206 998 1462 1104; baseline -0.005 -31"><span class='ocrx_word' id='word_1_73' title='bbox 206 1015 357 1085; x_wconf 82' lang='lat' dir='ltr'><strong>sanctos,</strong></span> <span class='ocrx_word' id='word_1_74' title='bbox 374 1025 435 1092; x_wconf 86' lang='lat' dir='ltr'><strong>per</strong></span> <span class='ocrx_word' id='word_1_75' title='bbox 459 1002 664 1104; x_wconf 87' lang='lat' dir='ltr'><strong>praesentia,</strong></span> <span class='ocrx_word' id='word_1_76' title='bbox 683 1003 795 1090; x_wconf 94' lang='lat' dir='ltr'><strong>quoad</strong></span> <span class='ocrx_word' id='word_1_77' title='bbox 824 1003 900 1091; x_wconf 90' lang='lat' dir='ltr'><strong>ejus</strong></span> <span class='ocrx_word' id='word_1_78' title='bbox 927 1001 1003 1071; x_wconf 93' lang='lat' dir='ltr'><strong>fieri</strong></span> <span class='ocrx_word' id='word_1_79' title='bbox 1027 1003 1149 1091; x_wconf 90' lang='lat' dir='ltr'><strong>potuit,</strong></span> <span class='ocrx_word' id='word_1_80' title='bbox 1167 1002 1329 1092; x_wconf 78' lang='lat' dir='ltr'><strong>conjecit.</strong></span> <span class='ocrx_word' id='word_1_81' title='bbox 1351 998 1462 1084; x_wconf 76' lang='lat' dir='ltr'><strong>lleindat</strong></span> 
     </span>
     <span class='ocr_line' id='line_1_10' title="bbox 208 1085 1462 1181; baseline -0.006 -19"><span class='ocrx_word' id='word_1_82' title='bbox 208 1093 267 1162; x_wconf 82' lang='lat' dir='ltr'><strong>ivit</strong></span> <span class='ocrx_word' id='word_1_83' title='bbox 290 1091 331 1162; x_wconf 90' lang='lat' dir='ltr'><strong>ed</strong></span> <span class='ocrx_word' id='word_1_84' title='bbox 359 1091 559 1172; x_wconf 81' lang='lat' dir='ltr'><strong>nundinas,</strong></span> <span class='ocrx_word' id='word_1_85' title='bbox 586 1104 624 1161; x_wconf 92' lang='lat' dir='ltr'><strong>ut</strong></span> <span class='ocrx_word' id='word_1_86' title='bbox 647 1090 898 1181; x_wconf 89' lang='lat' dir='ltr'><strong>supellectilem</strong></span> <span class='ocrx_word' id='word_1_87' title='bbox 930 1090 1106 1178; x_wconf 86' lang='lat' dir='ltr'><strong>quandam</strong></span> <span class='ocrx_word' id='word_1_88' title='bbox 1133 1102 1284 1171; x_wconf 89' lang='lat' dir='ltr'><strong>emeret,</strong></span> <span class='ocrx_word' id='word_1_89' title='bbox 1318 1103 1351 1160; x_wconf 84' lang='lat' dir='ltr'><strong>et</strong></span> <span class='ocrx_word' id='word_1_90' title='bbox 1376 1085 1462 1176; x_wconf 84' lang='lat' dir='ltr'><strong>resti-l</strong></span> 
     </span>
     <span class='ocr_line' id='line_1_11' title="bbox 209 1179 1462 1270; baseline 0 -18"><span class='ocrx_word' id='word_1_91' title='bbox 209 1193 335 1262; x_wconf 88' lang='lat' dir='ltr'><strong>menta,</strong></span> <span class='ocrx_word' id='word_1_92' title='bbox 362 1190 399 1250; x_wconf 91' lang='lat' dir='ltr'><strong>ut</strong></span> <span class='ocrx_word' id='word_1_93' title='bbox 427 1181 470 1251; x_wconf 89' lang='lat' dir='ltr'><strong>iis</strong></span> <span class='ocrx_word' id='word_1_94' title='bbox 494 1179 652 1250; x_wconf 86' lang='lat' dir='ltr'><strong>indueret</strong></span> <span class='ocrx_word' id='word_1_95' title='bbox 676 1202 846 1270; x_wconf 78' lang='lat' dir='ltr'>pauperes</span> <span class='ocrx_word' id='word_1_96' title='bbox 864 1191 900 1249; x_wconf 87' lang='grc' dir='ltr'><strong>ιι</strong></span> <span class='ocrx_word' id='word_1_97' title='bbox 919 1201 1064 1270; x_wconf 89' lang='lat' dir='ltr'><strong>egenos,</strong></span> <span class='ocrx_word' id='word_1_98' title='bbox 1083 1193 1201 1270; x_wconf 87' lang='lat' dir='ltr'><strong>utpote</strong></span> <span class='ocrx_word' id='word_1_99' title='bbox 1224 1179 1316 1267; x_wconf 93' lang='lat' dir='ltr'><strong>quod</strong></span> <span class='ocrx_word' id='word_1_100' title='bbox 1343 1179 1462 1267; x_wconf 85' lang='lat' dir='ltr'><strong>tempusl</strong></span> 
     </span>
     <span class='ocr_line' id='line_1_12' title="bbox 207 1259 1462 1358; baseline -0.006 -18"><span class='ocrx_word' id='word_1_101' title='bbox 207 1270 291 1340; x_wconf 83' lang='lat' dir='ltr'><strong>anni</strong></span> <span class='ocrx_word' id='word_1_102' title='bbox 314 1269 357 1339; x_wconf 88' lang='lat' dir='ltr'><strong>ad</strong></span> <span class='ocrx_word' id='word_1_103' title='bbox 382 1269 417 1340; x_wconf 91' lang='lat' dir='ltr'><strong>id</strong></span> <span class='ocrx_word' id='word_1_104' title='bbox 442 1282 594 1338; x_wconf 85' lang='lat' dir='ltr'><strong>vocaret:</strong></span> <span class='ocrx_word' id='word_1_105' title='bbox 621 1270 799 1339; x_wconf 88' lang='lat' dir='ltr'><strong>eratenim</strong></span> <span class='ocrx_word' id='word_1_106' title='bbox 818 1268 942 1358; x_wconf 82' lang='lat' dir='ltr'><strong>lrigus.</strong></span> <span class='ocrx_word' id='word_1_107' title='bbox 958 1273 1041 1338; x_wconf 77' lang='lat' dir='ltr'><strong>ilum</strong></span> <span class='ocrx_word' id='word_1_108' title='bbox 1059 1290 1099 1338; x_wconf 87' lang='lat' dir='ltr'><strong>ea</strong></span> <span class='ocrx_word' id='word_1_109' title='bbox 1122 1290 1204 1358; x_wconf 86' lang='lat' dir='ltr'><strong>ergo</strong></span> <span class='ocrx_word' id='word_1_110' title='bbox 1219 1267 1424 1348; x_wconf 82' lang='lat' dir='ltr'><strong>adornasset,</strong></span> <span class='ocrx_word' id='word_1_111' title='bbox 1435 1259 1462 1350; x_wconf 88' lang='lat' dir='ltr'><strong>etl</strong></span> 
     </span>
     <span class='ocr_line' id='line_1_13' title="bbox 207 1357 1462 1446; baseline -0.006 -18"><span class='ocrx_word' id='word_1_112' title='bbox 207 1359 354 1428; x_wconf 90' lang='lat' dir='ltr'><strong>domum</strong></span> <span class='ocrx_word' id='word_1_113' title='bbox 383 1358 537 1430; x_wconf 90' lang='lat' dir='ltr'><strong>eundum</strong></span> <span class='ocrx_word' id='word_1_114' title='bbox 562 1370 662 1438; x_wconf 87' lang='lat' dir='ltr'><strong>esset,</strong></span> <span class='ocrx_word' id='word_1_115' title='bbox 692 1380 762 1428; x_wconf 89' lang='lat' dir='ltr'><strong>usu</strong></span> <span class='ocrx_word' id='word_1_116' title='bbox 784 1359 831 1428; x_wconf 93' lang='grc' dir='ltr'><strong>ιιι</strong></span> <span class='ocrx_word' id='word_1_117' title='bbox 855 1369 1038 1446; x_wconf 87' lang='lat' dir='ltr'><strong>poscente,</strong></span> <span class='ocrx_word' id='word_1_118' title='bbox 1063 1370 1140 1428; x_wconf 89' lang='lat' dir='ltr'><strong>erat</strong></span> <span class='ocrx_word' id='word_1_119' title='bbox 1159 1357 1303 1446; x_wconf 91' lang='lat' dir='ltr'><strong>quidem</strong></span> <span class='ocrx_word' id='word_1_120' title='bbox 1332 1358 1462 1442; x_wconf 69' lang='lat' dir='ltr'><strong>nubium}</strong></span> 
     </span>
     <span class='ocr_line' id='line_1_14' title="bbox 207 1444 1462 1537; baseline -0.005 -20"><span class='ocrx_word' id='word_1_121' title='bbox 207 1469 410 1530; x_wconf 74' lang='lat' dir='ltr'><strong>concursus,</strong></span> <span class='ocrx_word' id='word_1_122' title='bbox 429 1460 467 1517; x_wconf 92' lang='lat' dir='ltr'><strong>ut</strong></span> <span class='ocrx_word' id='word_1_123' title='bbox 481 1447 566 1518; x_wconf 88' lang='lat' dir='ltr'><strong>solet</strong></span> <span class='ocrx_word' id='word_1_124' title='bbox 579 1448 715 1537; x_wconf 80' lang='lat' dir='ltr'>hyeme:</span> <span class='ocrx_word' id='word_1_125' title='bbox 731 1447 991 1517; x_wconf 87' lang='lat' dir='ltr'><strong>intentabantur</strong></span> <span class='ocrx_word' id='word_1_126' title='bbox 1005 1459 1119 1516; x_wconf 90' lang='lat' dir='ltr'><strong>eutem</strong></span> <span class='ocrx_word' id='word_1_127' title='bbox 1139 1445 1254 1516; x_wconf 89' lang='lat' dir='ltr'><strong>minae</strong></span> <span class='ocrx_word' id='word_1_128' title='bbox 1271 1444 1462 1534; x_wconf 76' lang='lat' dir='ltr'><strong>vehementisl</strong></span> 
     </span>
     <span class='ocr_line' id='line_1_15' title="bbox 208 1535 1462 1628; baseline -0.006 -22"><span class='ocrx_word' id='word_1_129' title='bbox 208 1536 345 1607; x_wconf 85' lang='lat' dir='ltr'><strong>laturae</strong></span> <span class='ocrx_word' id='word_1_130' title='bbox 368 1536 522 1628; x_wconf 65' lang='lat' dir='ltr'><strong>pluviam</strong></span> <span class='ocrx_word' id='word_1_131' title='bbox 547 1547 582 1606; x_wconf 91' lang='lat' dir='ltr'><strong>et</strong></span> <span class='ocrx_word' id='word_1_132' title='bbox 604 1557 671 1606; x_wconf 93' lang='lat' dir='ltr'><strong>non</strong></span> <span class='ocrx_word' id='word_1_133' title='bbox 698 1557 823 1626; x_wconf 89' lang='lat' dir='ltr'><strong>parum</strong></span> <span class='ocrx_word' id='word_1_134' title='bbox 847 1547 921 1605; x_wconf 88' lang='lat' dir='ltr'><strong>erat</strong></span> <span class='ocrx_word' id='word_1_135' title='bbox 945 1535 1125 1617; x_wconf 89' lang='lat' dir='ltr'><strong>sollicitus,</strong></span> <span class='ocrx_word' id='word_1_136' title='bbox 1145 1557 1229 1606; x_wconf 91' lang='lat' dir='ltr'><strong>num</strong></span> <span class='ocrx_word' id='word_1_137' title='bbox 1256 1536 1305 1605; x_wconf 86' lang='lat' dir='ltr'><strong>ita</strong></span> <span class='ocrx_word' id='word_1_138' title='bbox 1322 1535 1462 1610; x_wconf 73' lang='lat' dir='ltr'><strong>euterun</strong></span> 
     </span>
     <span class='ocr_line' id='line_1_16' title="bbox 209 1623 1458 1714; baseline -0.008 -18"><span class='ocrx_word' id='word_1_139' title='bbox 209 1647 289 1696; x_wconf 86' lang='lat' dir='ltr'><strong>cum</strong></span> <span class='ocrx_word' id='word_1_140' title='bbox 318 1647 408 1697; x_wconf 88' lang='lat' dir='ltr'><strong>onus</strong></span> <span class='ocrx_word' id='word_1_141' title='bbox 432 1624 631 1696; x_wconf 74' lang='lat' dir='ltr'>tradidisset</span> <span class='ocrx_word' id='word_1_142' title='bbox 653 1625 812 1714; x_wconf 87' lang='lat' dir='ltr'><strong>pluviae,</strong></span> <span class='ocrx_word' id='word_1_143' title='bbox 844 1624 983 1696; x_wconf 88' lang='lat' dir='ltr'><strong>deberet</strong></span> <span class='ocrx_word' id='word_1_144' title='bbox 1014 1623 1219 1714; x_wconf 89' lang='lat' dir='ltr'><strong>compendio</strong></span> <span class='ocrx_word' id='word_1_145' title='bbox 1250 1624 1392 1694; x_wconf 87' lang='lat' dir='ltr'><strong>domum</strong></span> <span class='ocrx_word' id='word_1_146' title='bbox 1413 1623 1458 1690; x_wconf 88' lang='lat' dir='ltr'><strong>iter</strong></span> 
     </span>
     <span class='ocr_line' id='line_1_17' title="bbox 209 1711 1457 1806; baseline -0.002 -23"><span class='ocrx_word' id='word_1_147' title='bbox 209 1715 357 1806; x_wconf 87' lang='lat' dir='ltr'><strong>ingredi.</strong></span> <span class='ocrx_word' id='word_1_148' title='bbox 376 1720 504 1784; x_wconf 83' lang='lat' dir='ltr'>Bonam</span> <span class='ocrx_word' id='word_1_149' title='bbox 523 1714 637 1804; x_wconf 90' lang='lat' dir='ltr'><strong>itaque</strong></span> <span class='ocrx_word' id='word_1_150' title='bbox 652 1735 749 1805; x_wconf 89' lang='lat' dir='ltr'><strong>spem</strong></span> <span class='ocrx_word' id='word_1_151' title='bbox 767 1713 831 1784; x_wconf 89' lang='lat' dir='ltr'><strong>sibi</strong></span> <span class='ocrx_word' id='word_1_152' title='bbox 849 1713 1031 1804; x_wconf 80' lang='lat' dir='ltr'>proponit:</span> <span class='ocrx_word' id='word_1_153' title='bbox 1056 1726 1089 1782; x_wconf 90' lang='lat' dir='ltr'><strong>et</strong></span> <span class='ocrx_word' id='word_1_154' title='bbox 1107 1735 1189 1783; x_wconf 94' lang='lat' dir='ltr'><strong>cum</strong></span> <span class='ocrx_word' id='word_1_155' title='bbox 1215 1711 1457 1802; x_wconf 83' lang='lat' dir='ltr'><strong>supellectilem.</strong></span> 
     </span>
     <span class='ocr_line' id='line_1_18' title="bbox 209 1797 1458 1892; baseline -0.007 -18"><span class='ocrx_word' id='word_1_156' title='bbox 209 1817 242 1874; x_wconf 94' lang='lat' dir='ltr'><strong>et</strong></span> <span class='ocrx_word' id='word_1_157' title='bbox 265 1803 432 1892; x_wconf 91' lang='lat' dir='ltr'><strong>quicquid</strong></span> <span class='ocrx_word' id='word_1_158' title='bbox 464 1814 537 1872; x_wconf 89' lang='lat' dir='ltr'><strong>erat</strong></span> <span class='ocrx_word' id='word_1_159' title='bbox 560 1803 718 1884; x_wconf 88' lang='lat' dir='ltr'><strong>vestium,</strong></span> <span class='ocrx_word' id='word_1_160' title='bbox 746 1801 912 1892; x_wconf 82' lang='lat' dir='ltr'><strong>iumentis</strong></span> <span class='ocrx_word' id='word_1_161' title='bbox 942 1802 1177 1892; x_wconf 78' lang='lat' dir='ltr'><strong>imposuisset,</strong></span> <span class='ocrx_word' id='word_1_162' title='bbox 1202 1802 1280 1892; x_wconf 85' lang='lat' dir='ltr'><strong>ipse</strong></span> <span class='ocrx_word' id='word_1_163' title='bbox 1309 1803 1409 1872; x_wconf 90' lang='lat' dir='ltr'><strong>currit</strong></span> <span class='ocrx_word' id='word_1_164' title='bbox 1428 1797 1458 1867; x_wconf 84' lang='lat' dir='ltr'><strong>ad</strong></span> 
     </span>
     <span class='ocr_line' id='line_1_19' title="bbox 210 1890 1458 1984; baseline -0.007 -21"><span class='ocrx_word' id='word_1_165' title='bbox 210 1893 378 1984; x_wconf 89' lang='lat' dir='ltr'><strong>templum</strong></span> <span class='ocrx_word' id='word_1_166' title='bbox 407 1891 555 1974; x_wconf 82' lang='lat' dir='ltr'>Domini,</span> <span class='ocrx_word' id='word_1_167' title='bbox 581 1904 613 1961; x_wconf 93' lang='lat' dir='ltr'><strong>et</strong></span> <span class='ocrx_word' id='word_1_168' title='bbox 637 1891 750 1962; x_wconf 91' lang='lat' dir='ltr'><strong>loculo</strong></span> <span class='ocrx_word' id='word_1_169' title='bbox 780 1890 1026 1974; x_wconf 86' lang='lat' dir='ltr'><strong>circumfusus,</strong></span> <span class='ocrx_word' id='word_1_170' title='bbox 1045 1902 1078 1960; x_wconf 91' lang='lat' dir='ltr'><strong>et</strong></span> <span class='ocrx_word' id='word_1_171' title='bbox 1099 1903 1279 1981; x_wconf 77' lang='lat' dir='ltr'><strong>tamquam</strong></span> <span class='ocrx_word' id='word_1_172' title='bbox 1298 1893 1406 1962; x_wconf 88' lang='lat' dir='ltr'><strong>virum</strong></span> <span class='ocrx_word' id='word_1_173' title='bbox 1421 1908 1458 1956; x_wconf 84' lang='grc' dir='ltr'><strong>ιι</strong></span> 
     </span>
     <span class='ocr_line' id='line_1_20' title="bbox 210 1979 1458 2072; baseline -0.007 -21"><span class='ocrx_word' id='word_1_174' title='bbox 210 1981 330 2052; x_wconf 89' lang='lat' dir='ltr'><strong>deuter</strong></span> <span class='ocrx_word' id='word_1_175' title='bbox 348 1981 540 2072; x_wconf 82' lang='lat' dir='ltr'><strong>amplexus,</strong></span> <span class='ocrx_word' id='word_1_176' title='bbox 563 1993 671 2070; x_wconf 87' lang='lat' dir='ltr'><strong>rogat,</strong></span> <span class='ocrx_word' id='word_1_177' title='bbox 690 1995 729 2052; x_wconf 89' lang='lat' dir='ltr'><strong>ut</strong></span> <span class='ocrx_word' id='word_1_178' title='bbox 751 1979 796 2050; x_wconf 89' lang='lat' dir='ltr'><strong>sit</strong></span> <span class='ocrx_word' id='word_1_179' title='bbox 818 1980 850 2050; x_wconf 92' lang='lat' dir='ltr'><strong>ei</strong></span> <span class='ocrx_word' id='word_1_180' title='bbox 867 1981 940 2050; x_wconf 86' lang='lat' dir='ltr'><strong>viae</strong></span> <span class='ocrx_word' id='word_1_181' title='bbox 963 2001 1079 2050; x_wconf 88' lang='lat' dir='ltr'><strong>comes</strong></span> <span class='ocrx_word' id='word_1_182' title='bbox 1102 1992 1136 2050; x_wconf 91' lang='lat' dir='ltr'><strong>et</strong></span> <span class='ocrx_word' id='word_1_183' title='bbox 1154 1980 1269 2050; x_wconf 89' lang='lat' dir='ltr'><strong>bonus</strong></span> <span class='ocrx_word' id='word_1_184' title='bbox 1285 1980 1367 2059; x_wconf 88' lang='lat' dir='ltr'><strong>dux,</strong></span> <span class='ocrx_word' id='word_1_185' title='bbox 1381 1979 1458 2064; x_wconf 86' lang='lat' dir='ltr'><strong>siqua</strong></span> 
     </span>
     <span class='ocr_line' id='line_1_21' title="bbox 209 2068 1458 2158; baseline -0.008 -18"><span class='ocrx_word' id='word_1_186' title='bbox 209 2082 242 2140; x_wconf 91' lang='lat' dir='ltr'><strong>et</strong></span> <span class='ocrx_word' id='word_1_187' title='bbox 266 2071 339 2142; x_wconf 89' lang='lat' dir='ltr'><strong>suis</strong></span> <span class='ocrx_word' id='word_1_188' title='bbox 354 2071 519 2140; x_wconf 89' lang='lat' dir='ltr'><strong>omnibus</strong></span> <span class='ocrx_word' id='word_1_189' title='bbox 542 2069 694 2140; x_wconf 91' lang='lat' dir='ltr'><strong>laustum</strong></span> <span class='ocrx_word' id='word_1_190' title='bbox 715 2083 747 2140; x_wconf 89' lang='lat' dir='ltr'><strong>et</strong></span> <span class='ocrx_word' id='word_1_191' title='bbox 766 2069 845 2138; x_wconf 81' lang='lat' dir='ltr'>felix</span> <span class='ocrx_word' id='word_1_192' title='bbox 868 2069 933 2139; x_wconf 88' lang='lat' dir='ltr'><strong>iter</strong></span> <span class='ocrx_word' id='word_1_193' title='bbox 949 2069 1121 2158; x_wconf 90' lang='lat' dir='ltr'><strong>praebeat,</strong></span> <span class='ocrx_word' id='word_1_194' title='bbox 1139 2068 1308 2140; x_wconf 92' lang='lat' dir='ltr'><strong>imbrium</strong></span> <span class='ocrx_word' id='word_1_195' title='bbox 1326 2070 1458 2140; x_wconf 87' lang='lat' dir='ltr'><strong>minaset</strong></span> 
     </span>
     <span class='ocr_line' id='line_1_22' title="bbox 212 2155 1457 2248; baseline -0.003 -22"><span class='ocrx_word' id='word_1_196' title='bbox 212 2161 277 2228; x_wconf 85' lang='lat' dir='ltr'><strong>rim</strong></span> <span class='ocrx_word' id='word_1_197' title='bbox 297 2159 490 2248; x_wconf 88' lang='lat' dir='ltr'><strong>reprimens</strong></span> <span class='ocrx_word' id='word_1_198' title='bbox 514 2172 705 2228; x_wconf 87' lang='lat' dir='ltr'><strong>ventorum.</strong></span> <span class='ocrx_word' id='word_1_199' title='bbox 726 2157 787 2227; x_wconf 88' lang='lat' dir='ltr'><strong>Ille</strong></span> <span class='ocrx_word' id='word_1_200' title='bbox 805 2157 945 2245; x_wconf 90' lang='lat' dir='ltr'><strong>quidem</strong></span> <span class='ocrx_word' id='word_1_201' title='bbox 966 2157 1052 2227; x_wconf 89' lang='lat' dir='ltr'><strong>haec</strong></span> <span class='ocrx_word' id='word_1_202' title='bbox 1069 2169 1239 2248; x_wconf 87' lang='lat' dir='ltr'><strong>precatus,</strong></span> <span class='ocrx_word' id='word_1_203' title='bbox 1259 2159 1327 2228; x_wconf 81' lang='lat' dir='ltr'><strong>exit</strong></span> <span class='ocrx_word' id='word_1_204' title='bbox 1345 2155 1457 2228; x_wconf 75' lang='lat' dir='ltr'><strong>elrinr</strong></span> 
     </span>
     <span class='ocr_line' id='line_1_23' title="bbox 212 2245 1457 2338; baseline -0.007 -21"><span class='ocrx_word' id='word_1_205' title='bbox 212 2248 404 2338; x_wconf 86' lang='lat' dir='ltr'><strong>mythunte.</strong></span> <span class='ocrx_word' id='word_1_206' title='bbox 427 2251 572 2317; x_wconf 81' lang='lat' dir='ltr'><strong>Sanctus</strong></span> <span class='ocrx_word' id='word_1_207' title='bbox 595 2260 724 2329; x_wconf 92' lang='lat' dir='ltr'><strong>autem,</strong></span> <span class='ocrx_word' id='word_1_208' title='bbox 745 2247 836 2318; x_wconf 87' lang='lat' dir='ltr'><strong>sicut</strong></span> <span class='ocrx_word' id='word_1_209' title='bbox 859 2248 934 2336; x_wconf 92' lang='lat' dir='ltr'><strong>ipse</strong></span> <span class='ocrx_word' id='word_1_210' title='bbox 957 2246 1068 2316; x_wconf 91' lang='lat' dir='ltr'><strong>luerat</strong></span> <span class='ocrx_word' id='word_1_211' title='bbox 1117 2259 1266 2329; x_wconf 90' lang='lat' dir='ltr'><strong>recatus,</strong></span> <span class='ocrx_word' id='word_1_212' title='bbox 1285 2269 1354 2317; x_wconf 94' lang='lat' dir='ltr'><strong>non</strong></span> <span class='ocrx_word' id='word_1_213' title='bbox 1370 2245 1457 2316; x_wconf 89' lang='lat' dir='ltr'><strong>solun</strong></span> 
     </span>
    </p>
   </div>
   <div class='ocr_carea' id='block_1_4' title="bbox 211 2269 1456 2428">
    <p class='ocr_par' dir='ltr' id='par_1_4' title="bbox 211 2269 1456 2428">
     <span class='ocr_line' id='line_1_24' title="bbox 211 2269 1456 2428; baseline -0.006 -23"><span class='ocrx_word' id='word_1_214' title='bbox 211 2336 350 2428; x_wconf 80' lang='lat' dir='ltr'><strong>fugiens</strong></span> <span class='ocrx_word' id='word_1_215' title='bbox 373 2336 544 2417; x_wconf 90' lang='lat' dir='ltr'><strong>obtutum,</strong></span> <span class='ocrx_word' id='word_1_216' title='bbox 570 2335 629 2406; x_wconf 89' lang='lat' dir='ltr'><strong>sed</strong></span> <span class='ocrx_word' id='word_1_217' title='bbox 656 2335 759 2406; x_wconf 89' lang='lat' dir='ltr'><strong>etiam</strong></span> <span class='ocrx_word' id='word_1_218' title='bbox 783 2336 911 2406; x_wconf 88' lang='lat' dir='ltr'><strong>cadens</strong></span> <span class='ocrx_word' id='word_1_219' title='bbox 934 2335 1001 2406; x_wconf 89' lang='lat' dir='ltr'><strong>sub</strong></span> <span class='ocrx_word' id='word_1_220' title='bbox 1029 2269 1159 2417; x_wconf 56' lang='lat' dir='ltr'><strong>oculos,</strong></span> <span class='ocrx_word' id='word_1_221' title='bbox 1183 2357 1245 2425; x_wconf 95' lang='lat' dir='ltr'><strong>per</strong></span> <span class='ocrx_word' id='word_1_222' title='bbox 1265 2348 1368 2406; x_wconf 89' lang='lat' dir='ltr'><strong>totam</strong></span> <span class='ocrx_word' id='word_1_223' title='bbox 1392 2334 1456 2402; x_wconf 83' lang='lat' dir='ltr'><strong>rien</strong></span> 
     </span>
    </p>
   </div>
   <div class='ocr_carea' id='block_1_5' title="bbox 211 2424 1458 4475">
    <p class='ocr_par' dir='ltr' id='par_1_5' title="bbox 211 2424 1458 3404">
     <span class='ocr_line' id='line_1_25' title="bbox 211 2424 1457 2514; baseline -0.003 -20"><span class='ocrx_word' id='word_1_224' title='bbox 211 2425 318 2496; x_wconf 90' lang='lat' dir='ltr'><strong>simul</strong></span> <span class='ocrx_word' id='word_1_225' title='bbox 341 2425 470 2506; x_wconf 89' lang='lat' dir='ltr'><strong>aderat,</strong></span> <span class='ocrx_word' id='word_1_226' title='bbox 496 2436 672 2514; x_wconf 77' lang='lat' dir='ltr'><strong>tamquam</strong></span> <span class='ocrx_word' id='word_1_227' title='bbox 698 2446 791 2496; x_wconf 89' lang='lat' dir='ltr'><strong>unus</strong></span> <span class='ocrx_word' id='word_1_228' title='bbox 813 2447 854 2495; x_wconf 82' lang='lat' dir='ltr'><strong>ex</strong></span> <span class='ocrx_word' id='word_1_229' title='bbox 877 2424 1079 2495; x_wconf 86' lang='lat' dir='ltr'><strong>viatoribus.</strong></span> <span class='ocrx_word' id='word_1_230' title='bbox 1104 2424 1226 2494; x_wconf 85' lang='lat' dir='ltr'><strong>Pluvia</strong></span> <span class='ocrx_word' id='word_1_231' title='bbox 1248 2447 1330 2496; x_wconf 81' lang='lat' dir='ltr'><strong>vero</strong></span> <span class='ocrx_word' id='word_1_232' title='bbox 1353 2447 1388 2494; x_wconf 87' lang='grc' dir='ltr'><strong>ιι</strong></span> <span class='ocrx_word' id='word_1_233' title='bbox 1401 2439 1457 2490; x_wconf 86' lang='lat' dir='ltr'><strong>col·</strong></span> 
     </span>
     <span class='ocr_line' id='line_1_26' title="bbox 213 2511 1456 2605; baseline -0.002 -23"><span class='ocrx_word' id='word_1_234' title='bbox 213 2515 346 2585; x_wconf 84' lang='lat' dir='ltr'><strong>lusione</strong></span> <span class='ocrx_word' id='word_1_235' title='bbox 366 2515 466 2594; x_wconf 73' lang='lat' dir='ltr'><strong>aeris,</strong></span> <span class='ocrx_word' id='word_1_236' title='bbox 485 2525 518 2583; x_wconf 89' lang='lat' dir='ltr'><strong>et</strong></span> <span class='ocrx_word' id='word_1_237' title='bbox 533 2535 708 2584; x_wconf 81' lang='lat' dir='ltr'><strong>concursu</strong></span> <span class='ocrx_word' id='word_1_238' title='bbox 731 2514 891 2596; x_wconf 90' lang='lat' dir='ltr'><strong>nubium,</strong></span> <span class='ocrx_word' id='word_1_239' title='bbox 908 2525 947 2583; x_wconf 88' lang='lat' dir='ltr'><strong>ut</strong></span> <span class='ocrx_word' id='word_1_240' title='bbox 971 2512 1076 2584; x_wconf 88' lang='lat' dir='ltr'><strong>semel</strong></span> <span class='ocrx_word' id='word_1_241' title='bbox 1100 2512 1228 2594; x_wconf 91' lang='lat' dir='ltr'><strong>dicam,</strong></span> <span class='ocrx_word' id='word_1_242' title='bbox 1248 2511 1456 2605; x_wconf 82' lang='lat' dir='ltr'><strong>impendebat:</strong></span> 
     </span>
     <span class='ocr_line' id='line_1_27' title="bbox 211 2600 1455 2695; baseline -0.007 -22"><span class='ocrx_word' id='word_1_243' title='bbox 211 2605 286 2691; x_wconf 91' lang='lat' dir='ltr'><strong>ejus</strong></span> <span class='ocrx_word' id='word_1_244' title='bbox 313 2615 429 2673; x_wconf 81' lang='lat' dir='ltr'><strong>sutem</strong></span> <span class='ocrx_word' id='word_1_245' title='bbox 453 2601 578 2672; x_wconf 85' lang='lat' dir='ltr'><strong>virtute</strong></span> <span class='ocrx_word' id='word_1_246' title='bbox 601 2600 838 2685; x_wconf 76' lang='lat' dir='ltr'><strong>cohibebatur,</strong></span> <span class='ocrx_word' id='word_1_247' title='bbox 856 2615 890 2672; x_wconf 90' lang='lat' dir='ltr'><strong>et</strong></span> <span class='ocrx_word' id='word_1_248' title='bbox 921 2602 1174 2693; x_wconf 81' lang='lat' dir='ltr'><strong>reprimebatur</strong></span> <span class='ocrx_word' id='word_1_249' title='bbox 1193 2601 1294 2673; x_wconf 88' lang='lat' dir='ltr'><strong>illius</strong></span> <span class='ocrx_word' id='word_1_250' title='bbox 1321 2604 1455 2695; x_wconf 82' lang='lat' dir='ltr'><strong>impetus.</strong></span> 
     </span>
     <span class='ocr_line' id='line_1_28' title="bbox 212 2690 1456 2780; baseline -0.004 -20"><span class='ocrx_word' id='word_1_251' title='bbox 212 2691 357 2774; x_wconf 81' lang='lat' dir='ltr'><strong>Quando</strong></span> <span class='ocrx_word' id='word_1_252' title='bbox 381 2711 459 2761; x_wconf 87' lang='lat' dir='ltr'><strong>raro</strong></span> <span class='ocrx_word' id='word_1_253' title='bbox 482 2691 513 2761; x_wconf 93' lang='lat' dir='ltr'><strong>is</strong></span> <span class='ocrx_word' id='word_1_254' title='bbox 538 2693 691 2780; x_wconf 89' lang='lat' dir='ltr'><strong>pervenit</strong></span> <span class='ocrx_word' id='word_1_255' title='bbox 706 2691 863 2774; x_wconf 91' lang='lat' dir='ltr'><strong>domum,</strong></span> <span class='ocrx_word' id='word_1_256' title='bbox 887 2691 944 2762; x_wconf 91' lang='lat' dir='ltr'><strong>ille</strong></span> <span class='ocrx_word' id='word_1_257' title='bbox 966 2691 1107 2777; x_wconf 90' lang='lat' dir='ltr'><strong>quidem</strong></span> <span class='ocrx_word' id='word_1_258' title='bbox 1126 2690 1288 2780; x_wconf 90' lang='lat' dir='ltr'><strong>protinus</strong></span> <span class='ocrx_word' id='word_1_259' title='bbox 1301 2696 1456 2762; x_wconf 67' lang='lat' dir='ltr'><strong>erenum:</strong></span> 
     </span>
     <span class='ocr_line' id='line_1_29' title="bbox 212 2771 1457 2871; baseline -0.006 -22"><span class='ocrx_word' id='word_1_260' title='bbox 212 2781 287 2870; x_wconf 85' lang='lat' dir='ltr'><strong>ejus</strong></span> <span class='ocrx_word' id='word_1_261' title='bbox 310 2795 424 2850; x_wconf 89' lang='lat' dir='ltr'><strong>autem</strong></span> <span class='ocrx_word' id='word_1_262' title='bbox 449 2801 508 2850; x_wconf 88' lang='lat' dir='ltr'><strong>cor</strong></span> <span class='ocrx_word' id='word_1_263' title='bbox 531 2801 653 2850; x_wconf 89' lang='lat' dir='ltr'><strong>rursus</strong></span> <span class='ocrx_word' id='word_1_264' title='bbox 677 2781 844 2851; x_wconf 85' lang='lat' dir='ltr'><strong>ineffabili</strong></span> <span class='ocrx_word' id='word_1_265' title='bbox 868 2779 946 2850; x_wconf 89' lang='lat' dir='ltr'><strong>luce</strong></span> <span class='ocrx_word' id='word_1_266' title='bbox 960 2779 1210 2862; x_wconf 85' lang='lat' dir='ltr'><strong>illustrabatur,</strong></span> <span class='ocrx_word' id='word_1_267' title='bbox 1228 2793 1264 2850; x_wconf 89' lang='lat' dir='ltr'><strong>et</strong></span> <span class='ocrx_word' id='word_1_268' title='bbox 1280 2771 1457 2871; x_wconf 86' lang='lat' dir='ltr'><strong>gaudiodil·</strong></span> 
     </span>
     <span class='ocr_line' id='line_1_30' title="bbox 214 2869 1457 2960; baseline 0 -23"><span class='ocrx_word' id='word_1_269' title='bbox 214 2869 434 2939; x_wconf 92' lang='lat' dir='ltr'><strong>l&#39;undebatur:</strong></span> <span class='ocrx_word' id='word_1_270' title='bbox 462 2869 605 2959; x_wconf 85' lang='lat' dir='ltr'><strong>perinde</strong></span> <span class='ocrx_word' id='word_1_271' title='bbox 628 2891 668 2939; x_wconf 92' lang='lat' dir='ltr'><strong>ac</strong></span> <span class='ocrx_word' id='word_1_272' title='bbox 692 2870 722 2939; x_wconf 89' lang='lat' dir='ltr'><strong>si</strong></span> <span class='ocrx_word' id='word_1_273' title='bbox 742 2873 889 2940; x_wconf 83' lang='lat' dir='ltr'><strong>Sanetus</strong></span> <span class='ocrx_word' id='word_1_274' title='bbox 912 2869 948 2939; x_wconf 93' lang='lat' dir='ltr'><strong>id</strong></span> <span class='ocrx_word' id='word_1_275' title='bbox 971 2869 1149 2958; x_wconf 84' lang='lat' dir='ltr'><strong>tetigisset,</strong></span> <span class='ocrx_word' id='word_1_276' title='bbox 1168 2881 1201 2939; x_wconf 92' lang='lat' dir='ltr'><strong>et</strong></span> <span class='ocrx_word' id='word_1_277' title='bbox 1223 2870 1342 2960; x_wconf 90' lang='lat' dir='ltr'><strong>ipsum</strong></span> <span class='ocrx_word' id='word_1_278' title='bbox 1359 2869 1457 2955; x_wconf 83' lang='lat' dir='ltr'><strong>inper-</strong></span> 
     </span>
     <span class='ocr_line' id='line_1_31' title="bbox 215 2957 1457 3048; baseline -0.003 -22"><span class='ocrx_word' id='word_1_279' title='bbox 215 2958 322 3027; x_wconf 87' lang='lat' dir='ltr'><strong>tiisset</strong></span> <span class='ocrx_word' id='word_1_280' title='bbox 337 2980 399 3028; x_wconf 91' lang='lat' dir='ltr'><strong>sua</strong></span> <span class='ocrx_word' id='word_1_281' title='bbox 417 2957 545 3028; x_wconf 86' lang='lat' dir='ltr'><strong>laetitia</strong></span> <span class='ocrx_word' id='word_1_282' title='bbox 567 2971 600 3027; x_wconf 89' lang='lat' dir='ltr'><strong>et</strong></span> <span class='ocrx_word' id='word_1_283' title='bbox 623 2957 807 3048; x_wconf 83' lang='lat' dir='ltr'><strong>voluptate.</strong></span> <span class='ocrx_word' id='word_1_284' title='bbox 831 2963 914 3028; x_wconf 82' lang='lat' dir='ltr'><strong>Cum</strong></span> <span class='ocrx_word' id='word_1_285' title='bbox 939 2972 1053 3028; x_wconf 89' lang='lat' dir='ltr'><strong>autem</strong></span> <span class='ocrx_word' id='word_1_286' title='bbox 1072 2963 1220 3028; x_wconf 83' lang='lat' dir='ltr'><strong>Sanetus</strong></span> <span class='ocrx_word' id='word_1_287' title='bbox 1237 2959 1378 3046; x_wconf 91' lang='lat' dir='ltr'><strong>quidem</strong></span> <span class='ocrx_word' id='word_1_288' title='bbox 1402 2971 1457 3022; x_wconf 79' lang='lat' dir='ltr'><strong>era·</strong></span> 
     </span>
     <span class='ocr_line' id='line_1_32' title="bbox 216 3043 1457 3138; baseline -0.004 -24"><span class='ocrx_word' id='word_1_289' title='bbox 216 3046 358 3128; x_wconf 84' lang='lat' dir='ltr'><strong>auisset,</strong></span> <span class='ocrx_word' id='word_1_290' title='bbox 373 3048 425 3116; x_wconf 89' lang='lat' dir='ltr'><strong>vir</strong></span> <span class='ocrx_word' id='word_1_291' title='bbox 439 3069 517 3116; x_wconf 85' lang='lat' dir='ltr'><strong>vero</strong></span> <span class='ocrx_word' id='word_1_292' title='bbox 534 3046 678 3117; x_wconf 88' lang='lat' dir='ltr'><strong>domum</strong></span> <span class='ocrx_word' id='word_1_293' title='bbox 692 3059 781 3117; x_wconf 88' lang='lat' dir='ltr'><strong>esset</strong></span> <span class='ocrx_word' id='word_1_294' title='bbox 797 3048 989 3138; x_wconf 88' lang='lat' dir='ltr'><strong>ingressus,</strong></span> <span class='ocrx_word' id='word_1_295' title='bbox 1005 3047 1120 3117; x_wconf 85' lang='lat' dir='ltr'><strong>statim</strong></span> <span class='ocrx_word' id='word_1_296' title='bbox 1138 3046 1281 3133; x_wconf 90' lang='lat' dir='ltr'><strong>quidem</strong></span> <span class='ocrx_word' id='word_1_297' title='bbox 1298 3043 1457 3120; x_wconf 83' lang='lat' dir='ltr'><strong>admodum</strong></span> 
     </span>
     <span class='ocr_line' id='line_1_33' title="bbox 215 3135 1458 3224; baseline -0.002 -21"><span class='ocrx_word' id='word_1_298' title='bbox 215 3135 397 3205; x_wconf 81' lang='lat' dir='ltr'><strong>venemens</strong></span> <span class='ocrx_word' id='word_1_299' title='bbox 414 3136 531 3224; x_wconf 90' lang='lat' dir='ltr'><strong>pluvia</strong></span> <span class='ocrx_word' id='word_1_300' title='bbox 547 3149 598 3206; x_wconf 89' lang='lat' dir='ltr'><strong>est</strong></span> <span class='ocrx_word' id='word_1_301' title='bbox 613 3148 809 3207; x_wconf 88' lang='lat' dir='ltr'><strong>consecuta:</strong></span> <span class='ocrx_word' id='word_1_302' title='bbox 828 3157 917 3224; x_wconf 91' lang='lat' dir='ltr'><strong>quae</strong></span> <span class='ocrx_word' id='word_1_303' title='bbox 942 3135 1077 3206; x_wconf 89' lang='lat' dir='ltr'><strong>tamdiu</strong></span> <span class='ocrx_word' id='word_1_304' title='bbox 1095 3135 1243 3218; x_wconf 84' lang='lat' dir='ltr'><strong>duravit,</strong></span> <span class='ocrx_word' id='word_1_305' title='bbox 1260 3149 1301 3207; x_wconf 88' lang='lat' dir='ltr'><strong>ut</strong></span> <span class='ocrx_word' id='word_1_306' title='bbox 1319 3148 1382 3207; x_wconf 88' lang='lat' dir='ltr'><strong>tres</strong></span> <span class='ocrx_word' id='word_1_307' title='bbox 1395 3143 1458 3201; x_wconf 81' lang='lat' dir='ltr'><strong>totu</strong></span> 
     </span>
     <span class='ocr_line' id='line_1_34' title="bbox 213 3217 1457 3314; baseline -0.003 -20"><span class='ocrx_word' id='word_1_308' title='bbox 213 3224 288 3294; x_wconf 89' lang='lat' dir='ltr'><strong>dies</strong></span> <span class='ocrx_word' id='word_1_309' title='bbox 319 3247 385 3294; x_wconf 92' lang='lat' dir='ltr'><strong>non</strong></span> <span class='ocrx_word' id='word_1_310' title='bbox 412 3224 583 3294; x_wconf 83' lang='lat' dir='ltr'><strong>deiecerit.</strong></span> <span class='ocrx_word' id='word_1_311' title='bbox 611 3229 649 3294; x_wconf 82' lang='lat' dir='ltr'><strong>tlt</strong></span> <span class='ocrx_word' id='word_1_312' title='bbox 672 3238 756 3296; x_wconf 91' lang='lat' dir='ltr'><strong>tunc</strong></span> <span class='ocrx_word' id='word_1_313' title='bbox 780 3225 920 3314; x_wconf 93' lang='lat' dir='ltr'><strong>quidem</strong></span> <span class='ocrx_word' id='word_1_314' title='bbox 945 3225 995 3295; x_wconf 90' lang='lat' dir='ltr'><strong>sic</strong></span> <span class='ocrx_word' id='word_1_315' title='bbox 1019 3226 1093 3295; x_wconf 88' lang='lat' dir='ltr'><strong>viae</strong></span> <span class='ocrx_word' id='word_1_316' title='bbox 1115 3223 1371 3304; x_wconf 84' lang='lat' dir='ltr'><strong>difficultatem,</strong></span> <span class='ocrx_word' id='word_1_317' title='bbox 1394 3217 1457 3290; x_wconf 70' lang='lat' dir='ltr'><strong>alios</strong></span> 
     </span>
     <span class='ocr_line' id='line_1_35' title="bbox 214 3313 1205 3404; baseline -0.002 -22"><span class='ocrx_word' id='word_1_318' title='bbox 214 3326 327 3384; x_wconf 88' lang='lat' dir='ltr'><strong>autem</strong></span> <span class='ocrx_word' id='word_1_319' title='bbox 352 3314 382 3382; x_wconf 92' lang='lat' dir='ltr'><strong>ei</strong></span> <span class='ocrx_word' id='word_1_320' title='bbox 400 3314 501 3383; x_wconf 87' lang='lat' dir='ltr'><strong>etiam</strong></span> <span class='ocrx_word' id='word_1_321' title='bbox 519 3313 622 3384; x_wconf 90' lang='lat' dir='ltr'><strong>aliam</strong></span> <span class='ocrx_word' id='word_1_322' title='bbox 647 3313 782 3404; x_wconf 85' lang='lat' dir='ltr'><strong>depulit</strong></span> <span class='ocrx_word' id='word_1_323' title='bbox 804 3314 913 3384; x_wconf 89' lang='lat' dir='ltr'><strong>animi</strong></span> <span class='ocrx_word' id='word_1_324' title='bbox 937 3313 1205 3404; x_wconf 78' lang='lat' dir='ltr'><strong>aegritudinem.</strong></span> 
     </span>
    </p>

    <p class='ocr_par' dir='ltr' id='par_1_6' title="bbox 214 3395 1457 4184">
     <span class='ocr_line' id='line_1_36' title="bbox 257 3395 1457 3494; baseline -0.013 -20"><span class='ocrx_word' id='word_1_325' title='bbox 257 3405 276 3490; x_wconf 62' lang='grc' dir='ltr'>ᾖ</span> <span class='ocrx_word' id='word_1_326' title='bbox 293 3405 367 3474; x_wconf 68' lang='lat'><strong>88.</strong></span> <span class='ocrx_word' id='word_1_327' title='bbox 380 3402 549 3492; x_wconf 78' lang='lat' dir='ltr'><strong>Agebatur</strong></span> <span class='ocrx_word' id='word_1_328' title='bbox 562 3403 702 3492; x_wconf 91' lang='lat' dir='ltr'><strong>quidem</strong></span> <span class='ocrx_word' id='word_1_329' title='bbox 716 3403 790 3475; x_wconf 93' lang='lat' dir='ltr'><strong>dies</strong></span> <span class='ocrx_word' id='word_1_330' title='bbox 802 3403 910 3474; x_wconf 83' lang='lat' dir='ltr'><strong>leatus</strong></span> <span class='ocrx_word' id='word_1_331' title='bbox 924 3403 1041 3494; x_wconf 90' lang='lat' dir='ltr'><strong>magni</strong></span> <span class='ocrx_word' id='word_1_332' title='bbox 1057 3402 1265 3492; x_wconf 84' lang='lat' dir='ltr'><strong>spiridonis:</strong></span> <span class='ocrx_word' id='word_1_333' title='bbox 1281 3423 1347 3473; x_wconf 92' lang='lat' dir='ltr'><strong>non</strong></span> <span class='ocrx_word' id='word_1_334' title='bbox 1361 3395 1457 3470; x_wconf 87' lang='lat' dir='ltr'><strong>licebat</strong></span> 
     </span>
     <span class='ocr_line' id='line_1_37' title="bbox 214 3488 1457 3582; baseline -0.01 -20"><span class='ocrx_word' id='word_1_335' title='bbox 214 3505 328 3562; x_wconf 87' lang='lat' dir='ltr'><strong>autem</strong></span> <span class='ocrx_word' id='word_1_336' title='bbox 355 3492 436 3560; x_wconf 88' lang='lat' dir='ltr'><strong>huic</strong></span> <span class='ocrx_word' id='word_1_337' title='bbox 454 3492 525 3562; x_wconf 90' lang='lat' dir='ltr'><strong>viro</strong></span> <span class='ocrx_word' id='word_1_338' title='bbox 548 3514 591 3562; x_wconf 90' lang='lat' dir='ltr'><strong>eo</strong></span> <span class='ocrx_word' id='word_1_339' title='bbox 603 3494 730 3575; x_wconf 89' lang='lat' dir='ltr'><strong>renire;</strong></span> <span class='ocrx_word' id='word_1_340' title='bbox 749 3505 784 3563; x_wconf 88' lang='lat' dir='ltr'><strong>et</strong></span> <span class='ocrx_word' id='word_1_341' title='bbox 803 3515 843 3562; x_wconf 89' lang='lat' dir='ltr'><strong>ea</strong></span> <span class='ocrx_word' id='word_1_342' title='bbox 868 3513 923 3562; x_wconf 91' lang='lat' dir='ltr'><strong>res</strong></span> <span class='ocrx_word' id='word_1_343' title='bbox 936 3492 968 3562; x_wconf 92' lang='lat' dir='ltr'><strong>ei</strong></span> <span class='ocrx_word' id='word_1_344' title='bbox 986 3492 1156 3578; x_wconf 89' lang='lat' dir='ltr'><strong>quaedam</strong></span> <span class='ocrx_word' id='word_1_345' title='bbox 1174 3493 1293 3582; x_wconf 72' lang='lat' dir='ltr'><strong>gravis</strong></span> <span class='ocrx_word' id='word_1_346' title='bbox 1307 3488 1457 3562; x_wconf 85' lang='lat' dir='ltr'><strong>ridebatur</strong></span> 
     </span>
     <span class='ocr_line' id='line_1_38' title="bbox 214 3580 1456 3672; baseline -0.005 -20"><span class='ocrx_word' id='word_1_347' title='bbox 214 3580 405 3663; x_wconf 88' lang='lat' dir='ltr'><strong>calamitas,</strong></span> <span class='ocrx_word' id='word_1_348' title='bbox 423 3581 644 3670; x_wconf 81' lang='lat' dir='ltr'><strong>rogabatque,</strong></span> <span class='ocrx_word' id='word_1_349' title='bbox 673 3603 715 3651; x_wconf 92' lang='lat' dir='ltr'><strong>ne</strong></span> <span class='ocrx_word' id='word_1_350' title='bbox 738 3595 903 3654; x_wconf 90' lang='lat' dir='ltr'><strong>consuete</strong></span> <span class='ocrx_word' id='word_1_351' title='bbox 926 3581 1122 3652; x_wconf 82' lang='lat' dir='ltr'><strong>risitetione</strong></span> <span class='ocrx_word' id='word_1_352' title='bbox 1146 3583 1340 3672; x_wconf 86' lang='lat' dir='ltr'><strong>privaretur</strong></span> <span class='ocrx_word' id='word_1_353' title='bbox 1358 3589 1456 3672; x_wconf 62' lang='lat' dir='ltr'><strong>etgraj</strong></span> 
     </span>
     <span class='ocr_line' id='line_1_39' title="bbox 215 3660 1456 3760; baseline -0.005 -22"><span class='ocrx_word' id='word_1_354' title='bbox 215 3671 273 3738; x_wconf 92' lang='lat' dir='ltr'><strong>tia.</strong></span> <span class='ocrx_word' id='word_1_355' title='bbox 300 3669 388 3752; x_wconf 84' lang='lat' dir='ltr'><strong>Quid</strong></span> <span class='ocrx_word' id='word_1_356' title='bbox 414 3669 549 3760; x_wconf 79' lang='lat' dir='ltr'><strong>igitur?</strong></span> <span class='ocrx_word' id='word_1_357' title='bbox 578 3670 736 3742; x_wconf 85' lang='lat' dir='ltr'><strong>Nondum</strong></span> <span class='ocrx_word' id='word_1_358' title='bbox 762 3670 880 3740; x_wconf 86' lang='lat' dir='ltr'><strong>linitae</strong></span> <span class='ocrx_word' id='word_1_359' title='bbox 901 3683 1003 3740; x_wconf 93' lang='lat' dir='ltr'><strong>erant</strong></span> <span class='ocrx_word' id='word_1_360' title='bbox 1025 3691 1155 3760; x_wconf 87' lang='lat' dir='ltr'><strong>preces,</strong></span> <span class='ocrx_word' id='word_1_361' title='bbox 1175 3682 1208 3740; x_wconf 90' lang='lat' dir='ltr'><strong>et</strong></span> <span class='ocrx_word' id='word_1_362' title='bbox 1230 3672 1328 3742; x_wconf 88' lang='lat' dir='ltr'><strong>visus</strong></span> <span class='ocrx_word' id='word_1_363' title='bbox 1346 3677 1391 3738; x_wconf 85' lang='lat' dir='ltr'><strong>est</strong></span> <span class='ocrx_word' id='word_1_364' title='bbox 1408 3660 1456 3760; x_wconf 68' lang='lat' dir='ltr'><strong>sill</strong></span> 
     </span>
     <span class='ocr_line' id='line_1_40' title="bbox 215 3757 1455 3849; baseline -0.006 -22"><span class='ocrx_word' id='word_1_365' title='bbox 215 3759 265 3828; x_wconf 91' lang='lat' dir='ltr'><strong>ire</strong></span> <span class='ocrx_word' id='word_1_366' title='bbox 284 3758 327 3827; x_wconf 90' lang='lat' dir='ltr'><strong>ad</strong></span> <span class='ocrx_word' id='word_1_367' title='bbox 353 3758 534 3849; x_wconf 91' lang='lat' dir='ltr'><strong>templum,</strong></span> <span class='ocrx_word' id='word_1_368' title='bbox 556 3772 589 3829; x_wconf 87' lang='lat' dir='ltr'><strong>at</strong></span> <span class='ocrx_word' id='word_1_369' title='bbox 613 3758 717 3831; x_wconf 90' lang='lat' dir='ltr'><strong>simul</strong></span> <span class='ocrx_word' id='word_1_370' title='bbox 743 3760 840 3830; x_wconf 91' lang='lat' dir='ltr'><strong>illius</strong></span> <span class='ocrx_word' id='word_1_371' title='bbox 856 3762 964 3831; x_wconf 90' lang='lat' dir='ltr'><strong>sensit</strong></span> <span class='ocrx_word' id='word_1_372' title='bbox 987 3759 1186 3841; x_wconf 84' lang='lat' dir='ltr'><strong>adrentum,</strong></span> <span class='ocrx_word' id='word_1_373' title='bbox 1204 3757 1455 3832; x_wconf 78' lang='lat' dir='ltr'><strong>illuminationis·</strong></span> 
     </span>
     <span class='ocr_line' id='line_1_41' title="bbox 214 3847 1455 3939; baseline -0.005 -23"><span class='ocrx_word' id='word_1_374' title='bbox 214 3859 334 3935; x_wconf 85' lang='lat' dir='ltr'><strong>quaet</strong></span> <span class='ocrx_word' id='word_1_375' title='bbox 357 3847 553 3920; x_wconf 86' lang='lat' dir='ltr'><strong>dulcedinis</strong></span> <span class='ocrx_word' id='word_1_376' title='bbox 579 3847 621 3918; x_wconf 90' lang='lat' dir='ltr'><strong>de</strong></span> <span class='ocrx_word' id='word_1_377' title='bbox 646 3869 740 3919; x_wconf 87' lang='lat' dir='ltr'><strong>more</strong></span> <span class='ocrx_word' id='word_1_378' title='bbox 764 3847 829 3919; x_wconf 85' lang='lat' dir='ltr'><strong>fuit</strong></span> <span class='ocrx_word' id='word_1_379' title='bbox 852 3850 1035 3939; x_wconf 87' lang='lat' dir='ltr'><strong>particeps,</strong></span> <span class='ocrx_word' id='word_1_380' title='bbox 1061 3861 1094 3920; x_wconf 88' lang='lat' dir='ltr'><strong>et</strong></span> <span class='ocrx_word' id='word_1_381' title='bbox 1118 3849 1185 3922; x_wconf 91' lang='lat' dir='ltr'><strong>sibi</strong></span> <span class='ocrx_word' id='word_1_382' title='bbox 1209 3849 1302 3920; x_wconf 88' lang='lat' dir='ltr'><strong>visus</strong></span> <span class='ocrx_word' id='word_1_383' title='bbox 1323 3856 1370 3917; x_wconf 85' lang='lat' dir='ltr'><strong>est</strong></span> <span class='ocrx_word' id='word_1_384' title='bbox 1393 3853 1455 3911; x_wconf 88' lang='lat' dir='ltr'><strong>teu·</strong></span> 
     </span>
     <span class='ocr_line' id='line_1_42' title="bbox 216 3936 1454 4028; baseline -0.006 -23"><span class='ocrx_word' id='word_1_385' title='bbox 216 3936 312 4026; x_wconf 91' lang='lat' dir='ltr'><strong>plum</strong></span> <span class='ocrx_word' id='word_1_386' title='bbox 330 3936 478 4028; x_wconf 83' lang='lat' dir='ltr'><strong>ingredi:</strong></span> <span class='ocrx_word' id='word_1_387' title='bbox 497 3948 530 4007; x_wconf 90' lang='lat' dir='ltr'><strong>et</strong></span> <span class='ocrx_word' id='word_1_388' title='bbox 545 3959 626 4008; x_wconf 90' lang='lat' dir='ltr'><strong>eum</strong></span> <span class='ocrx_word' id='word_1_389' title='bbox 644 3937 718 4028; x_wconf 88' lang='lat' dir='ltr'><strong>ipse</strong></span> <span class='ocrx_word' id='word_1_390' title='bbox 736 3951 824 4008; x_wconf 88' lang='lat' dir='ltr'><strong>esset</strong></span> <span class='ocrx_word' id='word_1_391' title='bbox 840 3951 1010 4028; x_wconf 90' lang='lat' dir='ltr'><strong>precatus,</strong></span> <span class='ocrx_word' id='word_1_392' title='bbox 1028 3937 1135 4009; x_wconf 85' lang='lat' dir='ltr'><strong>luisse</strong></span> <span class='ocrx_word' id='word_1_393' title='bbox 1151 3960 1229 4008; x_wconf 88' lang='lat' dir='ltr'><strong>cum</strong></span> <span class='ocrx_word' id='word_1_394' title='bbox 1247 3959 1288 4008; x_wconf 92' lang='lat' dir='ltr'><strong>eo</strong></span> <span class='ocrx_word' id='word_1_395' title='bbox 1305 3959 1361 4028; x_wconf 90' lang='lat' dir='ltr'><strong>per</strong></span> <span class='ocrx_word' id='word_1_396' title='bbox 1376 3942 1454 4002; x_wconf 82' lang='lat' dir='ltr'><strong>lotan</strong></span> 
     </span>
     <span class='ocr_line' id='line_1_43' title="bbox 216 4024 1454 4184; baseline -0.005 -90"><span class='ocrx_word' id='word_1_397' title='bbox 216 4024 513 4184; x_wconf 62' lang='lat' dir='ltr'><strong>glorificationem.</strong></span> <span class='ocrx_word' id='word_1_398' title='bbox 531 4028 595 4109; x_wconf 82' lang='lat' dir='ltr'><strong>Oui</strong></span> <span class='ocrx_word' id='word_1_399' title='bbox 614 4049 694 4097; x_wconf 91' lang='lat' dir='ltr'><strong>cum</strong></span> <span class='ocrx_word' id='word_1_400' title='bbox 711 4027 886 4110; x_wconf 93' lang='lat' dir='ltr'><strong>omnibus,</strong></span> <span class='ocrx_word' id='word_1_401' title='bbox 901 4029 961 4116; x_wconf 94' lang='lat' dir='ltr'><strong>qui</strong></span> <span class='ocrx_word' id='word_1_402' title='bbox 983 4028 1138 4110; x_wconf 90' lang='lat' dir='ltr'><strong>aderaut,</strong></span> <span class='ocrx_word' id='word_1_403' title='bbox 1158 4026 1387 4102; x_wconf 79' lang='lat' dir='ltr'><strong>benedixisset,</strong></span> <span class='ocrx_word' id='word_1_404' title='bbox 1401 4031 1454 4087; x_wconf 83' lang='lat' dir='ltr'><strong>tan·</strong></span> 
     </span>
     <span class='ocr_line' id='line_1_44' title="bbox 239 4127 1149 4184; baseline 0.007 0"><span class='ocrx_word' id='word_1_405' title='bbox 239 4137 294 4184; x_wconf 91' lang='lat' dir='ltr'><strong>em</strong></span> <span class='ocrx_word' id='word_1_406' title='bbox 314 4127 468 4184; x_wconf 75' lang='lat' dir='ltr'><strong>recessit.</strong></span> <span class='ocrx_word' id='word_1_407' title='bbox 1148 4143 1149 4148; x_wconf 47' lang='lat'>¹</span> 
     </span>
    </p>

    <p class='ocr_par' dir='ltr' id='par_1_7' title="bbox 216 4203 1452 4475">
     <span class='ocr_line' id='line_1_45' title="bbox 259 4203 1452 4296; baseline -0.008 -22"><span class='ocrx_word' id='word_1_408' title='bbox 259 4205 279 4288; x_wconf 63' lang='grc' dir='ltr'><strong><em>ὃ</em></strong></span> <span class='ocrx_word' id='word_1_409' title='bbox 304 4207 386 4274; x_wconf 67' lang='grc'><strong>19.</strong></span> <span class='ocrx_word' id='word_1_410' title='bbox 414 4203 494 4272; x_wconf 85' lang='lat' dir='ltr'><strong>lllilri</strong></span> <span class='ocrx_word' id='word_1_411' title='bbox 514 4203 655 4290; x_wconf 89' lang='lat' dir='ltr'><strong>quidem</strong></span> <span class='ocrx_word' id='word_1_412' title='bbox 672 4206 791 4287; x_wconf 90' lang='lat' dir='ltr'><strong>oratio,</strong></span> <span class='ocrx_word' id='word_1_413' title='bbox 815 4206 843 4275; x_wconf 88' lang='lat' dir='ltr'><strong>si</strong></span> <span class='ocrx_word' id='word_1_414' title='bbox 861 4227 927 4275; x_wconf 94' lang='lat' dir='ltr'><strong>non</strong></span> <span class='ocrx_word' id='word_1_415' title='bbox 946 4227 999 4275; x_wconf 90' lang='lat' dir='ltr'><strong>res</strong></span> <span class='ocrx_word' id='word_1_416' title='bbox 1015 4227 1135 4276; x_wconf 88' lang='lat' dir='ltr'><strong>omnes</strong></span> <span class='ocrx_word' id='word_1_417' title='bbox 1153 4204 1258 4282; x_wconf 88' lang='lat' dir='ltr'><strong>illius,</strong></span> <span class='ocrx_word' id='word_1_418' title='bbox 1277 4216 1310 4273; x_wconf 93' lang='lat' dir='ltr'><strong>at</strong></span> <span class='ocrx_word' id='word_1_419' title='bbox 1323 4212 1452 4296; x_wconf 27' lang='lat' dir='ltr'><strong>ess-qut·</strong></span> 
     </span>
     <span class='ocr_line' id='line_1_46' title="bbox 216 4287 1449 4378; baseline -0.006 -20"><span class='ocrx_word' id='word_1_420' title='bbox 216 4291 293 4360; x_wconf 90' lang='lat' dir='ltr'><strong>dem</strong></span> <span class='ocrx_word' id='word_1_421' title='bbox 318 4307 407 4361; x_wconf 84' lang='lat' dir='ltr'><strong>certe</strong></span> <span class='ocrx_word' id='word_1_422' title='bbox 426 4291 522 4374; x_wconf 84' lang='lat' dir='ltr'><strong>dixit,</strong></span> <span class='ocrx_word' id='word_1_423' title='bbox 550 4315 638 4378; x_wconf 86' lang='lat' dir='ltr'><strong>quaa</strong></span> <span class='ocrx_word' id='word_1_424' title='bbox 658 4295 740 4364; x_wconf 86' lang='lat' dir='ltr'><strong>viris</strong></span> <span class='ocrx_word' id='word_1_425' title='bbox 766 4295 864 4364; x_wconf 88' lang='lat' dir='ltr'><strong>bonis</strong></span> <span class='ocrx_word' id='word_1_426' title='bbox 888 4307 921 4364; x_wconf 91' lang='lat' dir='ltr'><strong>et</strong></span> <span class='ocrx_word' id='word_1_427' title='bbox 945 4296 1079 4365; x_wconf 89' lang='lat' dir='ltr'><strong>virtutis</strong></span> <span class='ocrx_word' id='word_1_428' title='bbox 1108 4294 1269 4365; x_wconf 86' lang='lat' dir='ltr'><strong>studiosis</strong></span> <span class='ocrx_word' id='word_1_429' title='bbox 1292 4287 1449 4360; x_wconf 79' lang='lat' dir='ltr'><strong>sullicronl·</strong></span> 
     </span>
     <span class='ocr_line' id='line_1_47' title="bbox 216 4373 1450 4475; baseline -0.008 -27"><span class='ocrx_word' id='word_1_430' title='bbox 216 4381 392 4459; x_wconf 79' lang='lat' dir='ltr'><strong>Quomodo</strong></span> <span class='ocrx_word' id='word_1_431' title='bbox 414 4393 528 4450; x_wconf 90' lang='lat' dir='ltr'><strong>autem</strong></span> <span class='ocrx_word' id='word_1_432' title='bbox 553 4381 704 4468; x_wconf 88' lang='lat' dir='ltr'><strong>quotidie</strong></span> <span class='ocrx_word' id='word_1_433' title='bbox 723 4403 841 4453; x_wconf 91' lang='lat' dir='ltr'><strong>eorum</strong></span> <span class='ocrx_word' id='word_1_434' title='bbox 859 4383 920 4472; x_wconf 90' lang='lat' dir='ltr'><strong>qui</strong></span> <span class='ocrx_word' id='word_1_435' title='bbox 939 4405 1018 4456; x_wconf 88' lang='lat' dir='ltr'><strong>eum</strong></span> <span class='ocrx_word' id='word_1_436' title='bbox 1043 4398 1166 4475; x_wconf 87' lang='lat' dir='ltr'><strong>rogant</strong></span> <span class='ocrx_word' id='word_1_437' title='bbox 1189 4401 1303 4453; x_wconf 88' lang='lat' dir='ltr'><strong>curam</strong></span> <span class='ocrx_word' id='word_1_438' title='bbox 1327 4385 1408 4467; x_wconf 87' lang='lat' dir='ltr'><strong>gerat</strong></span> <span class='ocrx_word' id='word_1_439' title='bbox 1427 4373 1450 4432; x_wconf 81' lang='lat' dir='ltr'><strong>el</strong></span> 
     </span>
    </p>
   </div>
   <div class='ocr_carea' id='block_1_6' title="bbox 0 0 1499 4824">
    <p class='ocr_par' dir='ltr' id='par_1_8' title="bbox 0 0 1499 4824">
     <span class='ocr_line' id='line_1_48' title="bbox 0 0 1499 4824; baseline 0 0"><span class='ocrx_word' id='word_1_440' title='bbox 0 0 1499 4824; x_wconf 95' lang='lat' dir='ltr'><strong> </strong></span> 
     </span>
    </p>
   </div>
  </div>
 </body>
</html>
