2960 4824
244 245 306 308 cot
638 264 676 310 ns
700 264 727 310 s.
755 263 888 310 naniam
912 263 1037 310 srrurs
1314 243 1392 308 DEC.
1414 245 1442 308 tt

201 369 255 416 me
279 369 315 414 en
342 346 475 427 lacere,
503 368 590 432 quae
616 352 681 417 Deo
704 358 735 417 et
757 347 840 416 milri
862 347 1031 418 videntur.
1052 370 1068 412 »
1093 351 1132 416 Et
1155 347 1204 416 sic
1232 346 1274 416 ad
1300 345 1446 436 templum
1470 349 1471 432 ξ

202 437 329 506 missus
355 456 433 504 cum
460 456 586 524 magno
610 449 642 505 et
668 435 841 524 praeclaro
869 437 1057 516 comitatu,
1089 457 1168 504 cum
1193 435 1309 504 eadem
1332 434 1471 508 lecisseti

199 547 288 611 quae
306 525 413 614 prius,
432 537 465 592 et
481 523 611 592 aditum
629 526 864 603 obstruxisset,
886 547 945 614 per
962 547 1103 613 parvum
1120 523 1293 614 quoddam
1315 523 1447 592 foramen
1470 511 1471 536 ¹

199 612 459 699 colloquebatur
475 634 553 680 cum
573 613 627 694 iis,
646 615 705 700 qui
724 613 943 683 accedebant.
961 619 1083 684 Novem
1111 613 1244 682 interim
1271 612 1348 682 anni
1370 634 1449 700 prae-

202 703 373 781 terierant,
390 715 421 768 ct
438 723 515 770 eum
534 700 576 768 ad
596 701 696 770 vitam
721 701 953 790 perfectiorem
971 725 1096 770 vocans
1117 702 1337 790 providentia,
1352 713 1449 789 aperte

200 789 348 858 ostendit
375 788 503 858 sutura.
537 793 619 858 Cum
655 792 745 859 enim
779 791 899 860 suisset
924 791 957 858 in
982 791 1127 872 ecstasi,
1156 789 1244 859 videt
1271 790 1449 859 columnam

200 879 316 958 dubie,
343 891 375 946 et
398 900 436 946 ea
461 877 648 947 admodum
668 878 816 948 sublime
840 894 911 948 erat
935 879 1082 959 sublata,
1109 891 1140 948 et
1164 901 1203 948 er
1227 877 1365 947 adverso
1386 878 1449 964 ejus
1470 897 1471 906 ³

200 966 370 1123 pendebat
396 967 428 1035 in
446 970 545 1035 a'e‘re:
573 979 605 1035 et
628 967 843 1037 admirabilis
869 967 1004 1036 Simeon
1031 969 1141 1038 stabat
1162 989 1265 1056 super
1289 981 1386 1055 caput
1406 987 1450 1032 co·

215 1077 352 1124 urnnae.
381 1055 489 1124 Simul
511 1069 624 1124 autem
644 1079 722 1124 cum
749 1078 788 1125 eo
812 1056 880 1124 duo
900 1055 1082 1125 adstabant
1106 1056 1353 1126 adolescentes:
1379 1067 1449 1122 erat-

200 1165 266 1232 que
278 1145 330 1212 ¹eis
345 1147 446 1214 vestis
462 1144 555 1212 clara
571 1156 603 1213 et
619 1144 804 1232 refulgens.
833 1150 983 1232 Desuper
999 1167 1077 1214 vero
1096 1167 1136 1214 er
1159 1147 1271 1232 capite
1287 1143 1448 1214 columnae

201 1231 298 1301 audit
322 1253 436 1300 vocem
462 1232 654 1302 dicentem:
683 1238 792 1302 «Huc
812 1232 853 1302 ad
877 1255 930 1302 me
954 1235 1111 1314 ascende,
1140 1231 1303 1302 Daniel.»
1332 1237 1407 1302 Cum
1429 1231 1449 1296 is

201 1333 314 1390 autem
334 1321 585 1410 respondisset:
614 1345 631 1386 a
649 1327 687 1390 Et
705 1322 877 1408 quomodo
893 1335 1006 1410 potero
1023 1344 1097 1412 ego,
1120 1322 1271 1402 Domine,
1291 1323 1324 1390 in
1341 1333 1448 1390 tantan

200 1409 316 1479 extolli
335 1409 572 1494 altitudinem?
586 1433 603 1476 »
628 1410 734 1484 lussit
759 1413 893 1480 Simeon
913 1411 966 1488 iis,
989 1413 1144 1496 quicum
1165 1411 1237 1500 ipso
1255 1423 1362 1488 erant,
1387 1408 1449 1476 ado·

201 1497 432 1580 lescentibuS,
463 1509 501 1567 ut
525 1497 790 1580 descenderent,
816 1511 848 1570 et
871 1513 1089 1590 assumptum
1114 1499 1157 1568 ad
1183 1521 1219 1568 se
1247 1499 1446 1568 deducerent.

201 1587 266 1669 Oui
284 1609 363 1656 cum
382 1589 547 1677 imperata
564 1587 734 1669 fecissent,
753 1609 831 1656 eum
847 1585 982 1666 tollunt,
1001 1601 1033 1658 et
1050 1609 1155 1678 prope
1169 1587 1287 1677 ipsum
1305 1597 1449 1657 statuunt.

200 1675 262 1744 Ille
278 1690 391 1746 autem
418 1697 497 1744 eum
521 1677 634 1745 statim
659 1675 850 1766 amplexus,
873 1675 977 1746 simul
996 1677 1029 1745 in
1051 1677 1183 1746 coelum
1211 1699 1292 1746 eum
1319 1675 1448 1746 tollebat.

200 1776 233 1833 et
249 1787 375 1854 magna
402 1786 483 1833 voce
507 1763 697 1834 clamabat:
725 1788 742 1832 a
762 1770 839 1835 Esto
868 1765 984 1847 sortis,
1010 1765 1148 1834 Daniel:
1177 1777 1207 1833 te
1226 1779 1402 1834 strenuum
1423 1783 1449 1828 ac

200 1851 380 1924 robustum
398 1851 534 1943 praebe,
551 1865 583 1922 et
603 1867 654 1922 sta
671 1853 789 1943 pulcre
809 1875 849 1924 ao
866 1875 1040 1944 generose.
1060 1877 1077 1920 »
1103 1859 1288 1940 Postquam
1310 1875 1383 1922 vero
1406 1871 1451 1918 vor

201 1941 387 2012 admodum
406 1941 499 2011 clara
513 1963 592 2011 eum
610 1942 990 2032 circumsonabatlvisa
1005 1955 1056 2012 est
1071 1943 1163 2012 enim
1178 1943 1355 2027 terribilis,
1372 1953 1401 2010 et
1414 1953 1449 2006 to·

202 2030 306 2100 nitrui
327 2029 477 2119 similis),
505 2030 709 2108 Danielem
735 2053 915 2120 percussae
939 2042 971 2100 et
983 2032 1209 2102 conturbatae
1233 2044 1333 2102 eraut
1355 2050 1471 2160 auresg

200 2142 239 2189 ex
264 2119 398 2190 somnio
414 2118 669 2207 quodammodo
686 2118 728 2188 ad
747 2141 782 2190 se
800 2120 910 2189 rediit.
1470 2161 1471 2236 g

245 2210 356 2295 §aa
383 2212 453 2276 Hoc
478 2207 632 2276 luturum
659 2210 734 2297 ejus
758 2208 845 2278 vitae
869 2209 1089 2288 institutum,
1121 2207 1293 2278 Simeonis
1318 2207 1471 2276 instituto¹

201 2296 417 2376 conveniens
438 2297 533 2384 rarius
549 2297 766 2385 significavit,
782 2311 813 2366 et
829 2297 919 2384 quod
937 2297 1113 2386 oportebat
1128 2318 1205 2366 eum
1225 2310 1259 2366 et
1275 2297 1449 2366 columnam

106 2431 108 2434 -
201 2384 396 2464 ascendere,
416 2396 448 2452 et
467 2386 613 2454 transire
636 2385 679 2454 ad
705 2385 830 2466 locum,
859 2386 1021 2454 columna
1045 2385 1146 2475 longe
1163 2385 1393 2454 excelsiorem.
1411 2382 1449 2449 Sic

202 2472 369 2543 sententia
389 2483 422 2542 et
442 2473 612 2542 voluntate
632 2474 888 2564 omnipotentie,
915 2474 958 2543 ab
977 2495 1017 2543 eo
1035 2473 1154 2542 allecta
1182 2488 1264 2544 sunt
1289 2473 1410 2551 omnia,
1430 2481 1451 2535 et

201 2561 243 2630 ad
262 2584 340 2632 eum
357 2560 462 2662 paulo
475 2573 551 2650 post
569 2562 672 2632 missa
689 2579 739 2630 est
758 2563 855 2652 pellis
868 2561 972 2631 ovilla
985 2563 1028 2632 ab
1043 2563 1126 2642 Elia,
1142 2562 1184 2630 ad
1203 2583 1298 2644 eum,
1319 2565 1450 2647 inquam.

200 2651 260 2737 qui
285 2650 440 2719 moribus
466 2661 538 2718 erat
564 2650 673 2719 Eliseo
698 2651 833 2721 similis.
858 2653 912 2722 Sic
930 2665 1043 2720 autem
1066 2652 1172 2720 missa
1193 2663 1254 2720 est.
1276 2657 1300 2721 l
1319 2652 1451 2722 simeone

201 2739 244 2807 ad
270 2743 513 2828 Imperatorem
529 2739 546 2772 '⁵
572 2739 700 2808 missus
724 2739 862 2825 quidem
891 2751 962 2809 erat
986 2745 1045 2809 Ser
1071 2740 1137 2819 ius,
1163 2739 1240 2828 ejus
1265 2737 1450 2828 discipulus

202 2825 243 2896 ad
261 2849 340 2896 eum
359 2827 515 2896 deserens
533 2826 687 2909 donum,
714 2829 831 2898 omnia
853 2829 942 2898 mala
963 2763 1161 2916 depeltens,
1190 2849 1315 2917 nempe
1340 2841 1451 2916 tegmen

200 2913 291 3002 quod
319 2914 465 2984 babebat
486 2915 520 2983 in
541 2916 670 3004 capite;
697 2916 808 2986 solent
831 2931 944 2986 autem
978 2917 1010 2985 id
1037 2937 1156 2986 vocare
1175 2917 1362 2986 cucullam.
1388 2919 1451 3008 Dum

202 3015 314 3072 autem
333 3007 521 3092 Imperator
535 3005 674 3074 haberet
690 3006 845 3074 animum
873 3006 951 3074 aliis
969 3005 1150 3085 intentum,
1170 3019 1201 3074 et
1221 3018 1312 3076 esset
1329 3006 1362 3073 in
1379 3019 1451 3070 cuns

201 3091 352 3250 Eublicis
380 3105 580 3181 occupatus
604 3098 669 3163 Deo
696 3093 779 3162 liaeo
803 3095 920 3164 omnia
946 3093 1142 3182 providente
1166 3104 1199 3162 et
1223 3094 1449 3184 dispensante.

228 3182 270 3262 io,
301 3203 404 3267 quem
430 3181 592 3263 diximus,
621 3183 759 3273 Sergius
784 3183 901 3253 statuit
932 3183 1093 3272 navigare
1120 3195 1152 3252 et
1176 3182 1312 3252 redire:
1338 3195 1368 3252 et
1388 3199 1452 3246 con·

202 3270 362 3340 tendebat
388 3272 563 3360 pervenire
586 3271 627 3340 ad
656 3271 928 3352 monasterium,
955 3271 1045 3358 quod
1077 3272 1258 3340 nominant
1284 3277 1452 3360 Acoemeto·

201 3381 293 3439 rum,
316 3358 348 3426 id
370 3371 432 3439 est,
451 3382 515 3428 non
535 3360 781 3429 dormientium.
802 3363 882 3428 Cum
909 3381 990 3450 ergo
1007 3359 1079 3448 ipse
1107 3371 1279 3430 revertens
1295 3381 1371 3428 eum
1394 3373 1440 3440 qut

200 3447 348 3526 busdam
374 3447 452 3516 aliis
476 3449 675 3518 accessisset
700 3470 804 3537 prope
833 3448 946 3518 locum
970 3447 1129 3528 Danielis,
1156 3449 1270 3518 statim
1298 3459 1450 3538 tamquam

201 3538 301 3628 signo
325 3536 427 3617 dato,
455 3536 574 3606 beatus
598 3551 669 3606 erat
695 3538 727 3606 in
754 3559 810 3607 ore
841 3538 1019 3616 omnium;
1046 3550 1079 3606 et
1102 3537 1162 3606 alii
1184 3537 1324 3622 quidem
1351 3550 1451 3602 menn·

200 3639 322 3696 nerant
344 3626 420 3714 ejus
437 3624 644 3708 tolerantiae,
669 3625 727 3694 alii
751 3639 864 3694 nutem
886 3645 1038 3714 precum,
1058 3625 1117 3694 alii
1136 3647 1212 3695 vero
1229 3625 1449 3713 curationum:

200 3712 260 3782 alii
279 3735 368 3794 vero,
394 3713 486 3801 quod
513 3713 737 3784 mansuefecit
756 3713 883 3794 locum,
909 3713 970 3801 qui
997 3713 1276 3802 possidebatura
1299 3714 1440 3782 daemoni

199 3801 290 3882 bus;
316 3815 349 3872 et
374 3823 465 3872 nunc
489 3802 627 3888 quidem
656 3803 717 3889 qui
740 3803 875 3872 suntin
899 3802 996 3883 mari,
1020 3803 1094 3872 sine
1116 3802 1267 3892 periculo
1286 3801 1449 3888 navigant

199 3889 310 3959 illaesi
331 3902 445 3960 autem
471 3891 533 3960 iter
557 3891 685 3961 obeunt
709 3892 744 3974 ii,
764 3891 823 3978 qui
853 3904 934 3961 sunt
958 3891 993 3960 in
1019 3892 1070 3960 via
1093 3891 1236 3982 pedites.
1258 3896 1344 3961 Haec
1368 3881 1449 3955 intel-

200 3978 277 4069 ligit
301 3979 452 4068 Sergius,
475 3981 532 4048 cui
557 3981 782 4050 commissum
809 3980 919 4050 suerat
948 3979 1079 4050 donum
1105 3980 1383 4069 pretiosissimum
1399 3981 1450 4068 :net

200 4090 279 4137 eum
305 4067 382 4156 ejus
399 4065 569 4162 desiderio
587 4082 700 4139 motus
717 4067 838 4138 suisset
854 4069 1005 4149 animus,
1030 4083 1126 4159 rogat
1144 4069 1304 4156 quisnam
1321 4065 1373 4136 hic
1394 4070 1446 4158 stt·

201 4169 234 4226 et
253 4154 325 4238 ubi,
347 4169 380 4226 et
404 4177 447 4225 an
475 4154 576 4226 liceat
602 4179 680 4226 eum
710 4157 905 4227 convenire.
931 4155 986 4226 Illi
1011 4178 1089 4227 vero
1116 4170 1148 4228 et
1179 4157 1291 4228 locum
1315 4153 1449 4224 alacriter

225 4317 238 4341 ⁹
252 4317 297 4366 Qut
313 4320 370 4358 tuno
386 4315 499 4376 tomporiq
515 4319 566 4358 arat
583 4319 631 4359 Leo
648 4321 658 4358 1
677 4319 804 4368 tant-att),
820 4319 920 4370 Magno!
937 4320 976 4360 rel
996 4319 1078 4362 Senior
1095 4321 1185 4367 dictu,
1201 4321 1243 4370 qut
1261 4313 1351 4368 asparis
1364 4309 1448 4351 teatinae
1470 4309 1471 4372 g

201 4369 306 4419 adjutus,
315 4370 441 4419 imperinm
451 4372 593 4412 obtinuerat.
