2946 4798
52 275 128 340 DEC.
154 275 195 340 ut
395 291 435 338 nr
459 291 487 338 s.
513 291 634 340 roenna
658 293 709 338 ar.
736 293 773 340 nr
797 291 951 342 araneax.
1200 279 1259 342 ttt

50 389 201 448 nortem:
227 377 334 447 rictus
370 386 485 446 tamen
519 388 570 446 cst
611 397 632 446 a
671 377 883 459 necessitate,
916 390 949 447 et
987 389 1025 448 ut
1062 378 1142 450 hinc
1183 379 1308 450 libera-

52 479 177 537 return
208 463 396 546 molestiis,
423 463 525 555 elegit
555 463 599 534 ab
623 465 698 554 ipsa
722 465 788 535 vita
813 465 963 537 liberari.
995 467 1164 554 Denique,
1191 467 1308 540 inluso

50 576 179 635 veneno,
196 555 403 644 surhptoque
415 553 575 624 extremis
588 552 622 622 di
651 554 706 624 itis
719 566 860 637 cratere,
871 553 1151 642 quandoquidem
1169 558 1309 628 animus

48 645 85 714 ad
104 645 134 714 id
155 667 222 716 uon
239 642 433 722 accedebat,
461 641 519 713 sed
545 576 666 712 timide
690 642 879 714 admodum
905 666 941 714 se
966 643 1124 726 habebat,
1143 645 1307 736 intusque

49 734 106 824 sibi
119 755 176 804 cor
189 734 354 804 continue
373 730 579 822 palpitabat:
606 729 744 801 taudem
765 733 882 803 Crucis
908 732 1087 822 signaculo
1105 733 1308 804 Christianis

47 834 196 912 consueto
212 842 384 890 venenum
401 820 593 910 consignat,
620 821 804 906 statimque
828 821 890 891 ubi
909 821 1038 892 clausis
1062 822 1174 892 oculis
1197 823 1306 895 bibis·

48 925 91 982 set
104 913 137 1002 (o
150 931 312 1002 magnam
330 929 370 978 ac
385 907 640 990 admirandam,
656 908 798 990 Christe,
818 922 910 980 tuam
932 909 1147 1000 potentiam),
1166 910 1308 984 illaesus

48 1002 237 1089 permansit,
261 1003 368 1070 Cruce
385 1019 515 1068 veneno
533 1019 633 1068 suam
651 996 789 1068 tollente
810 999 891 1068 vim.

86 1092 190 1176 514.
218 1093 303 1158 Cum
329 1099 444 1157 autem
469 1085 577 1156 simili
597 1107 736 1156 rursum
763 1089 1001 1158 necessitateo
1030 1088 1247 1178 primeretur,
1274 1102 1308 1160 et

50 1178 88 1246 ab
102 1178 180 1267 ipsis
198 1176 430 1248 creditoribus
453 1174 680 1257 obsideretur,
708 1176 930 1266 animamque
955 1110 1095 1246 ualeret
1119 1178 1225 1268 priori
1246 1200 1307 1267 op-

52 1287 185 1354 pressam
203 1268 264 1348 ipo
292 1266 336 1346 ia,
355 1276 387 1334 et
403 1285 492 1351 quac
507 1263 603 1334 omni
621 1263 722 1334 modo
738 1279 917 1352 quaereret
932 1285 951 1334 e
968 1267 1206 1356 praesentibus
1223 1266 1308 1336 libe-

53 1355 212 1438 rationem,
236 1289 509 1424 labefactabatur
528 1364 642 1422 tamen
668 1352 710 1422 ad
731 1353 941 1424 sumendum
962 1353 1108 1424 alterum
1136 1377 1306 1426 venenum

48 1444 128 1512 etad
146 1457 290 1514 mortem
310 1441 472 1512 accedere
488 1441 681 1512 recusabat.
704 1446 827 1512 Verum
844 1463 923 1512 cum
942 1464 960 1511 e
980 1444 1219 1532 praesentibus
1237 1465 1305 1515 non

48 1531 236 1604 liberaretur
264 1529 540 1612 difficultatibus,
571 1531 712 1620 gravius
735 1552 810 1601 esse
835 1529 966 1600 malum
992 1531 1157 1622 judicans
1188 1534 1308 1603 iterata

47 1621 135 1691 etiam
155 1635 278 1702 morte,
297 1619 429 1691 accedit
444 1618 486 1688 ad
503 1619 707 1700 veneficum,
726 1641 936 1706 rursumque
951 1619 995 1689 ab
1011 1620 1071 1690 illo
1087 1621 1196 1710 poscit
1212 1621 1307 1692 aliud

48 1708 277 1797 pharmacum,
295 1723 335 1779 ut
355 1707 485 1778 malum
512 1706 603 1778 malo
618 1708 823 1788 mederetur,
843 1729 922 1777 cum
949 1707 996 1790 id,
1015 1708 1107 1795 quod
1124 1711 1229 1798 prius
1245 1732 1303 1781 ac-

48 1813 176 1887 ceperat,
194 1799 286 1869 nihil
304 1797 348 1867 ad
368 1795 416 1877 id,
437 1796 529 1884 quod
551 1817 688 1866 necesse
703 1808 786 1878 erat,
807 1797 940 1866 tulisset
956 1797 1087 1879 auxilii,
1108 1809 1224 1888 utpote
1241 1821 1303 1869 sua

49 1899 153 1959 natura
170 1887 261 1960 illud
282 1887 451 1956 vincente.
470 1889 554 1955 Nam
583 1885 616 1954 id
645 1885 892 1974 impedimento
917 1884 1023 1957 luisse
1048 1888 1170 1956 veneni
1194 1887 1306 1956 effica-

50 1975 108 2046 ciac
118 1977 262 2047 demens
275 1975 421 2054 dicebat,
440 1995 508 2044 non
526 1973 722 2065 intelligens
738 1979 878 2044 Crucem
899 1975 1015 2056 luisse,
1036 1995 1126 2061 quae
1145 1975 1202 2045 hic
1217 1997 1305 2045 mor·

50 2075 105 2134 tcnr
128 2065 340 2146 abstulisset,
360 2085 449 2150 quae
475 2062 576 2132 etiarn
608 2079 707 2133 antea
735 2076 941 2153 serpentem,
961 2063 1062 2154 longe
1087 2063 1151 2132 hcc
1176 2085 1306 2134 veneno

51 2156 274 2238 potentiorem,
298 2153 495 2223 sustulerat.
518 2157 634 2241 ltaque
660 2151 898 2243 praestigiator
921 2151 979 2220 ille
1002 2175 1041 2222 ac
1061 2151 1247 2233 veneficus,
1274 2164 1307 2221 et

53 2239 111 2327 ipse
134 2243 316 2333 pharmaci
344 2240 553 2312 debilitatem
582 2240 776 2322 damnans,
804 2239 898 2311 aliud
927 2241 938 2309 i
967 2241 995 2312 si
1020 2241 1187 2331 porrigit,
1214 2241 1305 2328 quod

56 2330 145 2412 priore
169 2332 282 2403 multo
301 2329 476 2401 efficacius
492 2341 575 2398 erat.
595 2333 748 2416 Cumque
769 2351 907 2398 rursum
952 2351 1070 2398 ornum
1093 2330 1250 2414 venisset,
1266 2351 1306 2399 ac

52 2415 122 2488 illud
136 2421 314 2492 bibiturus
337 2431 436 2500 esset,
463 2439 541 2488 cum
562 2418 666 2507 priori
685 2419 806 2487 timore
824 2431 856 2487 et
874 2419 1009 2506 agonia,
1036 2417 1306 2508 duplicibusque

50 2504 109 2576 illis
121 2509 351 2581 anxietatibus
368 2507 574 2588 luctabatur,
601 2521 632 2576 et
650 2506 775 2576 sudore
795 2506 949 2607 undique
965 2506 1239 2587 circumfluebat,
1266 2529 1306 2576 ae

51 2599 209 2669 tremebat.
228 2597 358 2669 Deinde
375 2596 435 2668 ubi
455 2617 594 2666 rursum
619 2608 783 2666 consueto
810 2599 929 2665 Crucrs
956 2595 1136 2686 signaculo
1159 2595 1303 2665 calicem

49 2688 282 2788 consignasset,
300 2708 340 2756 ac
356 2685 512 2764 bibisset,
539 2685 663 2785 iterum
688 2683 830 2754 illaesus
848 2685 1048 2774 permansit,
1078 2687 1221 2786 ipseque
1244 2683 1305 2785 ob-

48 2784 176 2862 stupuit,
202 2797 288 2846 sane
312 2795 393 2845 curn
417 2795 558 2844 causam
587 2785 779 2862 conjectare
799 2793 867 2842 nou
891 2785 1017 2862 posset,
1047 2793 1087 2842 ac
1117 2795 1242 2842 mrrum
1269 2794 1305 2840 rn

50 2861 175 2934 modum
192 2862 445 2954 desperationis
465 2860 616 2932 stimulis
638 2861 853 2948 jactabatur;
880 2861 1034 2932 nondum
1059 2863 1151 2931 enim
1178 2861 1305 2930 intelli·

47 2969 114 3036 gere
138 2964 266 3043 poterat
285 2951 376 3039 quod
394 2951 514 3022 Crucis
537 2949 689 3020 efficacia
713 2963 813 3031 esset,
832 2971 922 3038 quae
938 2951 1060 3020 veneni
1086 2952 1173 3021 vires
1197 2952 1306 3020 extin-

49 3054 165 3134 gueret.
193 3047 348 3128 Cumque
377 3040 481 3111 homo
505 3039 614 3108 animi
637 3039 818 3130 angustiae
854 3062 894 3110 ac
924 3038 1158 3109 calamitatum
1184 3039 1306 3129 pelago

50 3146 230 3212 immersus,
250 3151 314 3200 nec
330 3128 382 3198 vel
407 3127 591 3219 paululum
606 3127 648 3196 ad
667 3127 838 3197 saniorem
864 3141 1012 3197 mentem
1039 3127 1161 3208 redire,
1190 3150 1251 3198 uec
1267 3149 1306 3196 ea

49 3233 124 3298 quae
139 3218 193 3307 (ut
208 3217 323 3308 ajdut)
339 3229 418 3288 ante
444 3216 548 3307 pedes
575 3229 684 3298 erant,
703 3237 909 3306 cognoscere
936 3227 1061 3307 posset,
1080 3217 1161 3286 hinc
1186 3217 1305 3286 iterato

50 3301 110 3374 abit
126 3307 166 3375 ad
183 3307 389 3388 Hebraeum,
415 3317 448 3376 et
470 3304 589 3376 eadem
614 3325 703 3392 quae
727 3305 826 3395 prius
847 3305 998 3395 exponit.
1025 3308 1109 3375 Cum
1134 3317 1306 3374 autemst

51 3388 99 3459 ille
113 3408 349 3466 consternatus
364 3407 465 3476 esset,
484 3393 655 3485 longoque
680 3407 832 3485 tempore
847 3414 952 3484 super
969 3415 1009 3463 ea
1032 3414 1068 3462 re
1084 3393 1229 3463 consilio
1245 3393 1305 3462 de-

51 3478 242 3566 stitueretur,
260 3483 386 3554 deinde
408 3483 512 3553 etiam
529 3503 669 3553 causam
696 3482 849 3568 aliquam
870 3481 1127 3572 deprehendere
1149 3494 1303 3572 cuperet,

51 3584 296 3722 propterquam
318 3573 351 3642 iu
374 3593 504 3642 veneno
521 3571 630 3642 falsus
646 3583 735 3641 esset
753 3570 778 3660 (i
785 3593 844 3660 pse
863 3573 955 3640 enim
973 3570 1148 3642 veneficus
1164 3584 1247 3654 erat,
1274 3585 1306 3640 et

72 3658 234 3746 ujusmodi
261 3683 375 3732 rerum
394 3659 540 3750 artilex).
558 3681 628 3747 quc
645 3673 743 3749 pacto
758 3671 791 3728 et
807 3660 843 3730 in
860 3681 963 3747 quern
985 3659 1141 3741 modum,
1160 3660 1221 3730 ubi
1245 3654 1306 3728 do-

52 3763 134 3814 num
160 3750 326 3830 rediisset,
354 3771 522 3820 venenum
541 3749 723 3839 acciperet,
744 3749 940 3819 minutatim
967 3769 1027 3838 per
1044 3747 1183 3840 singula
1203 3750 1304 3817 inter·

55 3835 190 3923 rogabat.
221 3841 283 3909 llic
307 3848 443 3910 autem:
470 3837 607 3919 «Nihil,
624 3839 749 3928 inquit,
777 3837 872 3907 aliud
894 3857 959 3926 ago
982 3837 1126 3907 domum
1153 3837 1304 3918 veniens,

54 3939 140 4003 quam
165 3927 255 4016 quod
279 3925 394 3997 inluso
413 3927 536 3998 crateri
564 3947 707 4008 veneno,
733 3925 860 3995 deinde
879 3924 1063 4015 paululum
1087 3925 1189 3996 etiam
1217 3924 1307 3994 labe-

54 4003 159 4092 factus,
177 4029 209 4086 et
232 4017 399 4087 anxietate
418 4016 454 4086 in
473 4016 576 4086 corde
600 4035 802 4097 concussus
826 4014 944 4084 Crucis
969 4014 1081 4106 signo,
1107 4027 1146 4083 ut
1169 4013 1262 4101 quod
1287 4036 1308 4084 a

57 4095 239 4174 Christianis
261 4127 301 4175 ex
328 4104 577 4176 consuetudine
606 4104 680 4174 lieri
712 4102 821 4183 solet,
853 4115 993 4193 propter
1017 4105 1173 4174 timorem
1198 4103 1307 4172 calice

58 4182 227 4282 obsignato,
254 4192 363 4263 oculis
383 4193 511 4264 clausis
525 4192 614 4263 illud
635 4193 727 4264 bibo.
744 4215 763 4258 »
782 4191 845 4262 Ubi
863 4192 1016 4282 primum
1038 4192 1156 4261 Crucis
1180 4212 1304 4262 nomen

61 4265 104 4341 luc
116 4279 261 4351 audisset
272 4282 458 4364 Hebraeus,
487 4281 652 4352 intellexit
672 4281 788 4350 statim
807 4281 898 4369 quod
919 4292 1002 4362 crat,
1025 4301 1148 4371 nempe
1165 4284 1305 4350 Crucem

63 4376 118 4431 esse
137 4387 221 4453 quae
239 4371 304 4440 rim
326 4370 457 4442 tolleret
473 4371 607 4441 veneni.
631 4375 734 4439 Porro
753 4391 794 4437 ne
816 4392 869 4442 res
888 4369 1002 4440 nudae
1023 4368 1135 4440 solum
1152 4376 1304 4440 haerere*
