2920 4810
48 306 127 369 butt.
155 305 189 372 3t
476 325 516 370 oa
540 325 569 370 s.
595 324 721 370 uacans
745 319 876 370 nonnus
1208 306 1272 370 633

45 413 265 496 Imponuntur
290 425 370 478 vero
394 409 445 476 eis
468 429 606 495 quoque
631 407 737 498 leges,
766 419 804 475 ut
833 427 913 476 cum
939 407 1010 477 viro
1039 429 1218 494 nunquam
1244 431 1315 501 ser-

44 517 172 566 monem
200 495 399 576 conlerant,
427 519 538 586 neque
562 519 602 566 ex
628 496 839 565 monasterio
869 508 1009 578 exeant,
1035 510 1067 565 et
1097 496 1141 567 ab
1166 497 1228 579 iis,
1255 499 1313 584 qui

44 599 120 656 sunt
141 597 240 666 extra,
258 585 346 654 nihil
365 607 520 673 unquam
538 585 724 674 accipiant.
755 589 881 654 Ducem
900 597 1014 654 autem
1035 587 1149 674 gregis
1170 607 1237 655 non
1262 609 1315 656 se-

43 673 147 762 ipsam
163 674 349 755 constituit,
370 673 429 743 sed
446 674 521 763 ipsa
536 674 677 761 quidem
696 673 790 762 apud
806 695 863 742 eas
879 673 1014 743 tenebat
1028 673 1140 743 locum
1155 675 1311 746 ancillae:

43 761 89 831 sio
101 764 202 844 enim,
223 775 262 832 ut
279 763 312 830 id
331 763 552 843 sustinerent,
572 763 615 842 iis
632 763 816 852 persuasit,
840 775 879 832 nt
899 762 1003 830 simul
1021 777 1054 832 et
1073 783 1170 832 amor
1186 763 1221 832 in
1239 785 1312 834 eam

43 865 241 940 augeretur,
271 863 304 922 et
327 852 377 920 eis
400 864 489 922 esset
514 851 751 941 propinquum
779 850 1003 939 exanimum,
1030 863 1069 921 ut
1098 873 1134 920 se
1162 852 1315 924 modeste

44 953 213 1026 gererent;
239 941 425 1011 rectionem
452 961 531 1011 vero
558 940 713 1030 suscepit
735 939 815 1020 alia,
844 961 933 1027 quac
957 952 990 1008 et
1007 939 1163 1010 moribus
1182 954 1215 1010 et
1237 964 1313 1012 ora-

37 1028 127 1098 tioue
145 1030 336 1119 praestabat
360 1029 515 1111 caeteris,
534 1029 619 1099 adeo
635 1041 727 1098 ntea
744 1029 886 1118 quidem
906 1027 998 1116 apud
1019 1051 1088 1110 eas,
1105 1051 1193 1118 quae
1207 1029 1237 1098 ei
1255 1053 1313 1120 pa-

41 1117 302 1198 rebant-locum
328 1118 496 1188 obtineret
513 1118 698 1188 dominae:
727 1116 860 1186 Melana
885 1130 1017 1198 autem,
1049 1117 1212 1204 obsequio
1235 1121 1311 1206 qui-

43 1203 124 1286 dem,
149 1206 318 1287 ancillam
344 1208 556 1298 benignitate
580 1229 681 1285 vero,
711 1209 844 1276 matris.
873 1205 970 1287 Quod
995 1206 1183 1293 siquando
1205 1209 1312 1278 conti·

44 1293 138 1382 gisset
159 1317 247 1366 onus
274 1295 501 1366 abstinentiae
531 1319 552 1365 a
579 1294 754 1365 Praefecta
778 1295 920 1386 gravius
945 1293 1083 1383 imponi
1112 1296 1308 1376 sororibus,

44 1383 124 1466 quod
151 1383 368 1455 mollioribus
396 1384 622 1474 reputabatur
653 1383 864 1466 molestum,
896 1383 945 1452 cis
973 1383 1016 1453 ad
1040 1384 1307 1455 consolationem

42 1467 131 1541 beata
153 1473 345 1544 subiciebat
370 1474 524 1554 Melana,
557 1495 670 1561 quae,
701 1473 795 1562 quod
820 1473 870 1542 eis
896 1471 1023 1542 durum
1055 1486 1150 1552 erat,
1178 1487 1256 1563 apte
1278 1490 1312 1542 er

40 1561 216 1646 prudenter
239 1561 437 1643 molliebat;
464 1575 495 1631 et
523 1584 602 1631 cum
633 1561 822 1649 aliquando
854 1559 1064 1650 affligeretur
1085 1562 1230 1652 jejunio,
1257 1562 1310 1632 in-

43 1647 220 1720 scientibus
242 1653 420 1732 omnibus‚
447 1650 513 1721 sub
541 1651 821 1739 uniuscujusque
845 1649 934 1718 lecto
964 1649 1112 1740 ponebat
1135 1671 1197 1732 ea,
1224 1673 1310 1738 quae

42 1750 129 1807 erant
144 1737 185 1808 ad
206 1761 310 1809 usum
337 1741 542 1810 necessaria.
570 1738 633 1808 Illa
653 1753 767 1808 autem
794 1760 874 1808 oum
896 1738 1095 1819 invenisset,
1121 1760 1189 1808 non
1214 1741 1310 1830 igno-

42 1825 129 1895 rabat
143 1827 282 1914 quidem
298 1829 379 1914 quis
395 1829 459 1898 boc
479 1827 636 1908 fecissen
655 1827 831 1916 accipiens
854 1848 944 1908 vero,
968 1827 1018 1896 sic
1036 1827 1227 1898 remedium
1251 1829 1310 1900 ad-

43 1912 158 1985 ferebat
173 1917 333 2006 inopiae3
352 1918 387 1986 in
406 1918 518 2006 ipsam
537 1929 651 1988 autem
670 1915 768 1987 valde
790 1938 954 2016 magnam
972 1917 1195 2014 conservabat
1209 1915 1310 1986 beoc-

43 2003 226 2076 rolentiam.
255 2005 310 2075 Sic
330 2027 366 2075 se
389 2007 561 2096 sapienter
590 2005 624 2074 in
654 2028 773 2075 earum
804 2027 941 2076 ammos
967 2005 1162 2085 insinuans,
1191 2006 1310 2074 merito

42 2091 132 2162 etiam
148 2116 227 2164 cum
249 2116 307 2164 eos
324 2094 479 2176 docebat,
500 2093 648 2166 habebat
667 2117 795 2165 morem
816 2104 985 2184 gerentes.

80 2183 194 2268 §tm
222 2182 362 2254 Dicebat
385 2196 524 2266 autem,
551 2205 619 2252 non
648 2197 804 2272 oportere
825 2181 937 2253 solum
964 2204 1103 2272 corpus.
1127 2180 1307 2252 sedetiam

47 2271 185 2340 animum
206 2293 343 2360 quoque
359 2283 492 2343 castum
518 2284 551 2341 et
569 2293 696 2361 purum
719 2294 854 2342 servare
879 2293 899 2340 a
920 2269 1117 2341 libidinosis
1133 2271 1307 2360 cogitatio·

47 2356 142 2430 nibus.
172 2360 300 2430 Deinde
326 2361 438 2430 media
463 2359 603 2450 quidem
631 2373 728 2430 nocte
753 2360 795 2429 ad
824 2381 941 2448 preces
972 2359 1106 2430 nullam
1131 2359 1308 2429 ostendere

45 2445 226 2536 pigritiam
254 2463 431 2539 precautes
453 2471 530 2519 vero
559 2471 628 2519 non
658 2446 772 2518 solum
804 2447 901 2518 labra
927 2469 1086 2528 movere,
1115 2447 1173 2518 sed
1200 2449 1307 2519 multo

45 2537 139 2625 magis
163 2550 268 2608 totam
294 2537 399 2608 simul
425 2560 547 2629 cogere
571 2537 836 2627 cogitationem:
864 2537 1076 2608 etadhibere
1099 2549 1247 2606 mentem
1264 2537 1307 2606 iis

43 2643 116 2707 quae
137 2626 314 2696 dicuntur.
342 2629 538 2697 absurdum
565 2629 761 2707 animasse,
783 2627 872 2696 bona
892 2625 1032 2712 quidem
1058 2630 1161 2697 alteo
1181 2638 1303 2716 petere,

44 2731 100 2780 non
122 2713 305 2806 diligenter
328 2728 442 2786 autern
461 2729 494 2785 et
511 2715 665 2787 studiose
680 2737 720 2784 ea
746 2727 879 2806 petere;
906 2727 938 2784 et
962 2713 1004 2782 ad
1028 2735 1141 2871 regem
1166 2714 1304 2801 quidem

45 2803 207 2874 mortalem
231 2805 453 2886 accedentes,
480 2821 512 2874 et
537 2803 658 2874 babitu
682 2817 714 2874 et
747 2803 914 2894 adspectu
945 2817 977 2872 et
1001 2824 1056 2872 mo
1084 2803 1113 2872 is
1143 2803 1306 2874 omnibus

44 2909 113 2976 prae
130 2915 164 2962 se
177 2892 266 2962 serre
280 2895 502 2964 reverentiam
518 2917 525 2974 ;
544 2893 587 2962 ad
605 2891 791 2962 terribilem
807 2914 884 2962 vero
897 2905 930 2962 et
943 2891 1172 2962 immortalem
1191 2913 1303 2993 regem

46 2979 214 3064 vestientes,
240 3004 307 3050 non
335 2981 443 3052 multo
468 2983 580 3072 magis
604 2979 648 3050 ad
675 2983 886 3052 Dominicam
912 2981 1147 3051 auctoritatem
1172 2993 1205 3050 et
1229 2979 1305 3050 rofi-

45 3067 138 3138 nitam
152 3068 386 3142 excellentiam
408 3071 544 3142 timidos
560 3072 731 3142 assistere.
749 3075 831 3139 Cum
847 3069 889 3139 de
907 3069 960 3138 bis
977 3068 1060 3138 baec
1073 3069 1301 3150 disseruisset,

47 3160 164 3228 transiit
179 3159 220 3229 ad
240 3172 384 3228 matrem
405 3160 562 3230 omnium
581 3160 796 3240 charitatem,
816 3157 1019 3228 omniacssc
1040 3181 1124 3228 rana
1138 3171 1170 3228 et
1186 3183 1304 3248 super·

47 3263 176 3318 varanes
199 3248 274 3319 sine
299 3247 363 3318 hae
385 3249 631 3338 pronuncians.
662 3254 704 3320 tte
728 3271 797 3336 qua
816 3261 849 3318 et
867 3245 976 3316 multa
999 3247 1066 3317 alia
1085 3247 1238 3318 oratione
1254 3261 1305 3318 est

48 3347 225 3419 persecuta',
251 3349 284 3406 et
310 3337 402 3424 quod
431 3335 499 3406 alia
525 3337 665 3426 quidem
695 3350 811 3407 nostra
833 3335 1009 3426 malignus
1033 3336 1178 3406 daemon
1196 3347 1304 3426 potest

50 3421 181 3518 imitari:
209 3437 266 3508 nt,
293 3426 387 3496 verbi
412 3449 540 3508 causa,
568 3427 718 3496 inediam
744 3439 777 3496 et
801 3424 982 3516 vigiliam,
1010 3439 1043 3496 et
1065 3447 1303 3514 quaecumque

51 3529 80 3578 m
101 3535 231 3604 corpore
256 3515 461 3586 consistunt.
489 3521 572 3586 Nam
599 3513 792 3584 secundum
809 3526 968 3584 naturam
996 3515 1070 3604 ipse
1092 3525 1143 3584 est
1160 3513 1214 3584 his
1230 3537 1302 3585 om·

53 3597 140 3670 nibus
155 3603 320 3694 superior,
339 3617 371 3674 et
385 3627 405 3674 a
421 3603 518 3674 nullo
530 3626 648 3674 eorum
667 3603 758 3672 vinci
775 3603 933 3692 potuerit.
960 3602 1173 3674 Humilitatis
1189 3615 1301 3674 autem

54 3699 80 3754 at
95 3689 257 3764 charitatis
278 3715 347 3763 non
365 3693 476 3786 magis
489 3693 669 3764 nobiscum
685 3692 811 3762 babere
832 3693 979 3783 potuerit
992 3693 1300 3782 participationem,

55 3794 142 3860 quam
166 3781 318 3852 tenebrae
343 3781 457 3863 lucis,
485 3796 519 3851 et
542 3782 662 3851 vitium
687 3781 840 3851 virtutis:
867 3781 927 3870 qui
948 3781 1050 3850 etiam
1077 3795 1215 3872 propter
1238 3803 1300 3860 ea,

56 3883 129 3948 quae
146 3883 220 3940 sunt
240 3883 382 3940 naturae
407 3871 555 3942 maxime
578 3870 761 3952 contraria,
789 3869 1000 3958 superbiam,
1028 3871 1184 3961 inquam,
1211 3881 1244 3939 et
1267 3869 1300 3938 in

57 3949 191 4029 homines
213 3959 498 4042 malevolentiam,
516 3982 557 4030 cx
581 3959 658 4030 luce
679 3960 784 4029 miser
803 3959 943 4029 effectus
959 3971 1010 4028 est
1034 3960 1204 4029 tenebrae.
1222 3963 1303 4028 Ante

60 4043 154 4114 onnia
176 4068 249 4116 rero
272 4047 407 4119 dicebat
429 4060 585 4138 oportere
609 4070 811 4120 conservare
837 4061 962 4118 rectam
995 4048 1098 4118 iidem
1117 4103 1124 4128 ‚
1153 4067 1299 4138 puram,

62 4139 86 4196 ct
103 4133 177 4204 citra
197 4135 299 4206 ullam
325 4137 589 4210 dubitationem.
625 4143 708 4208 llam
734 4137 853 4226 quiin
879 4136 958 4208 aliis
986 4137 1126 4224 quidem
1150 4159 1187 4206 se
1214 4151 1302 4208 recte

63 4211 156 4323 gessit,
173 4223 204 4294 in
226 4225 287 4295 bac
310 4239 425 4298 autem
444 4227 590 4310 dubitat,
617 4225 652 4294 in
678 4247 717 4296 eo
732 4225 824 4314 quod
842 4239 892 4296 est
910 4225 1135 4317 praecipuum
1152 4236 1185 4296 et
1199 4239 1303 4318 caput

64 4326 204 4394 omarum,
222 4314 435 4387 aberraverit.

99 4398 113 4483 ἓ
133 4405 203 4473 26.
218 4407 296 4474 Cum
313 4419 426 4478 autem
448 4405 576 4476 videret
592 4403 720 4476 multas
731 4426 770 4474 ex
785 4404 838 4486 iis,
852 4427 940 4492 quae
958 4414 1055 4474 erant
1067 4404 1160 4496 apud
1175 4403 1183 4473 i
1190 4425 1297 4495 psam.

129 4521 257 4582 Sumus·
273 4521 356 4586 Vitae
372 4523 424 4590 SS.
440 4524 531 4587 -Vol
545 4523 607 4586 Xll.
910 4561 920 4584 .
1170 4519 1223 4583 40·
