2972 4826
68 256 171 322 outa
411 275 447 320 na
471 275 517 320 ss.
545 273 623 320 srno
647 275 684 320 rr
709 275 833 322 susurro
859 277 906 320 er.
1186 259 1242 322 dli

66 359 148 430 laetus
170 381 206 427 ao
229 358 371 430 festinus
395 359 496 448 hujus
519 359 703 448 praecipue
726 357 906 448 legationis
931 359 994 428 iter
1012 360 1171 451 arripuit,
1194 374 1296 448 atque

63 447 92 514 ad
108 447 249 518 eamdem
267 448 385 518 urbem
407 447 484 516 licet
502 448 626 518 anxius
647 447 719 534 jam
743 459 844 518 noctu
892 448 1043 530 ervenit;
1070 449 1296 538 inventisque,

61 557 126 622 unos
140 549 272 606 sanctus
286 542 384 607 Pater
399 535 624 638 praedixerat,
651 535 773 605 Christi
799 471 970 616 fidelibus,
990 559 1146 628 quaeque
1162 540 1193 609 ei
1206 562 1298 610 com·

61 625 142 694 inissa
163 623 305 704 fuerant,
332 625 475 696 auribus
496 625 651 696 retexuit.
674 629 711 693 ht
726 623 776 693 illi
800 647 943 714 corpora
958 631 1145 716 Martyrum
1166 628 1299 699 Nazarii

60 725 82 780 et
105 713 179 782 Celsi
202 736 238 783 se
267 713 463 784 condidisse
499 713 762 804 responderunt.
801 715 933 796 Quibus
967 716 1088 785 beatus
1122 717 1295 788 Iventins:

61 803 220 882 abbsecro,
248 803 372 891 inquit,
399 826 467 884 vos,
495 817 532 873 ut
556 802 639 872 dum
665 803 863 872 certaminis
881 803 935 873 sni
953 803 1000 887 hi,
1018 805 1078 892 qui
1095 817 1295 895 supersunt,

61 892 218 962 beatissimi
242 893 414 964 Protasius
442 905 475 961 et
502 892 683 962 Cervasius
708 891 812 960 finem
842 894 1052 980 acceperint,
1078 893 1209 981 aliquid
1238 917 1298 982 pro

56 980 159 1051 amoris
176 979 358 1051 dulcedine
373 1002 563 1068 eorumque
580 978 777 1061 reverentia,
797 979 839 1050 de
855 981 1005 1052 vestibus
1022 982 1071 1052 vel
1094 983 1297 1072 corporibus

57 1089 150 1136 eornm
174 1070 299 1160 pignus
324 1070 529 1150 retinentes,
557 1069 682 1138 nostris
705 1067 886 1138 desideriis
910 1069 1071 1140 offeratis.
1091 1095 1109 1139 n
1133 1073 1194 1142 His
1218 1095 1296 1143 vero
1377 1088 1381 1097 '

57 1157 180 1240 auditis,
205 1159 266 1245 qui
289 1157 432 1228 aderant
462 1156 736 1246 responderunt:
773 1159 990 1240 «Quendam
1018 1160 1076 1229 Dei
1104 1159 1295 1243 famulam,
1402 1177 1409 1192 ·

57 1244 121 1312 dnm
136 1249 163 1314 S.
180 1247 311 1316 Nazarii
335 1259 441 1336 caput
462 1246 506 1316 ab
520 1245 628 1335 impio
652 1245 776 1318 lanista
800 1246 992 1319 abscissum
1014 1246 1144 1330 luisset,
1173 1249 1297 1320 vidisse

57 1354 93 1412 se,
104 1333 194 1403 linteo
206 1335 378 1426 sanguine
392 1335 467 1424 ejus
483 1347 616 1424 recepto
636 1333 752 1424 fugam
780 1336 914 1424 petisse.
935 1360 952 1402 n
970 1341 1043 1419 Quo
1060 1339 1111 1406 vir
1128 1339 1185 1408 Dei
1201 1344 1297 1408 Iven-

55 1422 106 1490 n'us
118 1443 274 1524 responso
299 1424 542 1506 commonitus,
561 1425 684 1494 anxius
709 1422 768 1492 tali
793 1423 1037 1506 insinuatione,
1059 1426 1142 1495 dum
1168 1449 1298 1498 remea·

53 1523 99 1589 ret,
119 1511 240 1602 inipso
260 1511 557 1582 itinereeamdem
582 1513 741 1582 convenit
765 1511 889 1582 Christi
913 1512 1089 1583 ancillam.
1115 1519 1221 1598 Quae,
1247 1516 1298 1585 di—

53 1599 113 1666 vina
132 1599 363 1680 admonitione
388 1602 613 1692 praemonita,
639 1600 788 1692 gratuita
813 1601 985 1674 voluntate
1012 1604 1168 1694 Martyris
1187 1605 1219 1674 ei
1238 1605 1299 1675 ob·

54 1686 113 1756 tulit
126 1711 290 1772 cruorem,
311 1712 413 1778 quern
431 1689 569 1760 serebat.
597 1695 636 1760 dt
660 1690 727 1771 ille,
754 1703 893 1780 accepto
910 1691 993 1761 tanti
1013 1693 1177 1774 muneris
1195 1715 1298 1782 quem

51 1781 221 1862 quaerebat,
249 1780 424 1861 thesauro,
453 1779 562 1848 laetus
586 1777 628 1848 ad
651 1780 783 1848 moenia
800 1779 991 1849 Ticinensis
1016 1802 1171 1852 reversus
1186 1797 1236 1852 est
1252 1783 1300 1853 ci-

50 1865 152 1936 vitatis.
173 1869 277 1958 Cujus
302 1880 435 1960 portam
462 1869 548 1938 tanti
575 1867 657 1938 doni
683 1868 824 1957 portitor
848 1867 931 1937 dum
957 1869 1128 1952 intrasset,
1158 1871 1298 1958 quidam

50 1953 206 2028 daemonio
228 1980 317 2048 puer
336 1971 494 2047 arreptus
519 1955 736 2026 volutabatur
760 1956 794 2026 in
817 1957 951 2048 platea,
977 1979 1016 2027 er
1037 1957 1136 2048 cujus
1160 1980 1217 2029 ore
1241 1959 1300 2028 do-

50 2042 108 2114 lens
127 2068 163 2116 ac
187 2047 347 2118 luctuosa
373 2069 452 2118 voce
484 2045 619 2132 ejulans
650 2044 821 2115 clamabat
844 2045 1026 2116 diabolus:
1061 2069 1078 2112 «
1098 2051 1162 2129 Vae
1188 2048 1298 2128 mihi,

49 2135 110 2216 quia
134 2149 295 2227 torqueor
318 2135 476 2226 Martyris
500 2135 659 2225 ingressu
683 2135 862 2206 cruoris.»
888 2134 984 2218 Quod
1001 2148 1038 2204 ut
1054 2134 1185 2205 audivit
1204 2135 1300 2205 miles

50 2221 148 2292 Christi
165 2226 334 2306 Iventius,
361 2247 466 2315 super
488 2237 643 2294 vexatum
670 2245 815 2313 puerum
842 2229 873 2293 S.
902 2223 1033 2293 Nazarii
1054 2225 1208 2311 Martyris
1229 2247 1302 2294 san·

51 2312 164 2397 guinem
190 2313 374 2405 imposuit,
401 2313 585 2400 statimque
609 2311 653 2382 ab
672 2311 960 2392 eodaemoninm,
983 2313 1073 2398 quod
1096 2312 1301 2382 vociferaba-

55 2411 103 2478 tur,
121 2404 269 2494 expellit.
300 2402 447 2493 Contigit
469 2413 607 2481 autern,
634 2413 671 2470 ut
696 2422 757 2490 pro
780 2401 1018 2470 confirmanda
1043 2401 1111 2472 lide
1130 2401 1302 2472 Catholioa
1331 2476 1341 2490 ,

56 2487 108 2572 ipse
126 2491 422 2581 pmdentissimus
441 2491 493 2558 vir
518 2488 684 2570 Iventius,
710 2502 871 2579 operante
895 2490 1027 2560 Christo
1056 2491 1089 2560 in
1116 2490 1235 2562 multis
1259 2491 1303 2560 si-

51 2579 128 2662 gnis,
153 2579 372 2671 prohabilem
405 2578 528 2649 laceret
547 2577 658 2648 sancti
683 2578 839 2667 Martyris
868 2600 1023 2648 cruorem
1049 2579 1193 2650 Nazarii.
1219 2583 1302 2648 Nam

50 2666 158 2752 positus
181 2691 295 2760 super
317 2690 496 2739 caecorum
521 2665 651 2746 oculos,
678 2665 795 2736 lumen
823 2665 993 2737 restituit:
1020 2681 1052 2737 et
1069 2669 1180 2737 varias
1205 2667 1305 2738 indr-

49 2756 161 2828 mitates
191 2757 479 2830 concurrentium
510 2755 552 2826 ad
582 2777 619 2825 se
650 2753 844 2842 frequenter
867 2757 1009 2826 curavit.
1036 2761 1142 2847 Atque
1170 2779 1209 2827 ex
1239 2757 1303 2827 hoc

49 2855 99 2912 tem
144 2871 188 2930 re,
217 2847 310 2918 beati
337 2845 467 2916 Nazarii
493 2844 623 2914 meritis
646 2858 679 2914 et
704 2845 891 2934 patrocinio
917 2861 1155 2935 promerente,
1185 2845 1305 2937 plenae

48 2869 240 3008 ‹·redrlintis
253 2947 483 3026 augmentum
498 2933 603 3020 hujus
613 2932 711 3004 urbis
721 2932 910 3004 Ticinensis
924 2933 1073 3023 populus
1084 2949 1136 3006 est
1147 2936 1303 3027 adeptus.

80 3023 96 3109 ξ
116 3028 151 3096 2.
164 3032 256 3097 -Post
274 3045 345 3094 non
367 3021 552 3092 multorum
569 3021 695 3092 dehinc
712 3035 905 3123 temporum
922 3023 1106 3106 curricula,
1129 3049 1207 3096 curn
1227 3047 1305 3094 san·

46 3122 159 3183 ntorum
185 3120 379 3202 Martyrum
413 3109 554 3181 Protasii
579 3124 612 3180 et
643 3111 792 3182 Gerrasir
826 3111 918 3200 apud
945 3110 1173 3182 Mediolanum
1208 3113 1307 3182 finita

47 3215 141 3270 essent
163 3203 381 3280 certamina,
408 3199 554 3291 pretiosa
579 3221 723 3288 corpora
746 3221 867 3270 eorum
892 3221 913 3268 a
942 3199 1144 3268 Christianis
1174 3200 1306 3273 occulte

47 3289 185 3372 sublata,
212 3289 417 3380 sepulturae
439 3300 521 3359 sunt
546 3287 703 3370 reddita,
731 3311 772 3358 ne
797 3288 984 3378 impiorum
1006 3287 1189 3370 atrocitas,
1217 3288 1307 3356 sicut

48 3377 202 3462 viventes,
238 3379 287 3448 ita
320 3389 608 3479 persequerentur
635 3391 668 3446 et
700 3389 862 3447 mortuos.
890 3382 984 3446 Tunc
1008 3377 1149 3476 qnidam
1183 3375 1307 3445 Christi

47 3463 141 3538 idelis
164 3469 327 3538 Liberius
344 3488 492 3548 nomme,
510 3489 589 3535 cum
609 3465 796 3536 reverentia
816 3478 847 3534 et
862 3486 978 3534 amore
1002 3478 1167 3535 asaneus
1186 3485 1306 3534 eorum

46 3557 159 3625 exuviis
181 3557 359 3627 fidissima
384 3555 581 3636 temeritate,
607 3553 781 3641 quandam
807 3574 895 3640 quae
914 3551 965 3623 las
992 3553 1102 3624 suerat
1125 3551 1310 3623 detrahens

48 3644 249 3734 particulam,
278 3643 479 3715 beatissimo
504 3649 585 3732 Syro
610 3643 801 3714 Ticinensis
819 3641 915 3712 urbis
930 3643 1019 3712 Patri
1037 3655 1069 3712 et
1084 3641 1215 3712 doctori
1237 3639 1309 3711 ido·

49 3751 107 3810 neo,
131 3747 170 3803 ut
189 3735 234 3804 ab
258 3755 303 3804 eo
327 3731 436 3802 iuerat
456 3731 678 3822 postulatum,
701 3731 929 3801 amicabiliter
952 3730 1086 3801 detulit.
1113 3732 1170 3798 Vir
1194 3743 1308 3800 autem

48 3823 238 3894 venerabilis
263 3822 461 3911 suscipiens
480 3822 623 3911 pignora
647 3821 823 3890 beatorum
844 3824 1043 3901 llartvrum,
1068 3819 1188 3890 multis
1206 3821 1241 3888 in
1260 3821 1312 3889 eis

50 3909 328 3990 virtutibususus
343 3923 405 3981 est.
431 3914 583 3996 Cumque
607 3911 705 4000 signa
723 3909 908 3980 sanitatum
927 3891 1027 3998 longe
1044 3907 1179 3996 lateque
1196 3907 1311 3998 splen·

51 3994 221 4084 demerent,
249 4021 394 4090 coepere
419 3997 657 4088 languentium
683 4001 785 4068 etiam
810 4019 849 4066 ex
871 3997 1056 4086 inopinatis
1086 3998 1243 4088 partibus
1267 3996 1308 4066 ad

52 4105 115 4156 anm
135 4091 256 4160 turbae
277 4109 495 4168 concurrere,
518 4109 667 4176 eumque
692 4087 861 4157 immensa
893 4085 1084 4174 frequentia
1111 4106 1309 4177 perurgere.

53 4175 127 4245 inter
150 4179 234 4250 haec
252 4177 415 4249 sacerdos
434 4176 492 4246 Dei
509 4175 656 4247 eximius
671 4174 827 4245 exultans
844 4173 885 4244 de
904 4174 1121 4246 mirabilibus
1146 4199 1233 4264 qnae
1251 4195 1311 4265 per

56 4268 156 4338 merita
182 4280 385 4338 sanctorum
414 4277 604 4354 martyrum
623 4265 785 4334 ‚Christus
811 4264 975 4334 Dominus
1001 4262 1121 4334 sedulo
1141 4263 1306 4343 iaciebat,

117 4388 262 4448 surius·
283 4384 368 4446 Vitae
382 4381 434 4446 SS.
449 4417 463 4430 ·
476 4383 545 4444 rat.
560 4381 622 4444 Xll.
1191 4382 1229 4444 ld
