2946 4798
47 301 119 364 out.
145 257 187 364 Di
384 319 422 365 ns
447 319 475 366 s.
501 319 696 366 connititur.
723 319 760 364 cr
784 317 935 365 ornnem.
1189 302 1253 366 too

42 401 173 472 ciritatis
197 399 362 490 Episcopo
382 402 632 473 adolescentem
665 404 699 470 in
727 403 871 472 ecclesia
902 423 1019 470 coram
1048 403 1180 472 Christo
1214 416 1297 473 teste

44 490 255 571 commendat,
282 492 342 562 ubi
375 490 484 562 multa
510 492 554 561 de
579 490 674 560 illius
701 490 886 581 disciplina
910 505 942 560 et
972 489 1174 560 educatione
1200 513 1295 581 prae-

42 579 184 668 cepisset.
218 579 278 648 llle
313 601 392 650 vero
428 591 586 670 prompto
624 582 776 670 suscepit
807 580 935 660 animo,
975 579 1148 668 pollicitus
1187 581 1296 650 multa

40 690 162 755 quoque
185 690 220 738 se
243 667 460 758 adjectorum
488 669 525 737 in
556 691 641 740 cura
669 669 759 738 circa
789 667 1053 738 adolescentem.
1085 669 1211 738 Deinde
1235 668 1294 739 ille

40 756 165 843 quidem
181 757 352 846 Ephesum
374 756 541 834 discedit:
561 758 617 828 hio
634 771 747 828 autem
766 778 882 826 assum
913 771 983 825 tum
1002 757 1035 824 in
1054 756 1193 826 domum
1213 757 1294 827 ado-

41 846 207 915 lescentem
232 846 355 925 alebat,
383 847 586 928 instruebat,
606 869 725 916 curam
751 846 827 934 ejus
844 779 1001 927 hahebat,
1026 845 1161 914 tandem
1188 849 1289 916 etiam

41 935 218 1023 baptizavit.
246 940 349 1004 Porro
375 935 434 1004 ubi
460 937 594 1004 Domini
612 934 845 1026 signaculum,
865 955 988 1023 nempe
1013 934 1152 1004 lirmum
1181 935 1294 1003 muni-

40 1039 177 1092 mentum
204 1025 271 1114 ipsi
295 1023 497 1104 addidisset,
517 1024 680 1113 deinceps
703 1023 860 1093 custodia
885 1023 1031 1092 liberum
1057 1045 1130 1092 esse
1146 1022 1290 1092 dimisit.

42 1112 80 1178 ld
95 1112 181 1181 hunc
197 1125 325 1194 autem,
344 1115 404 1199 qui
429 1125 507 1182 ante
524 1126 659 1202 tempus
678 1112 913 1182 remissionem
932 1126 1120 1200 acceperat,
1141 1112 1290 1182 subeunt

43 1200 183 1269 nonnulli
208 1201 395 1282 coaetanei,
421 1201 566 1271 effrenes
591 1225 630 1270 ac
655 1200 904 1289 indisciplinati
921 1200 956 1270 in
972 1201 1234 1289 cupiditatibus.
1255 1206 1294 1269 Et

46 1290 175 1375 primum
201 1290 344 1376 quidem
369 1289 619 1359 adolescentem
645 1290 688 1358 ad
720 1290 799 1358 vitia
830 1289 1105 1379 persuasibilem,
1138 1290 1294 1379 pretiosis

44 1378 188 1448 conviviis
211 1401 253 1448 ac
279 1379 408 1448 mensis
441 1379 507 1449 sibi
542 1377 738 1448 conciliant.
770 1383 862 1460 Quae
893 1393 1005 1446 autem
1038 1379 1116 1446 hine
1149 1391 1293 1464 sequuta

42 1471 129 1534 sunt?
151 1467 276 1536 Facilis
298 1468 391 1536 enim
409 1489 447 1536 ac
463 1466 623 1556 proclivis
636 1483 687 1536 est
701 1469 753 1535 via
770 1489 858 1553 quae
876 1466 970 1535 ducit
987 1465 1028 1536 ad
1048 1467 1139 1548 vitia,
1155 1481 1187 1536 et
1199 1491 1291 1548 eum,

41 1555 90 1640 qui
114 1557 261 1644 primum
284 1557 358 1626 e‘us
375 1557 486 1645 attigit
503 1556 663 1646 gradum,
681 1555 781 1625 facile
805 1555 990 1624 admodum
1010 1569 1060 1624 est
1082 1577 1141 1644 per
1155 1577 1291 1624 omnem

41 1644 262 1729 aequalitatem
289 1578 422 1713 detrahi
439 1651 595 1734 protinus
612 1668 721 1732 usque
746 1645 787 1712 ad
809 1656 1011 1714 extremum.
1036 1649 1105 1714 Hac
1132 1646 1182 1713 via
1208 1645 1292 1714 dum

39 1732 125 1800 etiam
153 1747 253 1803 nocte
268 1733 310 1801 ad
336 1731 427 1803 furta
453 1734 672 1815 accederent,
700 1733 949 1802 adolescentem
975 1754 1044 1800 una
1074 1734 1290 1822 protrahunt.

43 1819 90 1887 llle
112 1843 185 1892 vero
204 1825 278 1912 jam
305 1843 420 1892 amore
444 1822 615 1892 latrocinii
639 1844 840 1903 succensus
867 1836 899 1891 et
923 1842 983 1910 spe
1007 1821 1207 1892 divitiarum
1232 1845 1293 1891 cu-

43 1908 197 1995 piditatem
223 1931 406 1991 exacuens,
435 1911 521 1979 nihil
538 1912 609 2000 jam
637 1909 877 1990 meditabatur,
893 1909 983 1996 quod
1004 1923 1092 1978 esset
1111 1911 1287 2000 exiguum,
1351 1917 1354 1922 “

45 2015 161 2088 propter
177 2015 321 2070 naturae
337 2021 377 2068 ac
393 2000 520 2070 indolis
537 2001 809 2089 generositatem.
830 2001 980 2085 Denique
997 2000 1098 2069 etiam
1120 1998 1291 2068 latronum

42 2087 234 2158 sodalitatem
255 2089 321 2168 his,
348 2089 408 2174 qui
424 2111 539 2158 secum
557 2101 666 2170 erant,
692 2088 949 2166 demonstravit,
977 2101 1078 2174 atque
1105 2088 1159 2155 hic
1185 2087 1288 2156 latro-

46 2197 110 2242 num
127 2179 301 2267 princeps,
322 2178 522 2265 primusque
540 2191 655 2266 raptor
671 2191 742 2246 erat
763 2177 1096 2246 vehementissimus.
1114 2181 1190 2244 Post
1211 2176 1293 2244 haec

48 2283 107 2332 tero
129 2267 187 2336 ubi
214 2272 367 2336 loannes
388 2288 525 2335 rursum
560 2266 602 2334 ad
629 2288 704 2336 eam
732 2266 901 2335 civitatem
922 2279 1115 2346 remeasset,
1136 2265 1290 2344 caeteris,

49 2367 160 2439 propter
175 2378 267 2441 quae
290 2377 329 2423 eo
346 2356 493 2435 venera't,
512 2355 699 2444 dispositis,
727 2369 765 2424 ut
784 2377 933 2441 aequum
951 2367 1040 2422 erat:
1069 2376 1086 2420 ι
1105 2359 1169 2444 ige
1195 2375 1288 2433 sane,

45 2439 134 2526 inquit
155 2446 197 2512 ad
227 2444 449 2533 Episcopum,
470 2443 664 2533 depositum
690 2445 789 2512 nobis
816 2443 929 2524 redde,
952 2441 1043 2528 quod
1064 2465 1127 2532 ego
1147 2455 1179 2511 et
1199 2442 1302 2510 chri:

43 2541 102 2598 stus
124 2531 194 2603 loco
219 2532 315 2602 testis
334 2534 367 2602 in
385 2533 528 2602 ecclesia
545 2533 636 2622 apud
658 2546 687 2601 te
703 2533 940 2622 deposuimus.
956 2557 973 2598 »
992 2537 1029 2600 tt
1051 2532 1108 2600 ille
1125 2553 1203 2599 cum
1222 2531 1292 2599 exi-

43 2619 176 2690 stimaret
201 2623 367 2710 pecunias
393 2643 478 2702 esse,
505 2643 592 2711 quae
617 2634 860 2710 repeterentur,
890 2621 1040 2710 primum
1065 2619 1205 2706 quidem
1230 2620 1290 2688 ob-

42 2709 166 2794 stupuit,
183 2731 264 2780 cum
285 2710 351 2780 sibi
377 2731 444 2778 non
464 2723 552 2779 esset
568 2711 726 2778 conscius
742 2733 777 2778 se
795 2710 840 2788 id,
867 2709 957 2796 quod
985 2710 1211 2798 repetebatur,
1238 2730 1293 2776 ac-

42 2797 168 2881 cepisse,
185 2812 217 2868 et
236 2820 346 2885 neque
360 2798 498 2868 credere
517 2812 629 2888 posset
645 2798 717 2867 fieri
738 2800 971 2888 repetitionem
993 2801 1036 2866 ob
1053 2821 1103 2878 ea,
1123 2819 1210 2884 quae
1225 2819 1292 2865 non

41 2881 173 2968 haberet,
193 2908 306 2973 neque
329 2889 454 2956 loanni
480 2909 546 2957 non
564 2887 713 2956 credere.
737 2887 799 2956 Ubi
825 2900 938 2956 autem
957 2886 1117 2956 dixisset:
1138 2908 1156 2952 c
1173 2885 1294 2956 Adole-

41 2987 173 3043 scentem
206 2987 332 3065 repeto,
359 2990 392 3044 et
415 2976 529 3046 fratris
553 2977 718 3056 animam,
741 3000 757 3042 ι)
784 2976 941 3046 intimius
968 2977 1149 3060 suspirans
1174 2997 1288 3054 senex,

40 3060 208 3155 ardentiori
225 3065 362 3154 spiritu,
381 3087 421 3134 ao
438 3065 751 3154 sublacrymatione
770 3065 943 3134 miseriam
969 3063 1151 3134 indicans:
1175 3088 1193 3130 n
1215 3063 1289 3144 Ille,

41 3153 148 3234 nquit,
167 3169 325 3226 mortuus
348 3167 409 3224 est.
433 3177 451 3221 ι
479 3160 582 3224 Porro
603 3153 844 3244 interrogatus,
866 3151 1018 3240 quando,
1044 3167 1077 3222 et
1104 3153 1289 3241 quomode,

41 3255 134 3320 quare
154 3256 277 3312 morte:
305 3265 323 3308 c
350 3249 426 3323 Deo,
447 3243 570 3329 inquit,
591 3256 748 3312 mortuus
764 3255 825 3323 est,
848 3265 927 3311 cum
953 3241 1173 3312 latrocinium
1198 3263 1292 3310 exer-

41 3345 104 3394 cere
119 3328 266 3418 elegerit,
285 3347 317 3400 et
331 3345 479 3400 urentem
502 3332 576 3401 loco
590 3331 754 3401 ecclesiae
770 3332 972 3412 inhabitare,
986 3331 1196 3420 perditorum
1213 3352 1293 3398 corr-

44 3418 249 3488 versationem
271 3420 451 3509 amplexus
477 3421 601 3510 potius,
628 3443 730 3507 quam
752 3433 902 3490 nostram
924 3441 1005 3510 erga
1030 3420 1144 3508 ipsum
1166 3417 1293 3489 sollici·

44 3502 178 3575 tudinem
195 3531 235 3578 ac
251 3531 418 3578 curam.»
442 3514 480 3578 ht
502 3508 557 3577 ille
581 3511 624 3579 ob
650 3511 711 3579 hoc
728 3508 844 3578 dolore
863 3508 1053 3578 vehementi
1077 3529 1288 3597 oppressus:

44 3594 208 3677 «Revera,
237 3597 359 3683 inquit,
386 3621 403 3666 e
431 3599 562 3688 regium
590 3611 619 3667 te
641 3599 816 3668 custodem
843 3598 979 3666 animae
1002 3596 1118 3665 fratris
1147 3596 1290 3693 reliqpp:

45 3697 144 3750 terum
159 3707 269 3771 equus
282 3685 355 3774 jam
381 3621 481 3766 adsit,
508 3707 547 3754 ac
568 3689 640 3755 viae
660 3687 783 3756 ductor
809 3687 893 3755 mihi
917 3684 1028 3754 detur.
1049 3685 1285 3770 »Statimque

46 3785 213 3866 conscenso
236 3795 336 3864 equo,
364 3788 449 3845 totas
473 3774 607 3844 laxabat
630 3775 794 3854 habenas,
815 3777 982 3844 minorem
1004 3796 1078 3844 esse
1093 3774 1293 3843 existimans

45 3873 107 3939 cqur
126 3861 329 3932 velocitatem
348 3886 410 3953 pro
430 3887 492 3934 sua
508 3865 734 3934 festinatione.
752 3871 910 3950 tamque,
932 3876 1045 3932 monte
1062 3861 1290 3951 apprehenso,

46 3963 60 4006 a
76 3943 236 4020 latronum
253 3952 421 4033 custodia,
441 3953 527 4021 nihil
545 3953 746 4042 deprecans,
765 3973 873 4038 neque
889 3952 1037 4040 lugiens,
1057 3951 1205 4040 capitur.
1219 3972 1236 4014 «
1255 3955 1293 4018 Et

49 4049 73 4096 m
90 4032 157 4116 boc,
183 4039 306 4140 inquit,
330 4043 424 4110 veni:
453 4043 567 4128 itaque
590 4042 631 4110 ad
653 4042 843 4132 principem
869 4054 1019 4111 vestrum
1040 4063 1101 4109 me
1125 4040 1292 4108 ducite.»
1345 4123 1350 4134 ι

50 4120 131 4193 Porro
153 4128 210 4196 ubi
236 4128 292 4198 ille
317 4129 410 4200 bunc
433 4153 507 4200 esse
532 4131 647 4219 ipsum
671 4136 837 4200 loannem
859 4131 1029 4218 cognovit,
1048 4143 1136 4199 certe
1163 4123 1293 4217 pudore

50 4210 180 4284 sulusus
195 4215 292 4306 lugit.
310 4223 348 4287 lt
364 4218 419 4287 hic
435 4219 600 4289 oblivioni
616 4219 739 4289 tradita
765 4231 948 4300 senectute,
969 4242 1008 4288 ac
1026 4218 1185 4297 motione,
1205 4238 1293 4304 quac

54 4301 197 4387 mundum
214 4307 377 4392 consequi
395 4307 489 4379 solet.
514 4309 740 4397 persequitur.
762 4308 888 4376 Deinde
907 4330 1033 4398 magna
1052 4306 1199 4392 quadam
1217 4329 1293 4396 gra·

56 4397 131 4468 ltque
146 4411 222 4461 voce
237 4394 412 4463 clamans:
439 4396 574 4478 «Quid,
594 4396 717 4482 inquit,
737 4395 798 4478 tili,
816 4397 907 4486 sugis
933 4419 987 4465 me
1013 4409 1142 4485 patrem
1170 4397 1294 4464 tuum?
