<?xml version="1.0" encoding="UTF-8"?>
<!DOCTYPE html PUBLIC "-//W3C//DTD XHTML 1.0 Transitional//EN"
    "http://www.w3.org/TR/xhtml1/DTD/xhtml1-transitional.dtd">
<html xmlns="http://www.w3.org/1999/xhtml" xml:lang="en" lang="en">
 <head>
  <title>
</title>
<meta http-equiv="Content-Type" content="text/html;charset=utf-8" />
  <meta name='ocr-system' content='tesseract 3.04.00' />
  <meta name='ocr-capabilities' content='ocr_page ocr_carea ocr_par ocr_line ocrx_word'/>
</head>
<body>
  <div class='ocr_page' id='page_1' title='image "./historiaeseuvit00lippgoog_0034.png"; bbox 0 0 3046 4838; ppageno 0'>
   <div class='ocr_carea' id='block_1_1' title="bbox 80 307 1303 380">
    <p class='ocr_par' dir='ltr' id='par_1_1' title="bbox 80 307 1303 380">
     <span class='ocr_line' id='line_1_1' title="bbox 80 307 1303 380; baseline 0.003 -6"><span class='ocrx_word' id='word_1_1' title='bbox 80 307 147 374; x_wconf 77' lang='lat' dir='ltr'><strong>tlt.</strong></span> <span class='ocrx_word' id='word_1_2' title='bbox 171 309 183 372; x_wconf 88' lang='lat' dir='ltr'><strong>t</strong></span> <span class='ocrx_word' id='word_1_3' title='bbox 485 331 532 378; x_wconf 82' lang='lat' dir='ltr'><strong>uir</strong></span> <span class='ocrx_word' id='word_1_4' title='bbox 554 330 581 378; x_wconf 92' lang='lat' dir='ltr'><strong>s.</strong></span> <span class='ocrx_word' id='word_1_5' title='bbox 602 329 708 378; x_wconf 81' lang='lat' dir='ltr'><strong>auram</strong></span> <span class='ocrx_word' id='word_1_6' title='bbox 731 330 780 378; x_wconf 81' lang='grc' dir='ltr'><strong>ιι.</strong></span> <span class='ocrx_word' id='word_1_7' title='bbox 807 329 938 380; x_wconf 79' lang='lat' dir='ltr'><strong>nomon.</strong></span> <span class='ocrx_word' id='word_1_8' title='bbox 1262 313 1303 378; x_wconf 83' lang='lat' dir='ltr'><strong>to</strong></span> 
     </span>
    </p>
   </div>
   <div class='ocr_carea' id='block_1_2' title="bbox 1 411 1364 4352">
    <p class='ocr_par' dir='ltr' id='par_1_2' title="bbox 1 411 1348 1469">
     <span class='ocr_line' id='line_1_2' title="bbox 75 411 1347 503; baseline 0.005 -23"><span class='ocrx_word' id='word_1_9' title='bbox 75 411 339 500; x_wconf 88' lang='lat' dir='ltr'><strong>pmlioisoeretur.</strong></span> <span class='ocrx_word' id='word_1_10' title='bbox 373 417 513 503; x_wconf 87' lang='lat' dir='ltr'><strong>ltaque</strong></span> <span class='ocrx_word' id='word_1_11' title='bbox 537 427 769 486; x_wconf 78' lang='lat' dir='ltr'>commoratus</span> <span class='ocrx_word' id='word_1_12' title='bbox 794 413 921 485; x_wconf 87' lang='lat' dir='ltr'><strong>ibidem</strong></span> <span class='ocrx_word' id='word_1_13' title='bbox 950 416 1184 502; x_wconf 77' lang='lat' dir='ltr'>aliquamdiu,</span> <span class='ocrx_word' id='word_1_14' title='bbox 1212 415 1347 486; x_wconf 86' lang='lat' dir='ltr'><strong>rediens</strong></span> 
     </span>
     <span class='ocr_line' id='line_1_3' title="bbox 75 500 1348 598; baseline 0.005 -29"><span class='ocrx_word' id='word_1_15' title='bbox 75 500 195 570; x_wconf 86' lang='lat' dir='ltr'><strong>domurn</strong></span> <span class='ocrx_word' id='word_1_16' title='bbox 218 501 319 572; x_wconf 93' lang='lat' dir='ltr'><strong>illum</strong></span> <span class='ocrx_word' id='word_1_17' title='bbox 347 507 492 595; x_wconf 83' lang='lat' dir='ltr'>Regem</span> <span class='ocrx_word' id='word_1_18' title='bbox 521 527 638 576; x_wconf 90' lang='lat' dir='ltr'><strong>securn</strong></span> <span class='ocrx_word' id='word_1_19' title='bbox 662 504 807 576; x_wconf 81' lang='lat' dir='ltr'><strong>adduxit</strong></span> <span class='ocrx_word' id='word_1_20' title='bbox 826 525 905 574; x_wconf 92' lang='lat' dir='ltr'><strong>oum</strong></span> <span class='ocrx_word' id='word_1_21' title='bbox 932 505 1040 576; x_wconf 88' lang='lat' dir='ltr'><strong>multo</strong></span> <span class='ocrx_word' id='word_1_22' title='bbox 1063 505 1213 576; x_wconf 86' lang='lat' dir='ltr'><strong>exercitu</strong></span> <span class='ocrx_word' id='word_1_23' title='bbox 1237 507 1348 598; x_wconf 90' lang='lat' dir='ltr'><strong>gentis</strong></span> 
     </span>
     <span class='ocr_line' id='line_1_4' title="bbox 73 591 1347 686; baseline 0.005 -27"><span class='ocrx_word' id='word_1_24' title='bbox 73 591 145 678; x_wconf 86' lang='lat' dir='ltr'><strong>ejus,</strong></span> <span class='ocrx_word' id='word_1_25' title='bbox 164 611 311 679; x_wconf 87' lang='lat' dir='ltr'><strong>eumque</strong></span> <span class='ocrx_word' id='word_1_26' title='bbox 327 593 366 661; x_wconf 91' lang='lat' dir='ltr'><strong>iu</strong></span> <span class='ocrx_word' id='word_1_27' title='bbox 387 593 519 664; x_wconf 87' lang='lat' dir='ltr'><strong>Priulo</strong></span> <span class='ocrx_word' id='word_1_28' title='bbox 534 595 552 630; x_wconf 75' lang='lat'>*</span> <span class='ocrx_word' id='word_1_29' title='bbox 568 593 648 664; x_wconf 89' lang='lat' dir='ltr'><strong>rilla</strong></span> <span class='ocrx_word' id='word_1_30' title='bbox 667 594 750 686; x_wconf 83' lang='lat' dir='ltr'><strong>Regi</strong></span> <span class='ocrx_word' id='word_1_31' title='bbox 771 600 979 664; x_wconf 80' lang='lat' dir='ltr'><strong>Francorum</strong></span> <span class='ocrx_word' id='word_1_32' title='bbox 998 607 1232 685; x_wconf 67' lang='lat' dir='ltr'><strong>praesentans</strong></span> <span class='ocrx_word' id='word_1_33' title='bbox 1252 597 1347 686; x_wconf 81' lang='lat' dir='ltr'><strong>pacis</strong></span> 
     </span>
     <span class='ocr_line' id='line_1_5' title="bbox 74 679 1346 774; baseline 0.007 -27"><span class='ocrx_word' id='word_1_34' title='bbox 74 679 188 748; x_wconf 87' lang='lat' dir='ltr'><strong>loedere</strong></span> <span class='ocrx_word' id='word_1_35' title='bbox 209 680 288 752; x_wconf 91' lang='lat' dir='ltr'><strong>illos</strong></span> <span class='ocrx_word' id='word_1_36' title='bbox 319 683 533 772; x_wconf 84' lang='lat' dir='ltr'><strong>conjunxit.</strong></span> <span class='ocrx_word' id='word_1_37' title='bbox 564 689 602 753; x_wconf 89' lang='lat' dir='ltr'><strong>Et</strong></span> <span class='ocrx_word' id='word_1_38' title='bbox 632 683 689 754; x_wconf 92' lang='lat' dir='ltr'><strong>ille</strong></span> <span class='ocrx_word' id='word_1_39' title='bbox 713 683 852 772; x_wconf 88' lang='lat' dir='ltr'><strong>quidam</strong></span> <span class='ocrx_word' id='word_1_40' title='bbox 879 684 1074 754; x_wconf 75' lang='lat' dir='ltr'><strong>Britanniae</strong></span> <span class='ocrx_word' id='word_1_41' title='bbox 1105 689 1175 755; x_wconf 84' lang='lat' dir='ltr'><strong>Rex</strong></span> <span class='ocrx_word' id='word_1_42' title='bbox 1206 685 1346 774; x_wconf 89' lang='lat' dir='ltr'><strong>eopiosa</strong></span> 
     </span>
     <span class='ocr_line' id='line_1_6' title="bbox 74 770 1343 865; baseline 0.005 -27"><span class='ocrx_word' id='word_1_43' title='bbox 74 790 199 839; x_wconf 86' lang='lat' dir='ltr'><strong>munera</strong></span> <span class='ocrx_word' id='word_1_44' title='bbox 222 770 364 854; x_wconf 90' lang='lat' dir='ltr'><strong>attulit,</strong></span> <span class='ocrx_word' id='word_1_45' title='bbox 403 772 469 842; x_wconf 90' lang='lat' dir='ltr'><strong>sed</strong></span> <span class='ocrx_word' id='word_1_46' title='bbox 497 773 642 844; x_wconf 89' lang='lat' dir='ltr'><strong>uberius</strong></span> <span class='ocrx_word' id='word_1_47' title='bbox 677 786 903 854; x_wconf 89' lang='lat' dir='ltr'><strong>muneratus,</strong></span> <span class='ocrx_word' id='word_1_48' title='bbox 938 773 981 843; x_wconf 88' lang='lat' dir='ltr'><strong>ad</strong></span> <span class='ocrx_word' id='word_1_49' title='bbox 1009 775 1149 865; x_wconf 90' lang='lat' dir='ltr'><strong>propria</strong></span> <span class='ocrx_word' id='word_1_50' title='bbox 1174 772 1274 844; x_wconf 89' lang='lat' dir='ltr'><strong>rediit</strong></span> <span class='ocrx_word' id='word_1_51' title='bbox 1297 775 1343 844; x_wconf 75' lang='lat'><strong>**.</strong></span> 
     </span>
     <span class='ocr_line' id='line_1_7' title="bbox 73 859 1346 952; baseline 0.006 -26"><span class='ocrx_word' id='word_1_52' title='bbox 73 860 144 939; x_wconf 75' lang='lat' dir='ltr'><strong>duis</strong></span> <span class='ocrx_word' id='word_1_53' title='bbox 163 881 239 930; x_wconf 85' lang='lat' dir='ltr'><strong>reru</strong></span> <span class='ocrx_word' id='word_1_54' title='bbox 261 859 305 930; x_wconf 90' lang='lat' dir='ltr'><strong>ad</strong></span> <span class='ocrx_word' id='word_1_55' title='bbox 340 860 498 952; x_wconf 86' lang='lat' dir='ltr'><strong>plenum</strong></span> <span class='ocrx_word' id='word_1_56' title='bbox 531 861 679 934; x_wconf 89' lang='lat' dir='ltr'><strong>sufficiat</strong></span> <span class='ocrx_word' id='word_1_57' title='bbox 714 884 897 944; x_wconf 88' lang='lat' dir='ltr'><strong>enarrare,</strong></span> <span class='ocrx_word' id='word_1_58' title='bbox 930 875 1078 951; x_wconf 87' lang='lat' dir='ltr'><strong>quantas</strong></span> <span class='ocrx_word' id='word_1_59' title='bbox 1102 863 1137 932; x_wconf 92' lang='lat' dir='ltr'><strong>iu</strong></span> <span class='ocrx_word' id='word_1_60' title='bbox 1161 884 1200 933; x_wconf 90' lang='lat' dir='ltr'><strong>eo</strong></span> <span class='ocrx_word' id='word_1_61' title='bbox 1225 865 1346 934; x_wconf 92' lang='lat' dir='ltr'><strong>itinere</strong></span> 
     </span>
     <span class='ocr_line' id='line_1_8' title="bbox 75 947 1346 1043; baseline 0.005 -26"><span class='ocrx_word' id='word_1_62' title='bbox 75 947 188 1039; x_wconf 82' lang='lat' dir='ltr'><strong>Eligius</strong></span> <span class='ocrx_word' id='word_1_63' title='bbox 215 948 469 1040; x_wconf 84' lang='lat' dir='ltr'><strong>eleemosynas</strong></span> <span class='ocrx_word' id='word_1_64' title='bbox 498 950 640 1022; x_wconf 80' lang='lat' dir='ltr'><strong>fecerit?</strong></span> <span class='ocrx_word' id='word_1_65' title='bbox 663 957 745 1022; x_wconf 87' lang='lat' dir='ltr'><strong>Nam</strong></span> <span class='ocrx_word' id='word_1_66' title='bbox 772 964 905 1043; x_wconf 88' lang='lat' dir='ltr'><strong>praeter</strong></span> <span class='ocrx_word' id='word_1_67' title='bbox 940 974 1089 1035; x_wconf 91' lang='lat' dir='ltr'><strong>aurum,</strong></span> <span class='ocrx_word' id='word_1_68' title='bbox 1127 965 1346 1041; x_wconf 88' lang='lat' dir='ltr'><strong>caeterasque</strong></span> 
     </span>
     <span class='ocr_line' id='line_1_9' title="bbox 74 1039 1346 1136; baseline 0.006 -30"><span class='ocrx_word' id='word_1_69' title='bbox 74 1059 154 1136; x_wconf 87' lang='lat' dir='ltr'><strong>opes,</strong></span> <span class='ocrx_word' id='word_1_70' title='bbox 177 1059 262 1126; x_wconf 86' lang='lat' dir='ltr'><strong>quas</strong></span> <span class='ocrx_word' id='word_1_71' title='bbox 284 1039 492 1121; x_wconf 79' lang='lat' dir='ltr'><strong>distribuit,</strong></span> <span class='ocrx_word' id='word_1_72' title='bbox 520 1041 622 1111; x_wconf 91' lang='lat' dir='ltr'><strong>etiam</strong></span> <span class='ocrx_word' id='word_1_73' title='bbox 639 1041 818 1131; x_wconf 80' lang='lat' dir='ltr'><strong>cingulum</strong></span> <span class='ocrx_word' id='word_1_74' title='bbox 845 1063 946 1113; x_wconf 92' lang='lat' dir='ltr'><strong>suum</strong></span> <span class='ocrx_word' id='word_1_75' title='bbox 972 1063 1129 1124; x_wconf 88' lang='lat' dir='ltr'><strong>aureum,</strong></span> <span class='ocrx_word' id='word_1_76' title='bbox 1161 1042 1346 1134; x_wconf 88' lang='lat' dir='ltr'><strong>elegantis-</strong></span> 
     </span>
     <span class='ocr_line' id='line_1_10' title="bbox 75 1129 1342 1222; baseline 0.006 -26"><span class='ocrx_word' id='word_1_77' title='bbox 75 1147 148 1196; x_wconf 79' lang='lat' dir='ltr'><strong>sime</strong></span> <span class='ocrx_word' id='word_1_78' title='bbox 164 1141 331 1217; x_wconf 87' lang='lat' dir='ltr'><strong>aptatum,</strong></span> <span class='ocrx_word' id='word_1_79' title='bbox 362 1131 588 1222; x_wconf 87' lang='lat' dir='ltr'><strong>pauperibus</strong></span> <span class='ocrx_word' id='word_1_80' title='bbox 613 1144 645 1200; x_wconf 91' lang='lat' dir='ltr'><strong>et</strong></span> <span class='ocrx_word' id='word_1_81' title='bbox 670 1131 901 1200; x_wconf 88' lang='lat' dir='ltr'><strong>necessitatem</strong></span> <span class='ocrx_word' id='word_1_82' title='bbox 937 1131 1145 1221; x_wconf 90' lang='lat' dir='ltr'><strong>patientibus</strong></span> <span class='ocrx_word' id='word_1_83' title='bbox 1169 1129 1342 1220; x_wconf 87' lang='lat' dir='ltr'><strong>dispersit,</strong></span> 
     </span>
     <span class='ocr_line' id='line_1_11' title="bbox 1 1219 1345 1313; baseline 0.005 -29"><span class='ocrx_word' id='word_1_84' title='bbox 1 1267 2 1270; x_wconf 63' lang='lat'><strong>,</strong></span> <span class='ocrx_word' id='word_1_85' title='bbox 75 1229 107 1284; x_wconf 93' lang='lat' dir='ltr'><strong>ut</strong></span> <span class='ocrx_word' id='word_1_86' title='bbox 126 1239 142 1285; x_wconf 87' lang='lat' dir='ltr'><strong>a</strong></span> <span class='ocrx_word' id='word_1_87' title='bbox 166 1229 195 1288; x_wconf 90' lang='lat' dir='ltr'><strong>te</strong></span> <span class='ocrx_word' id='word_1_88' title='bbox 216 1221 245 1288; x_wconf 90' lang='lat' dir='ltr'><strong>ei</strong></span> <span class='ocrx_word' id='word_1_89' title='bbox 263 1219 483 1290; x_wconf 89' lang='lat' dir='ltr'><strong>Psalmistae</strong></span> <span class='ocrx_word' id='word_1_90' title='bbox 508 1242 570 1289; x_wconf 86' lang='lat' dir='ltr'><strong>vox</strong></span> <span class='ocrx_word' id='word_1_91' title='bbox 586 1233 700 1310; x_wconf 89' lang='lat' dir='ltr'><strong>posset</strong></span> <span class='ocrx_word' id='word_1_92' title='bbox 718 1241 924 1309; x_wconf 86' lang='lat' dir='ltr'><strong>congruere:</strong></span> <span class='ocrx_word' id='word_1_93' title='bbox 948 1223 1117 1312; x_wconf 70' lang='lat' dir='ltr'><strong>Dispensat,</strong></span> <span class='ocrx_word' id='word_1_94' title='bbox 1147 1222 1237 1290; x_wconf 82' lang='lat' dir='ltr'><strong>dedit</strong></span> <span class='ocrx_word' id='word_1_95' title='bbox 1257 1245 1345 1313; x_wconf 83' lang='lat' dir='ltr'><strong>pau-</strong></span> 
     </span>
     <span class='ocr_line' id='line_1_12' title="bbox 1 1308 1346 1469; baseline 0.004 -93"><span class='ocrx_word' id='word_1_96' title='bbox 1 1311 2 1370; x_wconf 78' lang='grc' dir='ltr'>ῗ</span> <span class='ocrx_word' id='word_1_97' title='bbox 75 1327 108 1396; x_wconf 82' lang='lat' dir='ltr'><strong>pe</strong></span> <span class='ocrx_word' id='word_1_98' title='bbox 133 1308 210 1377; x_wconf 73' lang='grc' dir='ltr'>ἰιιε</span> <span class='ocrx_word' id='word_1_99' title='bbox 229 1311 377 1410; x_wconf 79' lang='lat' dir='ltr'><strong>justitio</strong></span> <span class='ocrx_word' id='word_1_100' title='bbox 407 1313 487 1401; x_wconf 85' lang='lat' dir='ltr'><strong>ejus</strong></span> <span class='ocrx_word' id='word_1_101' title='bbox 510 1311 677 1380; x_wconf 79' lang='lat' dir='ltr'><strong>macelin</strong></span> <span class='ocrx_word' id='word_1_102' title='bbox 707 1313 857 1380; x_wconf 84' lang='lat' dir='ltr'><strong>seculum</strong></span> <span class='ocrx_word' id='word_1_103' title='bbox 880 1312 985 1380; x_wconf 82' lang='lat' dir='ltr'><strong>seculi</strong></span> <span class='ocrx_word' id='word_1_104' title='bbox 998 1311 1066 1401; x_wconf 82' lang='lat' dir='ltr'><strong>(Pa.</strong></span> <span class='ocrx_word' id='word_1_105' title='bbox 1096 1310 1185 1469; x_wconf 52' lang='lat' dir='ltr'><strong>tt?</strong></span> <span class='ocrx_word' id='word_1_106' title='bbox 1205 1315 1346 1401; x_wconf 84' lang='lat' dir='ltr'><strong>Semper</strong></span> 
     </span>
    </p>

    <p class='ocr_par' dir='ltr' id='par_1_3' title="bbox 1 1395 1348 2562">
     <span class='ocr_line' id='line_1_13' title="bbox 76 1395 1343 1488; baseline 0.005 -25"><span class='ocrx_word' id='word_1_107' title='bbox 76 1395 154 1465; x_wconf 89' lang='lat' dir='ltr'><strong>enim</strong></span> <span class='ocrx_word' id='word_1_108' title='bbox 182 1397 403 1488; x_wconf 82' lang='lat' dir='ltr'><strong>ubicumque</strong></span> <span class='ocrx_word' id='word_1_109' title='bbox 431 1411 536 1481; x_wconf 87' lang='lat' dir='ltr'><strong>esset,</strong></span> <span class='ocrx_word' id='word_1_110' title='bbox 567 1400 769 1470; x_wconf 89' lang='lat' dir='ltr'><strong>sententiam</strong></span> <span class='ocrx_word' id='word_1_111' title='bbox 801 1399 896 1469; x_wconf 88' lang='lat' dir='ltr'><strong>illam</strong></span> <span class='ocrx_word' id='word_1_112' title='bbox 914 1397 1062 1488; x_wconf 79' lang='lat' dir='ltr'><strong>Apostoli</strong></span> <span class='ocrx_word' id='word_1_113' title='bbox 1088 1420 1141 1469; x_wconf 87' lang='lat' dir='ltr'><strong>me</strong></span> <span class='ocrx_word' id='word_1_114' title='bbox 1169 1399 1343 1471; x_wconf 89' lang='lat' dir='ltr'><strong>itabatur:</strong></span> 
     </span>
     <span class='ocr_line' id='line_1_14' title="bbox 77 1487 1348 1591; baseline 0.005 -37"><span class='ocrx_word' id='word_1_115' title='bbox 77 1487 222 1557; x_wconf 82' lang='lat' dir='ltr'><strong>debentes</strong></span> <span class='ocrx_word' id='word_1_116' title='bbox 235 1491 412 1560; x_wconf 83' lang='lat' dir='ltr'><strong>alimenta</strong></span> <span class='ocrx_word' id='word_1_117' title='bbox 432 1500 466 1559; x_wconf 91' lang='lat' dir='ltr'><strong>et</strong></span> <span class='ocrx_word' id='word_1_118' title='bbox 480 1490 600 1580; x_wconf 75' lang='lat' dir='ltr'><strong>quites</strong></span> <span class='ocrx_word' id='word_1_119' title='bbox 623 1499 789 1591; x_wconf 77' lang='lat' dir='ltr'><strong>tepamur,</strong></span> <span class='ocrx_word' id='word_1_120' title='bbox 813 1491 864 1558; x_wconf 81' lang='lat' dir='ltr'><strong>bis</strong></span> <span class='ocrx_word' id='word_1_121' title='bbox 881 1490 1026 1559; x_wconf 84' lang='lat' dir='ltr'><strong>contenti</strong></span> <span class='ocrx_word' id='word_1_122' title='bbox 1046 1491 1163 1558; x_wconf 80' lang='lat' dir='ltr'><strong>simus.</strong></span> <span class='ocrx_word' id='word_1_123' title='bbox 1183 1494 1270 1560; x_wconf 86' lang='lat' dir='ltr'><strong>Nam</strong></span> <span class='ocrx_word' id='word_1_124' title='bbox 1286 1494 1348 1582; x_wconf 82' lang='lat' dir='ltr'><strong>qai</strong></span> 
     </span>
     <span class='ocr_line' id='line_1_15' title="bbox 79 1577 1348 1671; baseline 0.002 -26"><span class='ocrx_word' id='word_1_125' title='bbox 79 1577 176 1645; x_wconf 84' lang='lat' dir='ltr'><strong>uolunt</strong></span> <span class='ocrx_word' id='word_1_126' title='bbox 198 1579 318 1649; x_wconf 77' lang='lat' dir='ltr'><strong>dtbc&#39;tes</strong></span> <span class='ocrx_word' id='word_1_127' title='bbox 344 1581 440 1668; x_wconf 75' lang='lat' dir='ltr'><strong>fieri,</strong></span> <span class='ocrx_word' id='word_1_128' title='bbox 468 1579 621 1648; x_wconf 69' lang='lat' dir='ltr'><strong>madunt</strong></span> <span class='ocrx_word' id='word_1_129' title='bbox 643 1603 680 1648; x_wconf 79' lang='lat' dir='ltr'><strong>aa</strong></span> <span class='ocrx_word' id='word_1_130' title='bbox 699 1580 925 1660; x_wconf 82' lang='lat' dir='ltr'><strong>tentationem,</strong></span> <span class='ocrx_word' id='word_1_131' title='bbox 948 1581 1029 1648; x_wconf 83' lang='lat' dir='ltr'><strong>etin</strong></span> <span class='ocrx_word' id='word_1_132' title='bbox 1046 1579 1348 1671; x_wconf 81' lang='lat' dir='ltr'><strong>laqueumdiclroli</strong></span> 
     </span>
     <span class='ocr_line' id='line_1_16' title="bbox 1 1665 1346 1767; baseline 0.004 -35"><span class='ocrx_word' id='word_1_133' title='bbox 1 1745 2 1754; x_wconf 9' lang='grc' dir='ltr'>ἶ</span> <span class='ocrx_word' id='word_1_134' title='bbox 79 1665 119 1750; x_wconf 86' lang='lat' dir='ltr'><strong>(t.</strong></span> <span class='ocrx_word' id='word_1_135' title='bbox 138 1667 207 1735; x_wconf 80' lang='lat' dir='ltr'><strong>Tim.</strong></span> <span class='ocrx_word' id='word_1_136' title='bbox 224 1667 284 1758; x_wconf 84' lang='grc' dir='ltr'>ιι).</span> <span class='ocrx_word' id='word_1_137' title='bbox 302 1673 347 1738; x_wconf 82' lang='lat' dir='ltr'><strong>Et</strong></span> <span class='ocrx_word' id='word_1_138' title='bbox 374 1668 464 1737; x_wconf 89' lang='lat' dir='ltr'><strong>baec</strong></span> <span class='ocrx_word' id='word_1_139' title='bbox 485 1666 613 1767; x_wconf 76' lang='lat' dir='ltr'><strong>iugiter</strong></span> <span class='ocrx_word' id='word_1_140' title='bbox 627 1667 863 1750; x_wconf 90' lang='lat' dir='ltr'><strong>considerans,</strong></span> <span class='ocrx_word' id='word_1_141' title='bbox 879 1666 1024 1738; x_wconf 84' lang='lat' dir='ltr'><strong>iaciebat</strong></span> <span class='ocrx_word' id='word_1_142' title='bbox 1038 1669 1168 1738; x_wconf 89' lang='lat' dir='ltr'><strong>amicos</strong></span> <span class='ocrx_word' id='word_1_143' title='bbox 1183 1667 1225 1738; x_wconf 87' lang='lat' dir='ltr'><strong>da</strong></span> <span class='ocrx_word' id='word_1_144' title='bbox 1240 1673 1346 1738; x_wconf 86' lang='lat' dir='ltr'><strong>Mam-</strong></span> 
     </span>
     <span class='ocr_line' id='line_1_17' title="bbox 1 1755 1341 1848; baseline 0.004 -28"><span class='ocrx_word' id='word_1_145' title='bbox 1 1841 2 1846; x_wconf 8' lang='lat'><em>*</em></span> <span class='ocrx_word' id='word_1_146' title='bbox 81 1772 167 1822; x_wconf 90' lang='lat' dir='ltr'><strong>mona</strong></span> <span class='ocrx_word' id='word_1_147' title='bbox 186 1755 412 1845; x_wconf 77' lang='lat' dir='ltr'><strong>iniquitatiS‚</strong></span> <span class='ocrx_word' id='word_1_148' title='bbox 443 1757 505 1844; x_wconf 92' lang='lat' dir='ltr'><strong>qui</strong></span> <span class='ocrx_word' id='word_1_149' title='bbox 532 1779 646 1846; x_wconf 91' lang='lat' dir='ltr'><strong>1psum</strong></span> <span class='ocrx_word' id='word_1_150' title='bbox 671 1757 861 1848; x_wconf 88' lang='lat' dir='ltr'><strong>reciperent</strong></span> <span class='ocrx_word' id='word_1_151' title='bbox 883 1758 919 1827; x_wconf 93' lang='lat' dir='ltr'><strong>in</strong></span> <span class='ocrx_word' id='word_1_152' title='bbox 945 1769 1083 1827; x_wconf 88' lang='lat' dir='ltr'><strong>aeterna</strong></span> <span class='ocrx_word' id='word_1_153' title='bbox 1109 1757 1341 1828; x_wconf 85' lang='lat' dir='ltr'><strong>tabernacula.</strong></span> 
     </span>
     <span class='ocr_line' id='line_1_18' title="bbox 79 1845 1345 1937; baseline 0.005 -26"><span class='ocrx_word' id='word_1_154' title='bbox 79 1847 168 1930; x_wconf 78' lang='lat' dir='ltr'><strong>itque</strong></span> <span class='ocrx_word' id='word_1_155' title='bbox 189 1847 232 1917; x_wconf 89' lang='lat' dir='ltr'><strong>ita</strong></span> <span class='ocrx_word' id='word_1_156' title='bbox 252 1846 456 1937; x_wconf 86' lang='lat' dir='ltr'><strong>satagebat,</strong></span> <span class='ocrx_word' id='word_1_157' title='bbox 483 1859 521 1916; x_wconf 94' lang='lat' dir='ltr'><strong>ut</strong></span> <span class='ocrx_word' id='word_1_158' title='bbox 543 1867 623 1916; x_wconf 92' lang='lat' dir='ltr'><strong>cum</strong></span> <span class='ocrx_word' id='word_1_159' title='bbox 645 1846 727 1917; x_wconf 89' lang='lat' dir='ltr'><strong>baec</strong></span> <span class='ocrx_word' id='word_1_160' title='bbox 759 1846 876 1917; x_wconf 91' lang='lat' dir='ltr'><strong>omnia</strong></span> <span class='ocrx_word' id='word_1_161' title='bbox 905 1845 1047 1928; x_wconf 89' lang='lat' dir='ltr'><strong>laceret,</strong></span> <span class='ocrx_word' id='word_1_162' title='bbox 1082 1848 1345 1918; x_wconf 89' lang='lat' dir='ltr'><strong>ostentationem</strong></span> 
     </span>
     <span class='ocr_line' id='line_1_19' title="bbox 80 1934 1345 2028; baseline 0.004 -27"><span class='ocrx_word' id='word_1_163' title='bbox 80 1934 198 2020; x_wconf 88' lang='lat' dir='ltr'><strong>penitus</strong></span> <span class='ocrx_word' id='word_1_164' title='bbox 218 1936 376 2028; x_wconf 87' lang='lat' dir='ltr'><strong>fugeret,</strong></span> <span class='ocrx_word' id='word_1_165' title='bbox 400 1956 443 2005; x_wconf 91' lang='lat' dir='ltr'><strong>ne</strong></span> <span class='ocrx_word' id='word_1_166' title='bbox 466 1935 501 2004; x_wconf 93' lang='lat' dir='ltr'><strong>in</strong></span> <span class='ocrx_word' id='word_1_167' title='bbox 529 1936 590 2006; x_wconf 88' lang='lat' dir='ltr'><strong>boo</strong></span> <span class='ocrx_word' id='word_1_168' title='bbox 615 1935 730 2007; x_wconf 90' lang='lat' dir='ltr'><strong>seculo</strong></span> <span class='ocrx_word' id='word_1_169' title='bbox 756 1935 875 2006; x_wconf 92' lang='lat' dir='ltr'><strong>laudes</strong></span> <span class='ocrx_word' id='word_1_170' title='bbox 891 1936 1062 2008; x_wconf 90' lang='lat' dir='ltr'><strong>humanas</strong></span> <span class='ocrx_word' id='word_1_171' title='bbox 1080 1958 1142 2008; x_wconf 93' lang='lat' dir='ltr'><strong>suo</strong></span> <span class='ocrx_word' id='word_1_172' title='bbox 1162 1959 1224 2027; x_wconf 92' lang='lat' dir='ltr'><strong>pro</strong></span> <span class='ocrx_word' id='word_1_173' title='bbox 1242 1958 1345 2026; x_wconf 89' lang='lat' dir='ltr'><strong>opere</strong></span> 
     </span>
     <span class='ocr_line' id='line_1_20' title="bbox 85 2022 1345 2116; baseline 0.006 -26"><span class='ocrx_word' id='word_1_174' title='bbox 85 2022 232 2114; x_wconf 80' lang='lat' dir='ltr'><strong>reciperat.</strong></span> <span class='ocrx_word' id='word_1_175' title='bbox 250 2032 348 2097; x_wconf 88' lang='lat' dir='ltr'><strong>Nam</strong></span> <span class='ocrx_word' id='word_1_176' title='bbox 366 2046 548 2113; x_wconf 88' lang='lat' dir='ltr'><strong>nunquam</strong></span> <span class='ocrx_word' id='word_1_177' title='bbox 574 2023 632 2094; x_wconf 88' lang='lat' dir='ltr'><strong>ille</strong></span> <span class='ocrx_word' id='word_1_178' title='bbox 656 2035 794 2116; x_wconf 89' lang='lat' dir='ltr'><strong>propter</strong></span> <span class='ocrx_word' id='word_1_179' title='bbox 816 2023 1051 2096; x_wconf 83' lang='lat' dir='ltr'><strong>excellentiam</strong></span> <span class='ocrx_word' id='word_1_180' title='bbox 1078 2047 1177 2096; x_wconf 90' lang='lat' dir='ltr'><strong>suam</strong></span> <span class='ocrx_word' id='word_1_181' title='bbox 1203 2025 1345 2098; x_wconf 85' lang='lat' dir='ltr'><strong>inflatus</strong></span> 
     </span>
     <span class='ocr_line' id='line_1_21' title="bbox 85 2114 1342 2205; baseline 0.002 -27"><span class='ocrx_word' id='word_1_182' title='bbox 85 2125 124 2180; x_wconf 91' lang='lat' dir='ltr'><strong>est</strong></span> <span class='ocrx_word' id='word_1_183' title='bbox 142 2116 323 2205; x_wconf 86' lang='lat' dir='ltr'><strong>superbia:</strong></span> <span class='ocrx_word' id='word_1_184' title='bbox 349 2135 529 2202; x_wconf 88' lang='lat' dir='ltr'><strong>nunquam</strong></span> <span class='ocrx_word' id='word_1_185' title='bbox 555 2135 671 2185; x_wconf 87' lang='lat' dir='ltr'><strong>servos</strong></span> <span class='ocrx_word' id='word_1_186' title='bbox 694 2135 776 2185; x_wconf 91' lang='lat' dir='ltr'><strong>suos</strong></span> <span class='ocrx_word' id='word_1_187' title='bbox 804 2114 953 2186; x_wconf 86' lang='lat' dir='ltr'><strong>adducta</strong></span> <span class='ocrx_word' id='word_1_188' title='bbox 976 2114 1087 2186; x_wconf 89' lang='lat' dir='ltr'><strong>lronte</strong></span> <span class='ocrx_word' id='word_1_189' title='bbox 1110 2115 1342 2205; x_wconf 89' lang='lat' dir='ltr'><strong>contempsit:</strong></span> 
     </span>
     <span class='ocr_line' id='line_1_22' title="bbox 84 2200 1344 2296; baseline 0.003 -26"><span class='ocrx_word' id='word_1_190' title='bbox 84 2200 130 2270; x_wconf 83' lang='lat' dir='ltr'><strong>sad</strong></span> <span class='ocrx_word' id='word_1_191' title='bbox 146 2206 279 2276; x_wconf 89' lang='lat' dir='ltr'><strong>cunctis</strong></span> <span class='ocrx_word' id='word_1_192' title='bbox 305 2205 386 2294; x_wconf 90' lang='lat' dir='ltr'><strong>ipse</strong></span> <span class='ocrx_word' id='word_1_193' title='bbox 410 2202 582 2286; x_wconf 90' lang='lat' dir='ltr'><strong>amabilis,</strong></span> <span class='ocrx_word' id='word_1_194' title='bbox 605 2204 779 2296; x_wconf 87' lang='lat' dir='ltr'><strong>principes</strong></span> <span class='ocrx_word' id='word_1_195' title='bbox 802 2203 967 2296; x_wconf 87' lang='lat' dir='ltr'><strong>diligebat</strong></span> <span class='ocrx_word' id='word_1_196' title='bbox 983 2217 1021 2274; x_wconf 91' lang='lat' dir='ltr'><strong>ut</strong></span> <span class='ocrx_word' id='word_1_197' title='bbox 1045 2202 1179 2285; x_wconf 87' lang='lat' dir='ltr'><strong>iratres,</strong></span> <span class='ocrx_word' id='word_1_198' title='bbox 1202 2225 1344 2274; x_wconf 84' lang='lat' dir='ltr'><strong>venera-</strong></span> 
     </span>
     <span class='ocr_line' id='line_1_23' title="bbox 82 2290 1343 2384; baseline 0.003 -26"><span class='ocrx_word' id='word_1_199' title='bbox 82 2290 215 2366; x_wconf 89' lang='lat' dir='ltr'><strong>baturut</strong></span> <span class='ocrx_word' id='word_1_200' title='bbox 230 2295 417 2366; x_wconf 90' lang='lat' dir='ltr'><strong>dominos.</strong></span> <span class='ocrx_word' id='word_1_201' title='bbox 436 2297 560 2363; x_wconf 85' lang='lat' dir='ltr'><strong>Eorum</strong></span> <span class='ocrx_word' id='word_1_202' title='bbox 584 2293 686 2363; x_wconf 87' lang='lat' dir='ltr'><strong>etiam</strong></span> <span class='ocrx_word' id='word_1_203' title='bbox 713 2293 900 2376; x_wconf 90' lang='lat' dir='ltr'><strong>ministros,</strong></span> <span class='ocrx_word' id='word_1_204' title='bbox 926 2317 966 2365; x_wconf 90' lang='lat' dir='ltr'><strong>ac</strong></span> <span class='ocrx_word' id='word_1_205' title='bbox 996 2294 1197 2364; x_wconf 90' lang='lat' dir='ltr'><strong>universum</strong></span> <span class='ocrx_word' id='word_1_206' title='bbox 1223 2293 1343 2384; x_wconf 89' lang='lat' dir='ltr'><strong>palatii</strong></span> 
     </span>
     <span class='ocr_line' id='line_1_24' title="bbox 84 2381 1343 2474; baseline 0.003 -27"><span class='ocrx_word' id='word_1_207' title='bbox 84 2381 229 2466; x_wconf 90' lang='lat' dir='ltr'><strong>ordinem,</strong></span> <span class='ocrx_word' id='word_1_208' title='bbox 265 2405 341 2471; x_wconf 91' lang='lat' dir='ltr'><strong>quo</strong></span> <span class='ocrx_word' id='word_1_209' title='bbox 365 2381 492 2474; x_wconf 86' lang='lat' dir='ltr'><strong>regalis</strong></span> <span class='ocrx_word' id='word_1_210' title='bbox 514 2381 749 2471; x_wconf 81' lang='lat' dir='ltr'><strong>frequentatur</strong></span> <span class='ocrx_word' id='word_1_211' title='bbox 784 2383 946 2465; x_wconf 88' lang='lat' dir='ltr'><strong>ambitio,</strong></span> <span class='ocrx_word' id='word_1_212' title='bbox 973 2383 1244 2456; x_wconf 88' lang='lat' dir='ltr'><strong>concordissimo</strong></span> <span class='ocrx_word' id='word_1_213' title='bbox 1277 2383 1343 2452; x_wconf 92' lang='lat' dir='ltr'><strong>sibi</strong></span> 
     </span>
     <span class='ocr_line' id='line_1_25' title="bbox 84 2469 882 2562; baseline 0.006 -26"><span class='ocrx_word' id='word_1_214' title='bbox 84 2469 241 2545; x_wconf 87' lang='lat' dir='ltr'><strong>charitatis</strong></span> <span class='ocrx_word' id='word_1_215' title='bbox 263 2472 394 2544; x_wconf 80' lang='lat' dir='ltr'><strong>Christi</strong></span> <span class='ocrx_word' id='word_1_216' title='bbox 415 2470 710 2562; x_wconf 83' lang='lat' dir='ltr'><strong>conglutinaverat</strong></span> <span class='ocrx_word' id='word_1_217' title='bbox 733 2471 882 2543; x_wconf 90' lang='lat' dir='ltr'><strong>vinculo.</strong></span> 
     </span>
    </p>

    <p class='ocr_par' dir='ltr' id='par_1_4' title="bbox 1 2560 1344 3377">
     <span class='ocr_line' id='line_1_26' title="bbox 117 2560 1344 2653; baseline -0.006 -16"><span class='ocrx_word' id='word_1_218' title='bbox 117 2563 220 2648; x_wconf 70' lang='lat' dir='ltr'><strong>ild.</strong></span> <span class='ocrx_word' id='word_1_219' title='bbox 249 2567 359 2633; x_wconf 87' lang='lat' dir='ltr'><strong>Porro</strong></span> <span class='ocrx_word' id='word_1_220' title='bbox 379 2567 449 2632; x_wconf 84' lang='lat' dir='ltr'><strong>Rex</strong></span> <span class='ocrx_word' id='word_1_221' title='bbox 474 2561 703 2652; x_wconf 86' lang='lat' dir='ltr'><strong>Dagobertus,</strong></span> <span class='ocrx_word' id='word_1_222' title='bbox 731 2575 863 2632; x_wconf 87' lang='lat' dir='ltr'><strong>torrens</strong></span> <span class='ocrx_word' id='word_1_223' title='bbox 890 2561 1034 2653; x_wconf 90' lang='lat' dir='ltr'><strong>pulcher</strong></span> <span class='ocrx_word' id='word_1_224' title='bbox 1049 2573 1083 2634; x_wconf 93' lang='lat' dir='ltr'><strong>et</strong></span> <span class='ocrx_word' id='word_1_225' title='bbox 1106 2561 1268 2652; x_wconf 82' lang='lat' dir='ltr'><strong>inclytus,</strong></span> <span class='ocrx_word' id='word_1_226' title='bbox 1297 2560 1344 2630; x_wconf 89' lang='lat' dir='ltr'><strong>ita</strong></span> 
     </span>
     <span class='ocr_line' id='line_1_27' title="bbox 80 2650 1340 2741; baseline 0.002 -24"><span class='ocrx_word' id='word_1_227' title='bbox 80 2661 110 2719; x_wconf 90' lang='lat' dir='ltr'><strong>ut</strong></span> <span class='ocrx_word' id='word_1_228' title='bbox 128 2652 243 2724; x_wconf 90' lang='lat' dir='ltr'><strong>nullus</strong></span> <span class='ocrx_word' id='word_1_229' title='bbox 260 2653 294 2721; x_wconf 87' lang='lat' dir='ltr'><strong>ei</strong></span> <span class='ocrx_word' id='word_1_230' title='bbox 319 2651 447 2724; x_wconf 88' lang='lat' dir='ltr'><strong>similis</strong></span> <span class='ocrx_word' id='word_1_231' title='bbox 472 2650 573 2721; x_wconf 90' lang='lat' dir='ltr'><strong>luerit</strong></span> <span class='ocrx_word' id='word_1_232' title='bbox 600 2652 634 2720; x_wconf 92' lang='lat' dir='ltr'><strong>in</strong></span> <span class='ocrx_word' id='word_1_233' title='bbox 662 2652 797 2722; x_wconf 88' lang='lat' dir='ltr'><strong>cunctis</strong></span> <span class='ocrx_word' id='word_1_234' title='bbox 828 2661 916 2722; x_wconf 90' lang='lat' dir='ltr'><strong>retro</strong></span> <span class='ocrx_word' id='word_1_235' title='bbox 940 2655 1148 2722; x_wconf 80' lang='lat' dir='ltr'><strong>Francorum</strong></span> <span class='ocrx_word' id='word_1_236' title='bbox 1176 2651 1340 2741; x_wconf 87' lang='lat' dir='ltr'><strong>Regibus,</strong></span> 
     </span>
     <span class='ocr_line' id='line_1_28' title="bbox 80 2736 1344 2842; baseline 0.003 -37"><span class='ocrx_word' id='word_1_237' title='bbox 80 2736 237 2812; x_wconf 89' lang='lat' dir='ltr'><strong>intantum</strong></span> <span class='ocrx_word' id='word_1_238' title='bbox 264 2741 434 2832; x_wconf 87' lang='lat' dir='ltr'><strong>diligebat</strong></span> <span class='ocrx_word' id='word_1_239' title='bbox 456 2761 547 2820; x_wconf 88' lang='lat' dir='ltr'><strong>eum,</strong></span> <span class='ocrx_word' id='word_1_240' title='bbox 568 2754 607 2810; x_wconf 91' lang='lat' dir='ltr'><strong>ut</strong></span> <span class='ocrx_word' id='word_1_241' title='bbox 630 2739 825 2828; x_wconf 84' lang='lat' dir='ltr'><strong>frequentor</strong></span> <span class='ocrx_word' id='word_1_242' title='bbox 848 2741 992 2812; x_wconf 89' lang='lat' dir='ltr'><strong>catervis</strong></span> <span class='ocrx_word' id='word_1_243' title='bbox 1017 2741 1228 2842; x_wconf 88' lang='lat' dir='ltr'><strong>principum,</strong></span> <span class='ocrx_word' id='word_1_244' title='bbox 1254 2739 1344 2830; x_wconf 91' lang='lat' dir='ltr'><strong>opti-</strong></span> 
     </span>
     <span class='ocr_line' id='line_1_29' title="bbox 80 2829 1344 2921; baseline 0.004 -26"><span class='ocrx_word' id='word_1_245' title='bbox 80 2843 212 2911; x_wconf 89' lang='lat' dir='ltr'><strong>matum,</strong></span> <span class='ocrx_word' id='word_1_246' title='bbox 233 2831 367 2900; x_wconf 88' lang='lat' dir='ltr'><strong>ducum</strong></span> <span class='ocrx_word' id='word_1_247' title='bbox 393 2842 494 2916; x_wconf 89' lang='lat' dir='ltr'><strong>atque</strong></span> <span class='ocrx_word' id='word_1_248' title='bbox 518 2829 639 2918; x_wconf 84' lang='lat' dir='ltr'><strong>Episco</strong></span> <span class='ocrx_word' id='word_1_249' title='bbox 665 2851 764 2900; x_wconf 91' lang='lat' dir='ltr'><strong>orum</strong></span> <span class='ocrx_word' id='word_1_250' title='bbox 790 2852 826 2902; x_wconf 90' lang='lat' dir='ltr'><strong>se</strong></span> <span class='ocrx_word' id='word_1_251' title='bbox 843 2829 1063 2912; x_wconf 86' lang='lat' dir='ltr'><strong>subtrahens,</strong></span> <span class='ocrx_word' id='word_1_252' title='bbox 1089 2829 1189 2921; x_wconf 79' lang='lat' dir='ltr'><strong>Eligii</strong></span> <span class='ocrx_word' id='word_1_253' title='bbox 1214 2842 1344 2900; x_wconf 88' lang='lat' dir='ltr'><strong>secreta</strong></span> 
     </span>
     <span class='ocr_line' id='line_1_30' title="bbox 80 2852 1342 3011; baseline 0.002 -26"><span class='ocrx_word' id='word_1_254' title='bbox 80 2931 238 3008; x_wconf 83' lang='lat' dir='ltr'><strong>expeteret</strong></span> <span class='ocrx_word' id='word_1_255' title='bbox 272 2918 459 3007; x_wconf 79' lang='lat' dir='ltr'><strong>colloquia.</strong></span> <span class='ocrx_word' id='word_1_256' title='bbox 486 2852 663 3006; x_wconf 68' lang='lat' dir='ltr'><strong>Quicquid</strong></span> <span class='ocrx_word' id='word_1_257' title='bbox 681 2931 795 2990; x_wconf 87' lang='lat' dir='ltr'><strong>autem</strong></span> <span class='ocrx_word' id='word_1_258' title='bbox 830 2919 962 3011; x_wconf 86' lang='lat' dir='ltr'><strong>Eligius</strong></span> <span class='ocrx_word' id='word_1_259' title='bbox 986 2920 1092 2990; x_wconf 89' lang='lat' dir='ltr'><strong>abeo</strong></span> <span class='ocrx_word' id='word_1_260' title='bbox 1118 2919 1280 3011; x_wconf 89' lang='lat' dir='ltr'><strong>petiisset,</strong></span> <span class='ocrx_word' id='word_1_261' title='bbox 1308 2916 1342 2987; x_wconf 93' lang='lat' dir='ltr'><strong>id</strong></span> 
     </span>
     <span class='ocr_line' id='line_1_31' title="bbox 80 3005 1343 3099; baseline 0.002 -25"><span class='ocrx_word' id='word_1_262' title='bbox 80 3006 199 3097; x_wconf 88' lang='lat' dir='ltr'><strong>absque</strong></span> <span class='ocrx_word' id='word_1_263' title='bbox 214 3008 289 3079; x_wconf 89' lang='lat' dir='ltr'><strong>ulla</strong></span> <span class='ocrx_word' id='word_1_264' title='bbox 305 3007 471 3078; x_wconf 89' lang='lat' dir='ltr'><strong>dilatione</strong></span> <span class='ocrx_word' id='word_1_265' title='bbox 489 3008 716 3099; x_wconf 85' lang='lat' dir='ltr'><strong>impetrabat:</strong></span> <span class='ocrx_word' id='word_1_266' title='bbox 736 3008 841 3096; x_wconf 90' lang='lat' dir='ltr'><strong>idque</strong></span> <span class='ocrx_word' id='word_1_267' title='bbox 856 3022 977 3090; x_wconf 89' lang='lat' dir='ltr'><strong>totum,</strong></span> <span class='ocrx_word' id='word_1_268' title='bbox 1005 3007 1096 3096; x_wconf 92' lang='lat' dir='ltr'><strong>quod</strong></span> <span class='ocrx_word' id='word_1_269' title='bbox 1117 3008 1160 3078; x_wconf 91' lang='lat' dir='ltr'><strong>ab</strong></span> <span class='ocrx_word' id='word_1_270' title='bbox 1185 3008 1245 3078; x_wconf 95' lang='lat' dir='ltr'><strong>illo</strong></span> <span class='ocrx_word' id='word_1_271' title='bbox 1268 3005 1343 3077; x_wconf 88' lang='lat' dir='ltr'><strong>adi-</strong></span> 
     </span>
     <span class='ocr_line' id='line_1_32' title="bbox 1 3095 1340 3194; baseline 0.001 -30"><span class='ocrx_word' id='word_1_272' title='bbox 1 3095 2 3138; x_wconf 67' lang='lat' dir='ltr'><strong>l</strong></span> <span class='ocrx_word' id='word_1_273' title='bbox 80 3097 159 3194; x_wconf 89' lang='lat' dir='ltr'><strong>pisci</strong></span> <span class='ocrx_word' id='word_1_274' title='bbox 182 3110 335 3189; x_wconf 88' lang='lat' dir='ltr'><strong>poterat,</strong></span> <span class='ocrx_word' id='word_1_275' title='bbox 365 3098 400 3166; x_wconf 92' lang='lat' dir='ltr'><strong>in</strong></span> <span class='ocrx_word' id='word_1_276' title='bbox 426 3095 662 3188; x_wconf 83' lang='lat' dir='ltr'><strong>eleemosynas</strong></span> <span class='ocrx_word' id='word_1_277' title='bbox 685 3098 879 3189; x_wconf 91' lang='lat' dir='ltr'><strong>egentium,</strong></span> <span class='ocrx_word' id='word_1_278' title='bbox 909 3099 942 3169; x_wconf 92' lang='lat' dir='ltr'><strong>in</strong></span> <span class='ocrx_word' id='word_1_279' title='bbox 975 3099 1082 3190; x_wconf 91' lang='lat' dir='ltr'><strong>pretia</strong></span> <span class='ocrx_word' id='word_1_280' title='bbox 1106 3098 1340 3189; x_wconf 85' lang='lat' dir='ltr'><strong>captivorum,</strong></span> 
     </span>
     <span class='ocr_line' id='line_1_33' title="bbox 81 3186 1343 3290; baseline 0.003 -38"><span class='ocrx_word' id='word_1_281' title='bbox 81 3207 112 3254; x_wconf 92' lang='grc' dir='ltr'><strong>ιιι</strong></span> <span class='ocrx_word' id='word_1_282' title='bbox 134 3187 283 3258; x_wconf 83' lang='lat' dir='ltr'><strong>remedia</strong></span> <span class='ocrx_word' id='word_1_283' title='bbox 302 3186 470 3257; x_wconf 90' lang='lat' dir='ltr'><strong>debilium</strong></span> <span class='ocrx_word' id='word_1_284' title='bbox 495 3187 717 3278; x_wconf 85' lang='lat' dir='ltr'><strong>expendebat.</strong></span> <span class='ocrx_word' id='word_1_285' title='bbox 738 3188 835 3258; x_wconf 91' lang='lat' dir='ltr'><strong>Unde</strong></span> <span class='ocrx_word' id='word_1_286' title='bbox 858 3200 890 3258; x_wconf 95' lang='lat' dir='ltr'><strong>et</strong></span> <span class='ocrx_word' id='word_1_287' title='bbox 914 3189 987 3279; x_wconf 92' lang='lat' dir='ltr'><strong>ipse</strong></span> <span class='ocrx_word' id='word_1_288' title='bbox 1007 3189 1167 3290; x_wconf 89' lang='lat' dir='ltr'><strong>princeps</strong></span> <span class='ocrx_word' id='word_1_289' title='bbox 1188 3186 1343 3256; x_wconf 89' lang='lat' dir='ltr'><strong>libentis-</strong></span> 
     </span>
     <span class='ocr_line' id='line_1_34' title="bbox 82 3276 1314 3377; baseline 0.002 -35"><span class='ocrx_word' id='word_1_290' title='bbox 82 3277 159 3346; x_wconf 87' lang='lat' dir='ltr'><strong>sime</strong></span> <span class='ocrx_word' id='word_1_291' title='bbox 177 3277 384 3367; x_wconf 84' lang='lat' dir='ltr'><strong>praestabat,</strong></span> <span class='ocrx_word' id='word_1_292' title='bbox 411 3276 502 3366; x_wconf 91' lang='lat' dir='ltr'><strong>quod</strong></span> <span class='ocrx_word' id='word_1_293' title='bbox 523 3276 651 3347; x_wconf 89' lang='lat' dir='ltr'><strong>sciebat</strong></span> <span class='ocrx_word' id='word_1_294' title='bbox 668 3277 828 3347; x_wconf 86' lang='lat' dir='ltr'><strong>nonuni.</strong></span> <span class='ocrx_word' id='word_1_295' title='bbox 851 3277 907 3348; x_wconf 87' lang='lat' dir='ltr'><strong>sed</strong></span> <span class='ocrx_word' id='word_1_296' title='bbox 928 3277 1101 3369; x_wconf 81' lang='lat' dir='ltr'><strong>pluribus,</strong></span> <span class='ocrx_word' id='word_1_297' title='bbox 1122 3276 1314 3377; x_wconf 36' lang='lat' dir='ltr'><strong>prodesse..</strong></span> 
     </span>
    </p>

    <p class='ocr_par' dir='ltr' id='par_1_5' title="bbox 84 3364 1364 4147">
     <span class='ocr_line' id='line_1_35' title="bbox 120 3364 1342 3457; baseline -0.004 -18"><span class='ocrx_word' id='word_1_298' title='bbox 120 3367 228 3452; x_wconf 67' lang='lat'><strong>515.</strong></span> <span class='ocrx_word' id='word_1_299' title='bbox 258 3367 410 3454; x_wconf 87' lang='lat' dir='ltr'><strong>Denique</strong></span> <span class='ocrx_word' id='word_1_300' title='bbox 433 3365 521 3436; x_wconf 89' lang='lat' dir='ltr'><strong>inter</strong></span> <span class='ocrx_word' id='word_1_301' title='bbox 547 3379 680 3437; x_wconf 87' lang='lat' dir='ltr'><strong>caetera</strong></span> <span class='ocrx_word' id='word_1_302' title='bbox 704 3366 801 3457; x_wconf 92' lang='lat' dir='ltr'><strong>petiit</strong></span> <span class='ocrx_word' id='word_1_303' title='bbox 819 3365 863 3436; x_wconf 92' lang='lat' dir='ltr'><strong>ab</strong></span> <span class='ocrx_word' id='word_1_304' title='bbox 893 3387 932 3436; x_wconf 91' lang='lat' dir='ltr'><strong>eo</strong></span> <span class='ocrx_word' id='word_1_305' title='bbox 956 3366 1073 3437; x_wconf 89' lang='lat' dir='ltr'><strong>villam</strong></span> <span class='ocrx_word' id='word_1_306' title='bbox 1093 3364 1281 3454; x_wconf 88' lang='lat' dir='ltr'><strong>quamdam</strong></span> <span class='ocrx_word' id='word_1_307' title='bbox 1306 3387 1342 3434; x_wconf 94' lang='grc' dir='ltr'><strong>ιιι</strong></span> 
     </span>
     <span class='ocr_line' id='line_1_36' title="bbox 84 3454 1339 3542; baseline 0 -18"><span class='ocrx_word' id='word_1_308' title='bbox 84 3477 154 3526; x_wconf 89' lang='lat' dir='ltr'><strong>rure</strong></span> <span class='ocrx_word' id='word_1_309' title='bbox 176 3457 405 3537; x_wconf 80' lang='lat' dir='ltr'><strong>lemovicino,</strong></span> <span class='ocrx_word' id='word_1_310' title='bbox 422 3477 526 3542; x_wconf 84' lang='lat' dir='ltr'><strong>quarn</strong></span> <span class='ocrx_word' id='word_1_311' title='bbox 552 3456 806 3527; x_wconf 89' lang='lat' dir='ltr'><strong>Solemniacum</strong></span> <span class='ocrx_word' id='word_1_312' title='bbox 820 3454 872 3490; x_wconf 72' lang='lat'><strong>*⁸*</strong></span> <span class='ocrx_word' id='word_1_313' title='bbox 893 3456 1077 3527; x_wconf 87' lang='lat' dir='ltr'><strong>vocabant:</strong></span> <span class='ocrx_word' id='word_1_314' title='bbox 1096 3459 1224 3524; x_wconf 84' lang='lat' dir='ltr'><strong>«Hanc</strong></span> <span class='ocrx_word' id='word_1_315' title='bbox 1242 3454 1339 3536; x_wconf 89' lang='lat' dir='ltr'><strong>mibi,</strong></span> 
     </span>
     <span class='ocr_line' id='line_1_37' title="bbox 85 3544 1364 3634; baseline 0.002 -24"><span class='ocrx_word' id='word_1_316' title='bbox 85 3545 243 3632; x_wconf 89' lang='lat' dir='ltr'><strong>inquiens,</strong></span> <span class='ocrx_word' id='word_1_317' title='bbox 272 3545 412 3616; x_wconf 87' lang='lat' dir='ltr'><strong>dominc</strong></span> <span class='ocrx_word' id='word_1_318' title='bbox 437 3545 484 3614; x_wconf 91' lang='lat' dir='ltr'><strong>mi</strong></span> <span class='ocrx_word' id='word_1_319' title='bbox 509 3549 600 3628; x_wconf 84' lang='lat' dir='ltr'><strong>Rex,</strong></span> <span class='ocrx_word' id='word_1_320' title='bbox 628 3547 792 3616; x_wconf 89' lang='lat' dir='ltr'><strong>serenitas</strong></span> <span class='ocrx_word' id='word_1_321' title='bbox 817 3558 874 3615; x_wconf 92' lang='lat' dir='ltr'><strong>tua</strong></span> <span class='ocrx_word' id='word_1_322' title='bbox 905 3545 1085 3626; x_wconf 89' lang='lat' dir='ltr'><strong>concedat,</strong></span> <span class='ocrx_word' id='word_1_323' title='bbox 1116 3565 1185 3633; x_wconf 90' lang='lat' dir='ltr'><strong>quo</strong></span> <span class='ocrx_word' id='word_1_324' title='bbox 1212 3544 1340 3634; x_wconf 92' lang='lat' dir='ltr'><strong>possim</strong></span> <span class='ocrx_word' id='word_1_325' title='bbox 1361 3582 1364 3588; x_wconf 93' lang='lat'>·</span> 
     </span>
     <span class='ocr_line' id='line_1_38' title="bbox 84 3633 1342 3724; baseline 0.003 -26"><span class='ocrx_word' id='word_1_326' title='bbox 84 3633 136 3713; x_wconf 90' lang='lat' dir='ltr'><strong>ibi,</strong></span> <span class='ocrx_word' id='word_1_327' title='bbox 160 3648 191 3704; x_wconf 90' lang='lat' dir='ltr'><strong>et</strong></span> <span class='ocrx_word' id='word_1_328' title='bbox 215 3635 277 3704; x_wconf 91' lang='lat' dir='ltr'><strong>tibi</strong></span> <span class='ocrx_word' id='word_1_329' title='bbox 300 3647 333 3705; x_wconf 86' lang='lat' dir='ltr'><strong>et</strong></span> <span class='ocrx_word' id='word_1_330' title='bbox 358 3634 445 3704; x_wconf 89' lang='lat' dir='ltr'><strong>mibi</strong></span> <span class='ocrx_word' id='word_1_331' title='bbox 475 3635 602 3706; x_wconf 90' lang='lat' dir='ltr'><strong>scalam</strong></span> <span class='ocrx_word' id='word_1_332' title='bbox 630 3647 837 3716; x_wconf 89' lang='lat' dir='ltr'><strong>construere,</strong></span> <span class='ocrx_word' id='word_1_333' title='bbox 870 3655 928 3724; x_wconf 88' lang='lat' dir='ltr'><strong>per</strong></span> <span class='ocrx_word' id='word_1_334' title='bbox 946 3657 1051 3722; x_wconf 85' lang='lat' dir='ltr'><strong>quam</strong></span> <span class='ocrx_word' id='word_1_335' title='bbox 1078 3654 1273 3704; x_wconf 88' lang='lat' dir='ltr'><strong>mereamur</strong></span> <span class='ocrx_word' id='word_1_336' title='bbox 1298 3633 1342 3703; x_wconf 92' lang='lat' dir='ltr'><strong>ad</strong></span> 
     </span>
     <span class='ocr_line' id='line_1_39' title="bbox 84 3721 1343 3816; baseline 0.002 -27"><span class='ocrx_word' id='word_1_337' title='bbox 84 3721 230 3794; x_wconf 83' lang='lat' dir='ltr'><strong>coelestia</strong></span> <span class='ocrx_word' id='word_1_338' title='bbox 252 3745 362 3816; x_wconf 87' lang='lat' dir='ltr'><strong>regna</strong></span> <span class='ocrx_word' id='word_1_339' title='bbox 379 3736 521 3811; x_wconf 88' lang='lat' dir='ltr'><strong>uterque</strong></span> <span class='ocrx_word' id='word_1_340' title='bbox 544 3723 819 3795; x_wconf 88' lang='lat' dir='ltr'><strong>conscendere.»</strong></span> <span class='ocrx_word' id='word_1_341' title='bbox 845 3728 953 3806; x_wconf 82' lang='lat' dir='ltr'><strong>Quam</strong></span> <span class='ocrx_word' id='word_1_342' title='bbox 979 3725 1054 3816; x_wconf 87' lang='lat' dir='ltr'><strong>ejus</strong></span> <span class='ocrx_word' id='word_1_343' title='bbox 1079 3723 1275 3814; x_wconf 87' lang='lat' dir='ltr'><strong>petitionem</strong></span> <span class='ocrx_word' id='word_1_344' title='bbox 1301 3722 1343 3792; x_wconf 95' lang='lat' dir='ltr'><strong>li-</strong></span> 
     </span>
     <span class='ocr_line' id='line_1_40' title="bbox 85 3810 1344 3905; baseline 0.003 -27"><span class='ocrx_word' id='word_1_345' title='bbox 85 3810 192 3882; x_wconf 87' lang='lat' dir='ltr'><strong>benter</strong></span> <span class='ocrx_word' id='word_1_346' title='bbox 214 3818 297 3894; x_wconf 84' lang='lat' dir='ltr'><strong>Rex,</strong></span> <span class='ocrx_word' id='word_1_347' title='bbox 324 3813 416 3884; x_wconf 87' lang='lat' dir='ltr'><strong>siout</strong></span> <span class='ocrx_word' id='word_1_348' title='bbox 439 3813 578 3896; x_wconf 88' lang='lat' dir='ltr'><strong>solebat,</strong></span> <span class='ocrx_word' id='word_1_349' title='bbox 605 3813 757 3894; x_wconf 91' lang='lat' dir='ltr'><strong>admisit;</strong></span> <span class='ocrx_word' id='word_1_350' title='bbox 784 3825 816 3884; x_wconf 85' lang='lat' dir='ltr'><strong>et</strong></span> <span class='ocrx_word' id='word_1_351' title='bbox 831 3813 923 3900; x_wconf 89' lang='lat' dir='ltr'><strong>quod</strong></span> <span class='ocrx_word' id='word_1_352' title='bbox 941 3813 999 3884; x_wconf 89' lang='lat' dir='ltr'><strong>ille</strong></span> <span class='ocrx_word' id='word_1_353' title='bbox 1023 3824 1241 3905; x_wconf 87' lang='lat' dir='ltr'><strong>poposcerat,</strong></span> <span class='ocrx_word' id='word_1_354' title='bbox 1268 3813 1344 3884; x_wconf 89' lang='lat' dir='ltr'><strong>sine</strong></span> 
     </span>
     <span class='ocr_line' id='line_1_41' title="bbox 87 3902 1343 3993; baseline 0.002 -24"><span class='ocrx_word' id='word_1_355' title='bbox 87 3923 181 3982; x_wconf 86' lang='lat' dir='ltr'><strong>mora,</strong></span> <span class='ocrx_word' id='word_1_356' title='bbox 206 3902 287 3974; x_wconf 92' lang='lat' dir='ltr'><strong>dato</strong></span> <span class='ocrx_word' id='word_1_357' title='bbox 304 3914 497 3993; x_wconf 89' lang='lat' dir='ltr'><strong>praecepto,</strong></span> <span class='ocrx_word' id='word_1_358' title='bbox 524 3903 703 3974; x_wconf 89' lang='lat' dir='ltr'><strong>concessit.</strong></span> <span class='ocrx_word' id='word_1_359' title='bbox 723 3907 801 3972; x_wconf 83' lang='lat' dir='ltr'><strong>Erat</strong></span> <span class='ocrx_word' id='word_1_360' title='bbox 824 3913 938 3974; x_wconf 89' lang='lat' dir='ltr'><strong>autern</strong></span> <span class='ocrx_word' id='word_1_361' title='bbox 957 3917 1105 3993; x_wconf 90' lang='lat' dir='ltr'><strong>tempus,</strong></span> <span class='ocrx_word' id='word_1_362' title='bbox 1125 3924 1194 3991; x_wconf 86' lang='lat' dir='ltr'><strong>quo</strong></span> <span class='ocrx_word' id='word_1_363' title='bbox 1217 3923 1343 3974; x_wconf 88' lang='lat' dir='ltr'><strong>census</strong></span> 
     </span>
     <span class='ocr_line' id='line_1_42' title="bbox 87 3990 1342 4147; baseline 0.002 -88"><span class='ocrx_word' id='word_1_364' title='bbox 87 3990 236 4147; x_wconf 61' lang='lat' dir='ltr'><strong>publicus</strong></span> <span class='ocrx_word' id='word_1_365' title='bbox 266 4015 306 4063; x_wconf 86' lang='lat' dir='ltr'><strong>ox</strong></span> <span class='ocrx_word' id='word_1_366' title='bbox 335 3992 455 4062; x_wconf 90' lang='lat' dir='ltr'><strong>eodem</strong></span> <span class='ocrx_word' id='word_1_367' title='bbox 482 4014 568 4083; x_wconf 91' lang='lat' dir='ltr'><strong>pago</strong></span> <span class='ocrx_word' id='word_1_368' title='bbox 596 3993 631 4062; x_wconf 95' lang='lat' dir='ltr'><strong>in</strong></span> <span class='ocrx_word' id='word_1_369' title='bbox 657 3993 759 4082; x_wconf 85' lang='lat' dir='ltr'><strong>Regis</strong></span> <span class='ocrx_word' id='word_1_370' title='bbox 778 3992 978 4063; x_wconf 89' lang='lat' dir='ltr'><strong>thesaurum</strong></span> <span class='ocrx_word' id='word_1_371' title='bbox 1003 3991 1202 4063; x_wconf 86' lang='lat' dir='ltr'><strong>inserendus</strong></span> <span class='ocrx_word' id='word_1_372' title='bbox 1229 3993 1342 4084; x_wconf 84' lang='lat' dir='ltr'><strong>exige-</strong></span> 
     </span>
    </p>

    <p class='ocr_par' dir='ltr' id='par_1_6' title="bbox 89 4081 1343 4352">
     <span class='ocr_line' id='line_1_43' title="bbox 107 4081 1343 4172; baseline 0.002 -25"><span class='ocrx_word' id='word_1_373' title='bbox 107 4092 195 4162; x_wconf 73' lang='lat' dir='ltr'><strong>ntur,</strong></span> <span class='ocrx_word' id='word_1_374' title='bbox 227 4103 381 4170; x_wconf 90' lang='lat' dir='ltr'><strong>eumque</strong></span> <span class='ocrx_word' id='word_1_375' title='bbox 404 4083 517 4151; x_wconf 92' lang='lat' dir='ltr'><strong>omnis</strong></span> <span class='ocrx_word' id='word_1_376' title='bbox 540 4081 598 4151; x_wconf 92' lang='lat' dir='ltr'><strong>ille</strong></span> <span class='ocrx_word' id='word_1_377' title='bbox 622 4102 758 4162; x_wconf 80' lang='lat' dir='ltr'><strong>censue,</strong></span> <span class='ocrx_word' id='word_1_378' title='bbox 785 4082 819 4149; x_wconf 94' lang='lat' dir='ltr'><strong>in</strong></span> <span class='ocrx_word' id='word_1_379' title='bbox 848 4103 958 4151; x_wconf 94' lang='lat' dir='ltr'><strong>unum</strong></span> <span class='ocrx_word' id='word_1_380' title='bbox 977 4081 1151 4164; x_wconf 89' lang='lat' dir='ltr'><strong>collectus,</strong></span> <span class='ocrx_word' id='word_1_381' title='bbox 1175 4083 1258 4172; x_wconf 87' lang='lat' dir='ltr'><strong>Regi</strong></span> <span class='ocrx_word' id='word_1_382' title='bbox 1285 4103 1343 4170; x_wconf 91' lang='lat' dir='ltr'><strong>pa·</strong></span> 
     </span>
     <span class='ocr_line' id='line_1_44' title="bbox 89 4169 1342 4258; baseline 0.004 -24"><span class='ocrx_word' id='word_1_383' title='bbox 89 4182 207 4240; x_wconf 89' lang='lat' dir='ltr'><strong>raretur</strong></span> <span class='ocrx_word' id='word_1_384' title='bbox 233 4170 455 4251; x_wconf 77' lang='lat' dir='ltr'><strong>afferendae,</strong></span> <span class='ocrx_word' id='word_1_385' title='bbox 481 4170 648 4258; x_wconf 88' lang='lat' dir='ltr'><strong>velletque</strong></span> <span class='ocrx_word' id='word_1_386' title='bbox 672 4183 744 4240; x_wconf 91' lang='lat' dir='ltr'><strong>tum</strong></span> <span class='ocrx_word' id='word_1_387' title='bbox 768 4169 1001 4252; x_wconf 79' lang='lat' dir='ltr'><strong>domesticus,</strong></span> <span class='ocrx_word' id='word_1_388' title='bbox 1028 4183 1100 4242; x_wconf 90' lang='lat' dir='ltr'><strong>turn</strong></span> <span class='ocrx_word' id='word_1_389' title='bbox 1132 4171 1342 4241; x_wconf 89' lang='lat' dir='ltr'><strong>monetarius</strong></span> 
     </span>
     <span class='ocr_line' id='line_1_45' title="bbox 89 4258 1343 4352; baseline 0.004 -29"><span class='ocrx_word' id='word_1_390' title='bbox 89 4278 196 4330; x_wconf 90' lang='lat' dir='ltr'><strong>aururn</strong></span> <span class='ocrx_word' id='word_1_391' title='bbox 228 4261 343 4352; x_wconf 90' lang='lat' dir='ltr'><strong>ipsum</strong></span> <span class='ocrx_word' id='word_1_392' title='bbox 377 4258 474 4349; x_wconf 89' lang='lat' dir='ltr'><strong>prius</strong></span> <span class='ocrx_word' id='word_1_393' title='bbox 512 4259 661 4330; x_wconf 82' lang='lat' dir='ltr'><strong>fornacis</strong></span> <span class='ocrx_word' id='word_1_394' title='bbox 695 4259 848 4330; x_wconf 87' lang='lat' dir='ltr'><strong>coctione</strong></span> <span class='ocrx_word' id='word_1_395' title='bbox 883 4281 1053 4352; x_wconf 87' lang='lat' dir='ltr'><strong>purgare,</strong></span> <span class='ocrx_word' id='word_1_396' title='bbox 1092 4271 1131 4332; x_wconf 89' lang='lat' dir='ltr'><strong>ut</strong></span> <span class='ocrx_word' id='word_1_397' title='bbox 1162 4281 1224 4351; x_wconf 90' lang='lat' dir='ltr'><strong>pro</strong></span> <span class='ocrx_word' id='word_1_398' title='bbox 1248 4280 1343 4330; x_wconf 91' lang='lat' dir='ltr'><strong>more</strong></span> 
     </span>
    </p>
   </div>
   <div class='ocr_carea' id='block_1_3' title="bbox 110 4391 926 4529">
    <p class='ocr_par' dir='ltr' id='par_1_7' title="bbox 110 4391 926 4529">
     <span class='ocr_line' id='line_1_46' title="bbox 110 4391 926 4476; baseline 0.006 -17"><span class='ocrx_word' id='word_1_399' title='bbox 110 4397 512 4476; x_wconf 51' lang='lat' dir='ltr'><strong>mammaemammal-0.</strong></span> <span class='ocrx_word' id='word_1_400' title='bbox 765 4423 792 4452; x_wconf 65' lang='lat' dir='ltr'><strong>a*</strong></span> <span class='ocrx_word' id='word_1_401' title='bbox 806 4391 926 4466; x_wconf 64' lang='lat' dir='ltr'><strong>aeneae.</strong></span> 
     </span>
     <span class='ocr_line' id='line_1_47' title="bbox 112 4473 356 4529; baseline 0.004 -13"><span class='ocrx_word' id='word_1_402' title='bbox 112 4473 144 4501; x_wconf 80' lang='lat'><strong>⁸¹⁸</strong></span> <span class='ocrx_word' id='word_1_403' title='bbox 156 4477 228 4529; x_wconf 75' lang='lat' dir='ltr'><strong>&#39;luigo</strong></span> <span class='ocrx_word' id='word_1_404' title='bbox 241 4479 356 4529; x_wconf 62' lang='lat' dir='ltr'><strong>adelomus.</strong></span> 
     </span>
    </p>
   </div>
   <div class='ocr_carea' id='block_1_4' title="bbox 0 0 1535 4838">
    <p class='ocr_par' dir='ltr' id='par_1_8' title="bbox 0 0 1535 4838">
     <span class='ocr_line' id='line_1_48' title="bbox 0 0 1535 4838; baseline 0 0"><span class='ocrx_word' id='word_1_405' title='bbox 0 0 1535 4838; x_wconf 95' lang='lat' dir='ltr'><strong> </strong></span> 
     </span>
    </p>
   </div>
  </div>
 </body>
</html>
