2946 4798
267 285 333 349 l98
535 301 574 347 nn
597 301 644 348 ss.
671 299 837 348 rnnonono
862 299 899 347 nr
923 299 1111 350 mnornann
1134 302 1191 349 n.
1329 281 1398 348 lllltl.
1419 284 1445 344 Ξῖ

225 384 415 467 rebellavit;
442 385 638 475 complures
661 397 775 454 autem
793 395 934 474 propter
956 405 1053 475 spem
1070 397 1103 455 et
1123 385 1246 457 Christi
1268 384 1445 455 desideriun.

247 497 390 548 eneroso
403 487 435 544 et
447 473 526 544 furti
541 474 658 544 animo
677 485 971 564 contempserunt.
983 479 1066 545 Cum
1082 475 1210 562 quibus
1226 475 1279 544 bic
1292 495 1402 564 quoque
1414 475 1446 538 ur

223 501 375 645 divinus,
394 585 473 634 cum
492 563 567 645 hoc,
585 561 677 650 quod
695 561 782 632 nihil
806 563 910 632 cessit
932 563 976 632 iis
1004 583 1094 650 quae
1119 564 1391 653 promittebantur,
1407 561 1447 629 he-

224 655 369 734 neficiis,
387 653 470 723 loris
486 664 660 743 praeterea
675 672 811 732 caesae,
838 650 906 720 dici
927 673 997 722 non
1027 665 1136 742 potest
1159 665 1318 740 quantam
1341 651 1448 724 ostendit

222 743 483 822 fortitudinem,
506 741 608 812 sociis
636 741 836 810 certaminis
860 741 1002 810 effectus
1029 740 1207 831 exemplar
1237 764 1303 812 non
1324 739 1398 810 facile
1417 737 1447 806 ai·

222 830 445 903 imitandum.
465 835 542 920 Ipse
561 841 652 900 certe
675 850 755 899 cum
776 829 849 917 jam
874 829 996 899 suisset
1019 830 1050 899 ei
1073 851 1204 920 corpus
1227 830 1385 902 laceratum
1404 829 1448 894 lla-

221 921 333 1013 gellis,
352 932 385 990 et
409 919 521 992 solum
547 918 718 1009 sanguine
737 917 975 1008 adspersisset,
997 932 1036 988 ut
1060 919 1122 1006 qui
1151 942 1267 990 rerum
1285 920 1406 1012 gradun
1425 928 1447 982 et

221 1033 260 1082 as
286 1031 424 1080 ererum
451 1007 586 1078 nullum
619 1029 757 1078 sensum
784 1007 1026 1088 sustinuisset,
1058 1007 1176 1079 nudus
1203 1011 1294 1079 stetit
1323 1010 1350 1078 in
1369 1005 1448 1074 nediu

222 1033 403 1178 triirunali,
431 1097 472 1166 de
497 1096 609 1188 plagis
633 1108 809 1184 tamquam
835 1095 877 1166 de
901 1096 1017 1183 aliquo
1040 1110 1244 1167 ornamento
1269 1098 1409 1190 gloriam,
1427 1106 1448 1160 et

222 1189 284 1270 sic,
305 1199 343 1258 ut
359 1187 406 1256 ait
422 1186 562 1256 divinus
582 1185 721 1267 Paulus,
742 1188 875 1276 effeetus
899 1186 1068 1256 theatrum
1084 1189 1224 1277 Angelis
1243 1198 1277 1256 et
1297 1185 1447 1256 motato.

222 1282 306 1347 Cum
324 1289 439 1346 autem
459 1273 650 1364 praefectus
666 1295 768 1364 aegre
784 1273 920 1344 tulisset
944 1273 1033 1344 hanc
1052 1274 1256 1346 diuturnam
1282 1276 1461 1362 nuditatem

223 1389 242 1432 a
267 1371 362 1458 Ego,
389 1365 502 1451 inquit
525 1363 675 1445 athleta,
701 1364 775 1432 ideo
800 1375 851 1432 sto
874 1363 1014 1444 nudus,
1039 1377 1103 1444 ut,
1130 1363 1160 1432 si
1184 1364 1332 1452 aliquem
1350 1362 1446 1454 viderie

221 1455 383 1525 athletam
401 1453 576 1524 defessum
601 1451 791 1532 doloribus,
818 1451 914 1522 illius
938 1451 1106 1522 delectum
1131 1475 1209 1522 men
1228 1476 1288 1524 eor
1311 1476 1363 1524 ore
1382 1453 1446 1520 alac,

221 1544 337 1613 animo
366 1540 560 1632 suppleam.
590 1563 608 1608 n
642 1544 668 1610 0
692 1541 755 1612 viri
785 1540 1044 1611 fortitudineml
1072 1545 1098 1612 0
1122 1541 1263 1612 dicendi
1286 1478 1435 1615 iibertaten

221 1631 497 1702 carcorchin
523 1629 707 1700 Dominum
728 1634 734 1698 l
761 1635 898 1700 Rursus
925 1650 1006 1720 ergo
1033 1631 1232 1721 relegantur
1257 1632 1293 1700 in
1321 1629 1445 1702 insulan¹

220 1743 324 1808 quam
343 1720 454 1791 solent
472 1719 647 1808 appellare
669 1717 871 1808 hphusiam,
894 1718 958 1788 Sed
975 1719 1057 1806 quid
1076 1720 1162 1789 mihi
1182 1741 1270 1811 opus
1287 1733 1337 1793 est
1353 1737 1447 1789 enum·

220 1831 296 1880 rare
316 1832 356 1879 ea
372 1832 461 1898 quae
474 1809 634 1897 deinceps
658 1820 740 1877 sunt
755 1819 950 1888 consecuta,
966 1830 1133 1890 carceres,
1148 1809 1340 1902 naufragia,
1354 1809 1445 1878 lanan.

221 1899 305 1968 solis
328 1899 499 1980 ardorem,
522 1897 633 1987 frigus
650 1908 871 1978 nocturnum,
898 1896 1055 1980 insidias,
1079 1898 1358 1979 insurrectiones,
1380 1908 1446 1984 qualr-

221 1989 344 2059 dianas
370 2000 507 2068 mortes,
537 1985 656 2075 plagas
681 2007 814 2066 rursus,
841 1985 982 2056 verbera
1005 1999 1037 2056 et
1059 1987 1246 2077 colaphos?
1271 1989 1355 2058 Satis
1372 1989 1405 2056 sit
1420 1983 1437 2048 d

220 2099 309 2158 cere,
335 2074 428 2164 quod
448 2097 527 2146 cum
546 2076 581 2144 in
598 2074 641 2144 iis
665 2072 814 2145 serendis
832 2073 1004 2164 voluptate
1018 2075 1130 2146 affecti
1154 2089 1270 2146 essent
1286 2075 1382 2147 simul
1401 2091 1441 2164 eun

220 2165 387 2236 diuturno
399 2163 530 2246 exsilio,
547 2164 683 2234 duobus
698 2175 773 2254 post
788 2164 901 2244 annis,
922 2163 986 2233 soli
1001 2185 1041 2234 ex
1061 2164 1140 2234 aliis
1152 2166 1258 2255 Jussu
1279 2166 1446 2256 imperans

220 2255 362 2325 veniunt
379 2252 720 2341 Constantinopolim.
740 2252 859 2341 Majori
879 2252 983 2334 enim,
1000 2253 1064 2325 etsi
1080 2253 1183 2343 plane
1200 2255 1310 2336 inani,
1329 2253 1447 2324 desider-r

219 2345 400 2414 tenebatur
424 2347 613 2432 Imperator
627 2340 777 2410 habendi
798 2339 1012 2411 Theodorum
1037 2353 1070 2412 et
1094 2343 1335 2432 Theophanem
1358 2341 1440 2412 eaden

219 2455 308 2524 quae
323 2431 393 2514 ille,
420 2432 616 2512 sentientes,
643 2452 747 2518 quam
774 2429 969 2520 imperandi
993 2431 1167 2513 omnibus,
1193 2434 1254 2520 qui
1280 2433 1372 2503 nulla
1390 2431 1413 2498 in
1433 2444 1450 2491 n

219 2521 262 2592 ab
282 2543 321 2592 eo
341 2520 601 2592 dissentiebant.

262 2614 280 2697 ξ]
305 2614 377 2682 171.
405 2609 705 2678 len-umenimrcro
725 2629 848 2698 operae
866 2608 1013 2699 pretium
1031 2621 1083 2679 est
1101 2629 1141 2678 ea
1157 2631 1246 2696 quae
1259 2610 1450 2698 deincepse

216 2713 384 2787 quuntur,
403 2697 578 2768 declarare
599 2718 658 2785 per
676 2697 733 2766 illa
750 2698 827 2787 ipsa
842 2697 945 2768 verba
960 2698 1135 2787 epistolae,
1154 2721 1244 2785 quae
1260 2700 1318 2770 hic
1334 2704 1369 2768 D.
1382 2696 1450 2766 Theo

215 2789 332 2868 dorus,
349 2808 569 2856 communem
587 2785 691 2856 simul
709 2807 788 2856 cnm
806 2785 909 2856 fratre
922 2807 1134 2875 componens
1150 2788 1345 2875 epistolam,
1362 2779 1451 2856 mittit¹

215 2876 258 2946 ad
283 2881 476 2957 loannem,
505 2875 565 2963 qui
586 2886 667 2945 tunc
691 2887 763 2945 erat
793 2875 940 2945 Antiates
963 2877 1145 2965 Cyzicenae
1173 2877 1368 2958 Ecclesiae,
1389 2886 1412 2943 et
1428 2887 1451 2936 n!

215 2964 384 3052 reliquam
415 2964 684 3034 Orthodororum
715 2962 993 3046 multitudinem,
1020 2986 1229 3036 enumerans
1253 2981 1448 3054 quaecunqe

215 3074 272 3124 eos
297 3054 367 3144 pati
394 3053 520 3123 accidit
543 3053 587 3124 ab
613 3051 670 3122 illo
696 3053 753 3123 Dei
778 3053 918 3122 inimico
938 3053 1139 3144 Theophilo,
1166 3052 1252 3125 dum
1281 3055 1452 3142 decertari-n

215 3163 276 3234 pro
292 3142 419 3212 divinis
436 3141 661 3232 imaginibuS,
679 3154 711 3210 et
725 3140 1020 3229 quemadmodum
1035 3156 1111 3234 post
1129 3141 1238 3214 multa
1255 3155 1411 3214 tormenta
1423 3157 1451 3204 a:

215 3230 401 3303 crudeliter
412 3231 611 3322 compuncti
631 3230 770 3301 suerunt
781 3231 886 3301 oculi.
899 3231 932 3300 Si
949 3243 1063 3303 autem
1081 3231 1116 3300 in
1133 3232 1279 3322 epistola
1295 3245 1453 3318 suntque·

214 3319 294 3392 dam
321 3321 385 3390 sim
415 3320 494 3390 licia
510 3332 543 3390 et
559 3319 671 3402 rudia,
690 3341 756 3390 non
783 3319 859 3390 ideo
883 3320 974 3410 apud
992 3341 1061 3402 eoa,
1086 3322 1148 3409 qui
1173 3333 1263 3392 recte
1274 3321 1418 3411 judicant
1433 3333 1451 3378 n

215 3423 297 3482 sunt
319 3343 457 3488 eruditi,
484 3409 670 3479 dabuntea
687 3409 934 3488 testimonium,
953 3409 1045 3496 quod
1070 3410 1130 3497 qui
1151 3411 1302 3502 scripsit,
1328 3421 1404 3480 esset
1420 3405 1453 3470 in·

216 3499 392 3570 eruditus:
419 3498 478 3568 sed
500 3499 652 3588 primum
677 3498 830 3585 quidem,
862 3497 953 3585 quod
979 3499 1052 3590 ipse
1080 3511 1234 3570 uteretur
1257 3499 1454 3570 indifferenter

214 3588 364 3658 dictione
380 3600 413 3657 et
430 3587 641 3668 nominibus,
655 3599 687 3656 et
705 3609 771 3658 non
787 3587 852 3656 boc
868 3609 1032 3678 magnum
1050 3600 1195 3676 putaret,
1216 3611 1327 3680 neque
1342 3588 1445 3674 dignun

217 3677 251 3748 in
276 3698 345 3764 quo
365 3676 565 3747 elaboraret.
601 3675 728 3746 Deinde
751 3687 889 3757 autem,
911 3676 1005 3765 quod
1032 3677 1134 3746 etiam
1162 3677 1263 3748 vellet
1291 3679 1361 3769 ipsa
1382 3672 1453 3762 pun

214 3765 329 3848 rerba,
356 3765 446 3836 sieut
469 3766 683 3846 dictasunt,
711 3765 745 3833 in
776 3765 1104 3855 interrogationibus
1130 3779 1163 3836 et
1190 3761 1450 3858 responsionibus.

212 3855 417 3946 simpliciter
441 3869 473 3926 et
497 3856 652 3924 inornate
676 3853 813 3923 adduci.
842 3855 897 3924 Sic
914 3867 1028 3925 autem
1055 3854 1157 3925 habet
1180 3855 1224 3924 ad
1251 3857 1382 3926 verbum
1400 3866 1452 3934 ept-

212 3944 320 4017 stola:
349 3967 366 4010 «
386 3945 567 4014 Maximam
585 3942 730 4013 lacerem
754 3944 928 4031 injuriam,
953 3944 981 4013 si
1002 3942 1137 4013 silentio
1155 3943 1321 4015 traderem
1337 3964 1370 4012 ea
1389 3949 1451 4023 qud*

214 4037 249 4102 in
274 4055 338 4104 nos
358 4031 447 4102 facta
470 4046 562 4113 sunt,
582 4054 662 4101 cum
680 4032 778 4102 multi
797 4031 991 4102 desiderent
1011 4031 1132 4102 audire
1148 4046 1181 4103 et
1196 4032 1337 4114 discere,
1355 4043 1381 4099 et
1400 4042 1451 4116 ma·

209 4125 301 4191 xime
319 4134 463 4212 possunt
478 4142 553 4192 esse
568 4121 610 4190 ad
632 4121 690 4190 Dei
714 4122 872 4212 gloriam,
898 4135 931 4192 et
957 4121 1144 4192 multorum
1165 4123 1356 4197 utilitatem,
1373 4117 1396 4186 si
1407 4111 1449 4212 dt·

211 4222 334 4280 cantur
350 4223 382 4280 et
401 4210 606 4282 audiantur:
626 4231 737 4298 neque
756 4233 879 4302 parum
898 4210 1078 4282 conserunt
1102 4211 1146 4280 ad
1170 4209 1387 4282 confutandos
1406 4220 1448 4269 m-

212 4295 299 4380 pios,
318 4300 407 4368 etad
431 4299 650 4369 relellendam
677 4321 795 4370 eorum
813 4300 1013 4392 dogmatum
1038 4299 1320 4381 imbecillitatem,
1340 4311 1369 4367 et
1391 4290 1448 4362 tela

240 4419 252 4444 ⁴
267 4421 332 4461 Anno
342 4426 437 4471 pronon.
449 4431 494 4469 8³5.
