3046 4838
61 281 124 345 ott.
146 281 166 346 l
1099 327 1101 332 -
1193 283 1195 288 '
1228 279 1269 344 73

156 503 195 602 S.
232 503 521 620 stantum
556 503 792 608 linoltus
829 503 888 606 ΕΤ
923 501 1190 606 utullus

596 725 749 803 VITA

289 961 311 1004 A
334 957 435 1006 PETRO
460 955 638 1017 onustam,
667 954 905 1007 enorouortmo
929 953 1054 1016 trost„

93 1061 240 1111 ΕΟΠΙΠΑ
262 1063 304 1111 EX
327 1063 462 1113 eunucis
486 1063 682 1114 AUCTORIBUS
705 1063 826 1114 JOANNE
849 1063 1035 1114 DAMASCENO
1058 1063 1096 1110 ΕΤ
1119 1061 1266 1111 Assumo.

253 1255 360 1310 Passa
380 1259 435 1310 est
454 1256 598 1324 probsb.
622 1270 688 1314 sec.
711 1257 765 1312 111
778 1285 818 1296 —
831 1257 931 1314 Anno
951 1257 1093 1312 incerto.

92 1451 164 1536 §t
189 1449 338 1520 Barbara
369 1451 465 1540 virgo
487 1462 520 1518 et
543 1461 682 1541 martyr,
706 1451 911 1520 Maximiano
934 1449 952 1484 ⁴*
976 1455 1196 1536 Imperatore,
1214 1449 1311 1518 Chri-

54 1537 148 1606 stiani
166 1539 313 1608 nominis
329 1538 566 1608 infensissimo
581 1539 689 1621 hoste,
706 1538 825 1609 multis
840 1552 873 1609 et
889 1538 1072 1608 virtutibus
1085 1549 1118 1607 et
1132 1537 1311 1609 miraculis

55 1626 190 1716 insignis
209 1625 282 1695 luit.
308 1631 443 1697 Patrem
464 1628 586 1698 babuit
607 1629 817 1710 Dioscorum,
845 1633 1012 1698 Graecum
1035 1627 1224 1709 bominem,
1252 1633 1316 1696 no:

55 1713 150 1784 bilem
172 1714 304 1802 quidem
333 1716 458 1798 virum,
485 1717 681 1803 divitiisque
704 1717 913 1786 affluentem:
936 1729 970 1785 at
993 1717 1154 1808 impium,
1181 1729 1214 1786 et
1238 1715 1310 1786 ido·

58 1801 156 1872 lorum
179 1803 285 1874 cultui
311 1804 362 1873 vel
390 1805 536 1874 maxime
560 1805 728 1876 deditum.
759 1807 847 1876 Huic
895 1807 960 1875 atri
985 1804 1056 1875 otia
1084 1805 1184 1894 plane
1208 1805 1311 1874 dissi-

58 1891 161 1972 milis,
183 1905 338 1962 aeternae
363 1893 484 1964 salutis
516 1907 698 1984 appetens,
724 1895 758 1963 in
785 1895 852 1964 assi
883 1917 925 1964 ua
952 1895 1007 1963 [lei
1043 1894 1311 1981 divinarumque

63 2001 164 2048 reram
183 1995 311 2052 contem
344 1982 469 2052 latione
499 1984 709 2054 versabatur.
732 1987 814 2052 Nam
840 1983 884 2053 ab
909 1983 1048 2053 ineunte
1072 1995 1180 2052 aetate
1205 1983 1249 2052 ita
1275 2003 1311 2051 sa

67 2088 201 2168 ararum
223 2005 410 2141 bumiiium
436 2083 468 2140 et
490 2067 700 2142 caducarum
726 2073 931 2163 cogitatione
958 2071 1123 2152 abduxit,
1157 2083 1195 2141 ut
1229 2091 1309 2138 cum

70 2155 343 2230 mundriabricam
362 2181 463 2249 saepe
481 2160 677 2250 intentoque
692 2161 809 2231 animo
823 2161 1067 2242 consideraret,
1086 2171 1156 2229 tum
1177 2159 1310 2248 magni-

68 2243 247 2336 tudinaejus
267 2260 302 2317 et
327 2248 562 2338 pulcritudine
577 2249 829 2332 animadversa,
848 2263 1048 2340 perpetuam
1065 2247 1307 2328 constantiam,

65 2343 231 2434 etcertum
255 2359 373 2408 rerum
399 2337 553 2408 ordinem
586 2339 841 2408 admiraretur:
878 2337 976 2408 lacile
1012 2338 1093 2407 inde
1124 2337 1307 2428 perspexit,

64 2431 139 2490 tanti
153 2426 252 2513 operis
276 2425 417 2496 laudem
439 2426 595 2497 fortunae
610 2449 649 2497 ac
667 2427 763 2498 salsis
781 2426 882 2497 idolis
898 2449 965 2497 nou
983 2449 1057 2496 csse
1074 2425 1307 2497 tribuendam:

61 2509 115 2580 sed
128 2511 262 2600 aliquem
280 2537 452 2605 praeesse,
467 2517 528 2604 qui
545 2515 760 2588 haecomnia
777 2516 975 2596 labricatus,
991 2537 1126 2585 summa
1141 2513 1310 2606 sapientia

58 2600 232 2674 moderatur
249 2617 355 2692 atque
378 2617 564 2674 conservet.
585 2609 724 2692 Hacque
746 2605 1035 2696 contemplatione
1053 2625 1230 2673 summum
1257 2623 1309 2671 re·

56 2707 122 2758 rum
141 2692 295 2781 opificem
322 2692 501 2784 colligens,
521 2695 555 2762 in
581 2693 766 2774 idolorum,
783 2715 872 2781 quac
898 2706 993 2795 pater
1017 2694 1255 2774 venerabatur,
1271 2713 1310 2760 os

53 2781 220 2870 conspuit,
244 2803 288 2850 ac
319 2781 405 2851 dixit
431 2793 624 2872 praetcrea:
652 2805 670 2849 a
698 2785 805 2852 Vestri
830 2782 962 2852 similes
987 2791 1079 2862 sunt,
1110 2794 1142 2851 et
1166 2781 1226 2869 qui
1251 2801 1310 2850 vos

53 2865 188 2966 lingunt,
216 2882 249 2938 et
273 2871 333 2958 qui
360 2893 419 2941 ros
443 2870 572 2941 colunt.
594 2895 612 2939 a
632 2877 738 2959 Atque
765 2871 812 2940 ita
836 2871 975 2961 quidem
1008 2869 1122 2961 puella
1146 2870 1307 2951 Barbara,

53 2957 187 3044 Spiritus
211 2959 327 3028 Sancti
352 2958 484 3030 lumine
507 2960 606 3043 duce,
625 2959 909 3051 progrediebatur
926 2960 959 3030 in
979 2959 1058 3041 fide,
1077 2973 1109 3030 et
1126 2960 1306 3049 sapientia,

52 3057 79 3110 et
100 3059 213 3126 aetate,
232 3060 266 3116 et
290 3049 412 3139 gratia.

88 3135 105 3220 ξ
128 3139 170 3205 ί.
192 3141 274 3205 Eam
295 3137 434 3206 unicam
453 3135 558 3206 liliam
579 3149 674 3227 pater
690 3138 872 3208 Dioscorus
892 3137 1024 3218 habuit,
1043 3137 1182 3228 egregit
1198 3136 1310 3207 lurma

51 3231 78 3287 et
100 3243 228 3293 mamm
255 3227 435 3294 sanctitate
466 3237 718 3316 praestantem:
744 3248 832 3314 quae
855 3247 896 3296 ne
919 3226 962 3296 ab
989 3225 1189 3295 bominibus
1216 3225 1310 3293 vide-

52 3321 147 3392 retur,
168 3314 290 3384 turrim
309 3313 412 3383 altam
431 3314 634 3395 aedificavit,
662 3315 696 3382 in
722 3310 789 3402 dua
807 3314 975 3406 virginem
1000 3313 1154 3383 inclusit.
1175 3318 1247 3396 Qua
1273 3313 1308 3380 in

52 3399 128 3466 turri
147 3423 223 3472 cum
253 3401 327 3482 illa,
352 3415 391 3472 ut
415 3415 469 3472 ote
499 3425 587 3492 quae
619 3401 716 3472 initio
746 3404 866 3474 aetatis
885 3402 1166 3493 contemplationi
1193 3421 1309 3470 rerum

52 3486 235 3584 coelestium
257 3490 370 3560 dedita
391 3425 467 3574 iun,
486 3493 589 3563 vitam
609 3492 811 3574 traduceret,
837 3491 943 3563 multa
962 3513 1077 3564 secum
1098 3491 1152 3580 pic
1175 3503 1207 3559 et
1231 3489 1310 3558 reli·

54 3595 136 3662 glose
151 3578 392 3650 meditabatur:
412 3602 581 3671 saepeque
599 3579 767 3652 idolorum
787 3580 955 3651 nefarium
978 3580 1110 3649 cultum
1128 3578 1305 3659 detestata,

53 3663 249 3738 Christianae
274 3667 452 3759 religionis
476 3669 579 3740 fidem
613 3691 679 3740 non
706 3670 807 3742 modo
833 3671 966 3739 intimis
989 3667 1096 3739 animi
1133 3667 1306 3749 sensibus,

54 3751 105 3819 sed
120 3769 227 3845 aperte
243 3757 372 3837 colens,
389 3758 461 3828 zelo
484 3759 540 3829 Dei
557 3781 713 3839 accensa,
732 3759 872 3832 cumde
890 3758 1018 3828 divinis
1033 3755 1176 3827 caeteris
1190 3757 1306 3838 rebus,

17 3903 18 3934 ἐ
55 3848 120 3940 tum
142 3843 181 3913 de
203 3847 341 3915 animae
366 3847 631 3929 immortalitate,
659 3848 702 3917 de
726 3849 931 3918 coelestibus
963 3846 1138 3938 praemiis,
1166 3845 1310 3936 desup-

77 3927 146 4000 lrcio
161 3946 308 4016 aeterno,
327 3957 368 4006 ac
392 3935 435 4005 de
457 3936 597 4008 caducis
621 3938 727 4028 hujus
752 3937 872 4007 mundi
900 3937 1003 4006 rebus
1028 3956 1220 4005 sermonem
1246 3935 1309 4004 ha-

17 4075 18 4080 ,
92 4017 204 4116 bacin
230 4023 343 4111 iisque
366 4024 449 4094 solis
473 4026 579 4095 animi
595 4027 897 4097 exercitationibus
917 4025 1011 4116 virgo
1028 4023 1306 4112 conquiescebat:

58 4125 147 4202 eujus
167 4110 322 4183 voluntas
344 4113 379 4181 in
400 4112 472 4206 lege
496 4114 552 4184 Dei
576 4115 653 4196 luit,
670 4128 703 4185 et
722 4115 756 4183 in
774 4116 848 4206 ejus
866 4113 1057 4206 praeceptis
1077 4113 1310 4184 meditabatur

61 4189 108 4260 dic
122 4217 155 4266 ac
169 4213 275 4270 nocte.
294 4201 429 4286 Quibus
445 4201 724 4275 meditationibus
744 4223 822 4273 cum
840 4205 995 4274 animum
1012 4204 1108 4295 virgo
1128 4201 1306 4280 excoleret,

84 4355 95 4377 ⁸
109 4355 207 4402 Quinum
221 4361 259 4401 hta
273 4363 346 4403 merit
369 4372 400 4404 su
408 4361 564 4404 unanimus
572 4353 706 4412 Herculius.
715 4365 755 4406 vat
764 4364 874 4406 duodus
884 4364 1042 4406 »imminuas
1051 4365 1205 4414 comanente
1214 4361 1309 4403 maa·

65 4405 136 4454 ΨΜ
142 4409 177 4452 ret
182 4413 284 4456 udedan
292 4392 443 4464 Maximinus,
452 4417 568 4460 smmum
577 4419 619 4460 ort.
