2946 4798
241 267 305 331 480
552 283 589 328 ne
614 283 641 330 s.
668 281 789 331 tonnus
813 283 863 328 nr.
892 281 928 328 er
953 278 1106 328 araneae.
1301 259 1368 322 out.
1388 261 1417 320 n

197 369 318 439 fecisse
343 388 515 454 nusquam
539 366 701 457 legimus,
728 379 766 436 ut
819 387 856 436 er
872 364 1032 436 umbram
1051 365 1208 435 videlicet
1223 364 1274 434 ‘sui
1292 361 1418 450 corporis,

197 457 389 528 remedium
416 455 572 526 sanitatis
595 456 701 525 alicui
721 389 884 525 attulerit.
904 454 969 524 Sed
986 454 1079 541 quod
1101 452 1275 544 praedixit,
1293 449 1418 520 exhibuit:

197 545 289 634 quod
309 545 477 636 promisit,
495 543 661 634 implevit.
680 549 762 614 Nam
784 545 818 613 in
839 543 993 630 ejusdem
1011 544 1156 613 loannis
1172 540 1341 632 Evangelio
1353 539 1419 607 dicit:

198 643 313 716 Amen,
332 657 441 714 omen,
464 632 537 703 ilico
552 635 653 712 vobis,
674 635 736 724 qui
757 634 861 702 credit
888 635 922 702 in
949 655 1013 712 mc,
1036 655 1138 723 opera
1166 653 1252 723 quoe
1277 651 1329 720 eqo
1349 629 1418 716 sord,

199 736 230 796 et
249 727 319 815 ipsc
345 725 457 812 saciet,
477 733 508 791 ct
532 725 664 813 majora
687 743 802 791 eorum
827 724 942 811 saciet,
960 723 1043 822 quio
1070 744 1130 812 epo
1153 722 1199 790 od
1222 715 1421 789 ratramno

199 819 309 898 (loun.
327 811 406 899 xrv).
425 811 604 881 Enimvero
628 811 701 900 ipse
732 809 940 900 operabatur
962 832 997 880 ru
1023 815 1141 889 Petro,
1168 811 1243 900 ipse
1264 807 1422 894 loquebatur

198 903 233 970 in
253 902 396 970 loanne:
418 905 489 971 Non
512 902 612 980 enim,
633 899 755 989 iuquit,
772 922 829 968 vos
845 901 923 969 astra
972 900 1012 970 ai
1038 901 1227 989 loquimini,
1247 897 1339 966 sedS
1362 893 1421 960 'rau

199 993 309 1060 Patris
328 991 433 1059 vestri
452 990 513 1080 qut'
540 989 689 1079 loquitur
702 991 739 1057 in
752 989 843 1059 uobis
857 924 991 1077 (natale.
1009 987 1056 1077 x).
1076 989 1194 1057 llerito
1211 1006 1328 1075 nempe
1386 993 1432 1048 tus·

198 1084 349 1149 loannes
372 1091 404 1148 et
425 1076 666 1167 praecedentes
682 1097 814 1157 omnes,
833 1091 866 1146 et
889 1077 1139 1164 subsequentes
1163 1077 1350 1146 divinorum
1369 1067 1424 1139 scri-

225 1181 314 1237 tores
338 1166 567 1247 voluminum,
587 1165 697 1257 gloria
713 1165 903 1256 singularis
918 1164 1047 1257 eloquii
1066 1165 1252 1254 praecedit,
1273 1183 1362 1250 quem
1381 1177 1425 1226 non

199 1191 339 1326 luxuria
363 1254 497 1346 polluit,
515 1275 583 1324 non
610 1253 716 1324 libido
740 1255 905 1345 corrupit,
925 1253 982 1326 sed
1004 1253 1184 1354 virginalis
1205 1252 1427 1342 integritaspar·

201 1359 323 1435 petuae
338 1345 608 1434 incorruptionis
629 1341 728 1413 titulo
748 1341 930 1413 decoravit.
950 1343 1014 1425 Qui
1037 1343 1205 1413 nrmirum
1233 1338 1380 1431 nuptialis
1393 1355 1429 1431 co·

200 1433 304 1524 pulae
329 1433 519 1502 thalamum
536 1432 710 1510 deserens,
730 1453 867 1501 omnem
889 1431 1070 1501 illecebrae
1086 1432 1240 1502 carnalis
1263 1429 1396 1500 ardorem
1407 1443 1428 1488 u

200 1522 398 1593 coelestium
424 1521 627 1591 deliciarum
649 1520 855 1608 voluptatem
884 1521 1070 1602 transtulit,
1090 1521 1346 1608 arctissimeque
1365 1535 1391 1584 se
1408 1512 1429 1577 in

201 1612 257 1683 sui
281 1610 518 1700 Redemptoris
551 1633 590 1678 ae
623 1609 797 1678 dilectoris
827 1631 944 1679 amore
966 1607 1165 1698 conjunxit,
1198 1623 1332 1700 propter
1361 1621 1429 1689 quen

201 1699 331 1770 scilicet
357 1699 551 1789 conjugalis
575 1698 639 1768 tori
663 1696 798 1768 foedera
822 1697 1005 1768 abdicavit.
1400 1779 1403 1788 Δ

245 1791 358 1877 §aa
386 1787 483 1858 Unde
506 1787 672 1857 divinitus
696 1786 748 1857 illi
772 1807 976 1858 concessum
1000 1799 1073 1867 est,
1109 1800 1146 1856 ut
1181 1801 1277 1857 tanta
1310 1805 1362 1855 cor
1384 1797 1430 1873 tJtt

201 1878 293 1948 circa
312 1876 435 1946 fratres
459 1875 637 1946 charitatis
656 1876 764 1966 gratia
783 1875 983 1967 repleretur,
1001 1887 1040 1946 ut
1054 1889 1311 1946 sacrosanctum
1329 1881 1431 1964 pectant

201 1967 276 2056 ejus
300 1965 480 2054 templum,
508 1965 599 2034 velut
620 1965 779 2034 caminus
802 1963 944 2052 quidam
970 1965 1078 2034 divini
1103 1963 1280 2035 videretur
1306 1955 1427 2033 incendn

202 2055 298 2138 Quod
325 2055 473 2144 prolecto
498 2053 532 2124 in
557 2052 767 2141 quibusdam
784 2053 965 2142 scripturis
988 2053 1065 2142 ejus
1087 2065 1244 2142 patenter
1260 2049 1428 2142 agnoscitur.

203 2147 237 2214 iu
257 2143 385 2231 quibus
402 2143 520 2240 utique
544 2165 604 2233 per
629 2163 766 2210 omnem
792 2140 861 2211 lere
887 2143 1061 2232 paginam,
1088 2143 1189 2230 quasi
1217 2165 1278 2232 per
1308 2135 1431 2229 quasin

203 2233 321 2314 rimas,
348 2231 525 2301 charitatis
550 2251 691 2320 vapores
710 2230 897 2312 ellundere,
926 2230 1104 2301 charitatis
1128 2230 1267 2301 ridetur
1292 2223 1430 2300 ardoribus

203 2336 370 2392 aestuare.
398 2319 495 2390 blodo
521 2321 612 2388 euim
636 2331 749 2410 patres
779 2319 981 2389 nominatim
1007 2318 1049 2389 ad
1075 2320 1280 2391 charitatem
1306 2321 1432 2409 provocat

204 2410 306 2480 modo
332 2431 398 2480 non
425 2408 535 2489 filios,
576 2409 634 2478 scd
660 2407 807 2489 filiolos,
833 2409 934 2496 quasi
964 2420 1078 2478 terrere
1113 2408 1279 2499 diligens,
1314 2399 1433 2496 appellat.

204 2499 301 2570 nodo
321 2497 467 2588 propriis
491 2510 641 2566 aetatum
667 2497 843 2566 vocabulis
868 2497 1027 2578 inientes,
1062 2496 1163 2566 modo
1189 2499 1347 2585 J'uvenes
1370 2483 1459 2576 molt¹

204 2587 407 2678 singillatim
422 2586 583 2656 admonet
597 2583 841 2657 adolescentes.
862 2585 959 2655 Modo
973 2587 1076 2655 etiam
1095 2586 1304 2656 mulieribus
1319 2575 1437 2673 epistolas

203 2677 362 2757 destinat,
388 2696 514 2762 easque
526 2673 569 2743 ad
585 2674 754 2744 cautelam
781 2673 873 2756 fidei,
895 2673 1093 2745 etstudium
1112 2676 1270 2745 sincerae
1288 2670 1438 2744 dilectionis

204 2767 334 2834 invitat.
362 2764 424 2833 llio
441 2765 555 2851 itaque
579 2763 823 2833 inenarrabilis
842 2763 1019 2834 charitatis
1045 2763 1166 2834 ardore
1181 2781 1374 2838 succensus,
1395 2753 1438 2822 litt

204 2854 356 2939 illucque
390 2874 426 2921 sc
458 2866 601 2934 vertens,
634 2850 790 2939 undique
824 2852 1054 2934 circumiens,
1085 2852 1216 2940 ubique
1251 2853 1460 2940 discurrens·

204 2942 319 3012 omnia
340 2941 519 3010 hominum
545 2961 669 3031 genera
688 2939 730 3009 ad
756 2939 901 3010 salutem
919 2941 1078 3022 concitat,
1106 2941 1227 3011 omnia
1252 2953 1388 3010 aetatum
1408 2949 1440 2995 111·

204 3042 376 3130 crementa
403 3029 603 3120 perlustrat,
630 3049 750 3099 omnes
779 3029 952 3099 humanae
976 3029 1183 3100 conditionis
1217 3031 1352 3100 ordines
1372 3015 1441 3114 ocull

204 3140 359 3189 curiosae
385 3117 631 3189 sollicitudinis
654 3117 846 3208 investigat,
874 3131 907 3188 et
930 3132 1107 3208 tamquam
1131 3140 1237 3190 arcus
1273 3107 1441 3189 universate

205 3207 373 3278 Ecclesiae
396 3207 518 3288 factus,
538 3207 641 3278 totius
665 3196 970 3299 humani'generis
990 3229 1175 3287 summam,
1197 3208 1296 3279 ulnis
1319 3211 1441 3296 paterna

205 3297 398 3367 dilectionis
415 3295 646 3384 amplectitur,
672 3307 773 3382 atque
786 3295 829 3364 ad
856 3295 1093 3386 Redemptoris
1113 3297 1168 3365 sui
1183 3293 1386 3366 consortium
1399 3300 1442 3354 tra·

205 3387 309 3466 here,
352 3405 637 3472 unumquemque
674 3384 876 3474 singillatim
910 3383 1147 3464 admonendo,
1182 3396 1339 3456 conatur.
1371 3383 1441 3465 lntt

205 3475 334 3564 quippe
360 3473 505 3554 bomini,
531 3495 599 3562 quo
623 3493 703 3542 eum
722 3494 803 3574 prae
832 3476 966 3543 cunctis
998 3473 1203 3544 mortalibus
1228 3473 1358 3550 dilexit,
1380 3477 1405 3535 et
1423 3479 1442 3524 a

207 3563 342 3653 pondus
366 3561 535 3632 fraternae
557 3560 751 3632 dilectionis
783 3562 949 3644 exhibuit,
977 3574 1015 3632 ut
1039 3562 1206 3634 nimirum
1234 3561 1313 3652 plus
1334 3559 1441 3627 amaret

205 3653 264 3740 qui
291 3651 369 3742 plus
397 3651 590 3733 amabatur,
621 3651 738 3737 etqui
764 3651 897 3740 primus
920 3666 993 3721 erat
1025 3651 1060 3720 in
1086 3649 1326 3741 Redemptoris
1346 3661 1441 3716 amon·

207 3741 416 3832 praecipuus
435 3740 531 3810 sreret
554 3740 590 3811 in
605 3739 755 3810 fraterna
779 3739 956 3810 charitate.

250 3832 366 3918 §xo
408 3834 581 3912 Quantum
618 3842 731 3899 autem
768 3828 861 3919 apud
890 3829 1074 3900 Dominum
1115 3827 1325 3918 impetrandi
1360 3823 1442 3892 locun

207 3941 312 4009 quam
339 3919 544 4008 praecipuae
567 3917 812 3988 familiaritatis
835 3919 980 3988 loannis
1012 3917 1201 3989 obtinuerit
1235 3912 1441 4016 privilegium·

207 4009 289 4078 hinc
311 4006 526 4076 manifestius
544 4005 704 4096 colligere
721 4029 919 4096 possumus
946 4006 1039 4095 quod
1064 4005 1154 4076 idem
1184 4006 1304 4077 beatus
1328 4005 1443 4073 loannes

208 4095 420 4184 Evangelista
454 4107 614 4177 testatur,
641 4095 724 4182 quia
748 4096 783 4164 in
808 4097 884 4185 ipso
908 4094 1022 4165 vitalis
1052 4117 1179 4165 coenae
1202 4092 1443 4166 convicissent

209 4183 433 4254 conturbatus
456 4196 507 4254 est
524 4185 660 4274 spiritu,
687 4197 719 4254 et
740 4197 943 4274 protestatus
962 4197 1024 4266 est,
1043 4196 1075 4254 ct
1099 4183 1202 4254 dixit:
1229 4189 1339 4260 Amen,
1361 4189 1442 4244 anm.

210 4270 282 4370 dico
298 4273 399 4355 vobis,
427 4275 509 4366 quio
533 4296 620 4342 unus
645 4297 689 4343 cao
711 4274 802 4342 nobas
830 4275 939 4344 tradet
962 4297 1026 4343 me.
1054 4273 1182 4343 Deinde
1209 4268 1373 4359 Sequitur:
1397 4254 1444 4328 Μ·

209 4361 391 4444 speciatam
421 4385 499 4453 erqo
528 4363 714 4432 adinvicem
739 4362 902 4452 aliscipuli
925 4362 1152 4444 haesitantes,
1182 4365 1218 4431 de
1252 4381 1314 4451 qno
1338 4354 1440 4424 naret
