2994 4832
67 293 128 357 Dlt'.
150 294 169 356 5
425 311 464 356 nu
488 310 516 356 e.
533 287 622 358 'sani
647 307 719 358 aaa.
746 311 785 356 ur
810 309 900 358 conr.
1153 365 1159 378 ‚
1196 295 1259 358 llb

64 407 147 463 essent
160 394 230 462 sine
244 394 343 476 duce,
354 408 387 464 et
403 393 489 464 nulli
504 396 661 483 parerent
679 394 807 483 pastori
822 406 854 463 et
870 393 1052 475 Praefecto,
1070 394 1170 466 refert
1185 399 1301 468 omnia

61 483 89 551 ad
103 482 330 564 Patriarcham,
357 494 391 552 et
410 483 625 552 vehementer
652 493 787 582 rogat„
803 495 841 552 ut
879 503 936 551 eos
959 496 1143 640 confreget
1165 497 1198 554 et
1221 507 1301 556 eon-

58 571 137 652 ciliat,
168 572 268 641 ateis
292 572 411 640 omnia
442 573 611 661 praebeat,
642 575 770 660 quibus
802 571 969 660 indigent.
996 571 1058 646 lle
1084 594 1185 656 vero,
1212 575 1302 644 datis

57 661 141 816 Sssbae
171 661 389 750 septuaginta
416 661 549 740 aureis,
575 662 606 730 ei
632 657 789 731 concedit
821 659 1014 729 dominium
1040 673 1072 732 et
1099 683 1153 732 res
1186 685 1305 734 mona·

54 769 187 818 rorum.

87 839 195 922 589.
213 841 256 928 ¹Is
270 847 387 906 autem
412 859 491 906 cum
517 859 646 919 rerum,
673 857 761 925 quaa
784 836 856 906 illic
881 849 990 918 erant,
1010 839 1059 906 sic
1079 837 1189 910 factus
1217 855 1306 910 esset

51 924 202 1007 deminus,
222 926 375 1014 primum
401 925 539 1012 quidem
567 926 618 996 eis
639 925 793 1015 providet
817 947 871 994 res
901 926 1126 1008 necessarias,
1153 942 1192 998 ut
1219 929 1306 997 nihil

49 1014 87 1082 ais
104 1013 266 1096 deficeret,
288 1013 349 1084 sed
367 1015 484 1084 omnia
498 1015 547 1084 eis
571 1025 804 1104 suppeterent.
830 1013 959 1083 Deinde
976 1015 1143 1105 templum
1169 1039 1306 1105 quoque

48 1103 88 1170 eis
109 1103 284 1194 magnifice
308 1101 477 1186 aedificat,
504 1117 536 1174 et
559 1103 662 1173 ideis
685 1113 862 1172 consecrat
880 1115 913 1172 et
936 1103 1082 1173 dedicat.
1104 1104 1233 1182 Deinde
1257 1107 1306 1176 eis

49 1211 164 1277 quoqne
185 1192 329 1262 domum
355 1193 523 1263 construit
538 1192 581 1262 ad
604 1213 728 1281 panem
745 1191 955 1262 faciendum.
976 1197 1069 1275 Quae
1093 1215 1172 1264 cum
1202 1195 1304 1266 fecis·

51 1291 101 1358 set,
120 1280 377 1366 tractabilesque
396 1293 429 1350 et
453 1293 651 1352 mansuetos
676 1280 892 1362 reddidisset,
921 1281 982 1366 qui
1000 1281 1097 1370 prius
1124 1297 1221 1354 erant
1253 1307 1305 1354 se-

50 1366 147 1440 ditiosi
161 1384 193 1439 et
212 1369 461 1451 inobedientes
481 1369 625 1440 accersit
639 1370 817 1450 loannem,
840 1369 900 1456 qui
911 1368 984 1458 jam
1004 1391 1092 1440 ame
1111 1372 1225 1442 dictus
1239 1385 1301 1452 est,

50 1469 75 1522 et
94 1456 122 1524 ei
145 1479 245 1526 norae
268 1463 402 1527 Laurae
428 1459 611 1528 committit
643 1457 916 1548 praefecturam:
943 1459 1003 1544 qui
1032 1472 1127 1532 ortus
1162 1461 1301 1547 quidem

51 1541 145 1614 luerat
158 1567 196 1614 ex
219 1547 383 1616 Graecia:
405 1559 484 1616 ante
500 1557 643 1616 mortem
661 1559 775 1616 autem
793 1567 891 1616 suam
912 1567 963 1625 ea,
983 1569 1072 1636 quae
1089 1548 1208 1620 multis
1230 1562 1305 1638 post

52 1634 139 1703 annis
153 1635 186 1703 iu
203 1639 314 1706 laura
326 1649 524 1718 evenerunt,
543 1635 752 1726 praedixitet
767 1633 984 1725 apertissime
994 1638 1204 1708 enunciavit.
1220 1643 1302 1708 Cum

53 1723 130 1788 enim
152 1745 169 1792 e
184 1724 353 1812 praesenti
369 1723 437 1794 vita
453 1723 526 1812 jam
543 1737 632 1794 esset
648 1725 871 1815 migraturus,
892 1734 925 1794 et
944 1735 1133 1795 extremum
1144 1726 1218 1817 jam
1234 1739 1303 1796 tra-

53 1807 134 1878 heret
154 1813 321 1900 spiritum,
340 1825 374 1883 et
396 1825 546 1883 extrema
569 1813 672 1882 verba
702 1813 880 1894 emitteret,
905 1813 1069 1898 quoniam
1098 1815 1198 1884 multi
1223 1837 1310 1886 eum·

55 1897 322 1970 circumcidebant
346 1902 459 1984 exiis,
486 1903 547 1989 qui
564 1913 695 1972 orante
720 1906 848 1981 Laura,
874 1921 954 1970 cum
985 1901 1168 1990 profundis
1196 1905 1308 1994 suspi-

59 1985 121 2084 riis,
137 1986 359 2079 lacrymisque
382 2003 415 2060 et
431 1991 540 2060 animi
560 1991 836 2080 perturbatione:
864 1993 995 2070 «Ecce,
1018 1989 1143 2077 iuquit,
1162 1993 1306 2064 veniunt

64 2072 135 2154 dies,
146 2077 176 2144 in
192 2079 320 2165 quibus
335 2079 398 2166 qui
413 2090 625 2169 praesentem
641 2078 755 2150 locum
776 2077 943 2157 habitant,
960 2077 1153 2150 desciscent
1170 2103 1189 2150 a
1216 2093 1307 2152 recta

66 2159 133 2260 fide
145 2167 382 2237 etaxtolleutur
400 2167 541 2272 qpidem
559 2169 593 2236 in
612 2167 747 2257 scipsis,
762 2180 801 2238 ut
824 2189 903 2236 cum
921 2179 1039 2238 sancto
1054 2168 1157 2238 David
1178 2169 1303 2252 dicam,

64 2271 117 2333 qur
127 2258 329 2328 exacerbant:
345 2257 380 2325 in
397 2257 543 2328 audacia
556 2277 635 2330 vero
647 2277 711 2326 sua
725 2254 957 2336 destruentur,
976 2269 1008 2324 et
1024 2255 1170 2328 altitudo
1187 2279 1307 2328 eorum

66 2351 179 2426 repento
198 2344 338 2414 decidet.
358 2367 383 2412 ιι·
407 2349 548 2415 Etcum
578 2345 663 2414 haec
687 2343 838 2434 dixisset,
873 2344 1043 2434 migravit,
1065 2367 1146 2416 cum
1176 2357 1306 2437 septem

63 2447 155 2497 annos
171 2431 341 2522 implesset
355 2433 391 2502 in
407 2433 619 2523 praefectura
643 2437 784 2504 Laurae.
803 2431 930 2504 Deinde
955 2446 1031 2523 post
1048 2434 1146 2505 illum
1163 2435 1308 2506 consilio

59 2517 151 2616 sandi
163 2523 263 2609 patris
283 2523 404 2604 Sabae,
431 2523 492 2610 qui
516 2522 586 2592 illic
609 2533 706 2592 crant
722 2521 894 2602 monachi,
922 2521 1062 2594 cuidam
1082 2524 1188 2594 Paulo
1213 2546 1306 2595 com·

54 2617 175 2702 mittunt
195 2610 552 2682 administrationem:
566 2613 627 2698 qui
650 2624 722 2682 erat
737 2610 879 2698 quidem
899 2615 1076 2682 Romanus
1092 2633 1228 2704 genere,
1247 2612 1307 2684 sed

51 2697 316 2792 simplicissimus
335 2710 369 2768 et
382 2699 426 2770 ab
449 2700 613 2770 omnibus
637 2701 783 2790 negotiis
807 2699 1063 2770 alienissimus:
1093 2723 1190 2774 veras
1219 2701 1309 2774 solas

49 2781 171 2856 divitias
193 2809 419 2878 cognosceus,
446 2788 494 2858 nil
525 2789 711 2878 possidere.
745 2794 826 2877 lpse
849 2799 963 2858 autem
995 2811 1075 2860 cum
1101 2813 1157 2862 sex
1196 2790 1309 2862 solum

48 2891 170 2945 menas
192 2875 383 2946 admodum
399 2876 528 2968 invitus
544 2877 790 2967 permansisset
805 2879 841 2947 in
861 2881 983 2960 Laura,
1003 2878 1090 2948 nihil
1105 2881 1172 2950 sibi
1193 2879 1309 2950 volens

47 2961 188 3032 exhiberi
212 2965 412 3046 molestiae,
440 2966 575 3056 aufugit
599 2966 634 3034 in
666 2967 839 3048 Arabiam:
867 2975 1003 3038 etcum
1029 2967 1126 3039 illinc
1161 2971 1311 3040 venisset

46 3049 82 3118 ad
101 3053 335 3136 Severianum,
361 3054 528 3126 excedite
544 3055 624 3124 vita.
652 3055 715 3126 Sed
739 3077 820 3126 cum
845 3055 944 3125 beato
966 3055 1072 3126 Sabae
1089 3055 1211 3128 fuisset
1235 3059 1310 3148 ejus

44 3136 117 3228 fuga
137 3142 345 3233 significata,
365 3141 424 3213 ille
440 3147 629 3302 hffiapetum
653 3166 755 3216 suum
783 3143 997 3233 discipulum
1018 3144 1122 3232 jussit
1154 3167 1311 3246 praeesse

43 3231 227 3324 monacbis
248 3252 317 3301 non
339 3231 450 3322 magis
499 3253 650 3303 onorans
665 3232 741 3322 ejus
766 3233 936 3314 virtutem,
965 3253 1069 3318 quam
1099 3233 1312 3304 satisfaciens

43 3313 175 3388 illorum
192 3319 361 3410 petitioni.
388 3325 505 3411 Ipsum
527 3321 633 3402 enim,
659 3335 696 3390 ut
716 3335 898 3411 praeesset,
925 3321 1156 3392 communiter
1172 3323 1313 3392 vocabat

43 3407 141 3504 totius
156 3408 263 3478 simul
285 3413 415 3480 Laurae
439 3409 576 3510 legatio.
595 3413 709 3497 Neque
725 3412 799 3510 ipse
814 3409 955 3497 quidem
974 3409 1038 3478 boc
1061 3408 1185 3481 lubens
1202 3410 1312 3482 susci-

43 3497 173 3581 piebat:
194 3497 254 3566 sed
275 3511 412 3568 evectus
435 3497 499 3569 furt
515 3499 654 3569 illorum
676 3499 810 3655 {udicio
825 3511 858 3570 et
874 3498 1054 3568 sententia.

80 3585 98 3670 ξ
120 3587 206 3658 40.
223 3589 308 3655 Cum
326 3586 357 3658 ei
373 3608 453 3678 ergo
473 3587 796 3658 commiscuisset
812 3585 1037 3678 praefectura,
1057 3587 1187 3656 invenit
1210 3607 1312 3674 quos-

42 3669 115 3740 dam
132 3694 174 3742 ex
197 3673 364 3746 fratribus
386 3675 499 3766 (erant
526 3687 642 3746 autem
667 3676 691 3745 ii
719 3688 904 3763 quatuora
935 3675 1040 3746 Paulo
1071 3674 1227 3758 admissi,
1253 3677 1314 3764 qui

44 3759 103 3829 luit
119 3762 418 3852 simplicissimus,
432 3785 542 3852 neque
554 3777 712 3834 accurate
727 3762 939 3852 examinati),
955 3776 1129 3852 tamquam
1143 3765 1237 3836 virus
1249 3767 1315 3836 sub

44 3845 146 3918 labris
172 3851 344 3938 quaedam
378 3852 535 3944 Origenis
558 3852 781 3924 occultantes.
803 3858 895 3923 Inter
922 3874 1010 3939 quos
1041 3853 1170 3943 primas
1202 3867 1315 3944 partes

44 3937 214 4030 obtinebat
229 3939 374 4028 quidam
391 3945 532 4013 Nonnus
548 3941 781 4014 Palaestinos:
801 3943 862 4032 qui
879 3941 1060 4012 videbatur
1083 3941 1225 4028 quidam
1242 3964 1317 4014 esse

44 4024 265 4111 christianus,
288 4041 321 4100 et
345 4029 481 4120 pietatis
498 4051 578 4120 prae
598 4051 633 4100 se
657 4029 785 4101 serebat
810 4031 973 4120 speciem,
993 4029 1170 4102 laborabat
1199 4043 1315 4102 autem

47 4115 160 4186 morbo
179 4117 363 4208 gentilium
387 4131 421 4188 et
438 4119 729 4202 Manichaeorum,
749 4119 956 4210 Didymiqua
974 4132 1007 4189 et
1033 4119 1168 4210 Evagrii
1190 4132 1223 4189 et
1243 4120 1318 4192 Ori-

45 4205 147 4288 genis,
165 4205 226 4293 qui
247 4207 369 4298 nugati
385 4222 466 4280 sunt
488 4208 531 4280 da
557 4209 828 4298 praeexistentia.
846 4211 929 4278 Cum
955 4229 1014 4279 eos
1030 4229 1110 4298 ergo
1132 4209 1179 4278 ita
1196 4231 1232 4278 se
1252 4208 1315 4278 ha-

46 4293 119 4390 bere
151 4293 435 4385 deprehendisset
472 4301 667 4387 Agapetus,
696 4299 822 4368 timens
853 4317 896 4366 ne
928 4297 1058 4366 malum
1086 4296 1315 4396 manaretuad

49 4379 140 4464 ahos,
160 4395 193 4452 et
214 4406 337 4458 omnes
360 4387 591 4456 communiter
619 4386 863 4467 inficerentur,
888 4407 964 4456 eam
988 4407 1059 4454 rem
1085 4396 1319 4458 communicat

121 4504 240 4564 surius
254 4533 268 4552 ·
288 4502 375 4566 Vitae
389 4503 471 4584 SS.·j·
487 4503 555 4567 l'ol.
570 4502 634 4567 lill.
1204 4500 1239 4560 bl
