2960 4824
200 275 264 339 3ta
563 293 603 340 ov
627 293 653 342 s.
681 292 799 342 sunoco
823 291 1022 342 consessore
1269 274 1351 340 DEC.
1377 275 1411 338 t3

153 389 228 446 octo
253 379 354 448 annis
378 377 506 448 ibidem
523 377 661 468 elapsis,
683 377 725 447 ad
747 377 893 447 ulterius
911 379 1053 447 Domino
1072 376 1161 446 duce
1182 375 1342 468 processit
1362 374 1412 446 de·

154 478 306 550 sertum,
340 479 378 536 ut
403 465 521 558 populi
547 467 690 536 nimiam
720 466 908 536 declinaret
939 465 1192 554 frequentiam,
1225 482 1414 536 construens

152 555 340 625 oratorium
359 556 393 624 in
412 557 576 626 honorem
593 555 682 624 beati
699 556 846 636 Martini,
866 555 900 624 in
916 554 991 625 loeo
1010 557 1070 642 qui
1085 555 1215 625 dieitur
1233 555 1413 625 himacus*

154 665 260 734 super
283 644 447 713 fluvium:
474 644 533 714 ubi
560 643 729 734 plurimas
746 645 789 714 ab
810 643 907 714 hoste
926 644 1079 732 antiquo,
1099 644 1158 732 qui
1177 643 1335 714 felicibus
1350 644 1415 733 ejus

153 733 288 804 actibus
314 732 504 814 invidebat,
534 754 656 823 passus
689 745 740 802 ast
768 733 913 802 insidias
945 755 1005 823 per
1028 733 1290 820 quatuordecim
1318 751 1416 801 annos

151 821 281 910 quibus
305 821 432 891 ibidem
458 833 691 891 commoratus
715 833 777 890 est.
805 827 851 892 Eo
876 823 911 890 in
936 821 1022 900 loco,
1049 821 1201 909 aquilam
1227 843 1309 891 cum
1333 819 1414 911 gallo

152 910 344 980 avolantem
370 911 405 978 in
423 910 584 992 sublima,
603 924 678 998 post
694 911 858 980 io'uriam
885 911 952 981 sibi
976 911 1105 980 illatam
1130 910 1172 980 de
1197 910 1339 1000 gallinis
1360 931 1416 978 ua·

152 997 264 1069 decim
290 1010 337 1068 tot
361 998 495 1070 vicibus
513 998 691 1089 sigillatim
717 932 945 1090 depraedatis,
975 1021 1034 1090 per
1053 1000 1192 1090 signum
1212 999 1332 1068 Crucis
1352 1020 1415 1088 pro·

152 1088 272 1158 stravit
288 1087 329 1156 ad
350 1087 451 1176 pedes
471 1109 564 1168 suos,
584 1087 713 1178 gallum
732 1100 846 1158 autem
873 1109 975 1158 suum
994 1109 1119 1157 sanum
1147 1109 1222 1157 rece
1251 1088 1288 1156 it.

198 1179 286 1264 §lh
314 1181 384 1245 llon
411 1174 513 1266 longo
529 1189 681 1265 lampone
706 1177 903 1268 interlapso,
922 1177 1082 1247 diabolus
1107 1111 1294 1245 terribiiem
1318 1188 1415 1245 muta·

153 1275 209 1337 tus
236 1265 270 1332 in
299 1264 494 1344 colubrum,
517 1267 666 1355 graviter
690 1279 847 1335 sanctum
875 1265 931 1334 Dei
958 1264 1143 1350 momordit
1165 1265 1200 1334 in
1228 1265 1335 1354 pede:
1359 1285 1416 1350 qua

154 1352 305 1424 laesione
335 1365 496 1443 accepta,
529 1375 589 1444 per
612 1357 774 1424 Sanctum
800 1355 940 1425 edoctus
965 1354 1130 1444 Spiritum
1157 1367 1194 1422 ut
1218 1354 1289 1423 alio
1319 1363 1417 1423 trans·

155 1443 329 1543 migraret,
348 1443 533 1511 comitante
547 1463 583 1510 se
598 1441 686 1512 duce
707 1447 895 1532 Haymone,
915 1456 1044 1512 vastam
1066 1442 1236 1512 circuibat
1255 1445 1414 1516 eremum

154 1542 193 1600 ut
210 1532 376 1600 inveniret
393 1531 425 1599 in
442 1553 480 1608 ea
498 1532 720 1601 habitationis
737 1532 863 1601 locum.
880 1537 917 1601 ln
931 1531 1128 1618 quaerendo
1146 1545 1260 1600 autem
1280 1553 1320 1601 eo
1338 1530 1417 1599 iden
1477 1553 1478 1556 ¹

154 1623 227 1688 Dux
253 1632 328 1710 post
344 1618 489 1688 venandi
504 1621 717 1703 exercitium,
735 1642 804 1708 quo
821 1620 1116 1690 immanissimum
1135 1633 1272 1710 ceperat
1290 1640 1416 1710 aprum,

155 1707 250 1798 gravi
276 1709 498 1795 torquebatur
522 1709 596 1779 sitis
622 1708 788 1789 molestia,
811 1731 850 1779 ao
874 1731 955 1798 prae
980 1709 1054 1778 sitis
1079 1708 1287 1778 lassitudine
1303 1707 1417 1778 obdor-
1470 1762 1476 1781 ,

155 1795 263 1866 mivit.
284 1796 419 1868 Electus
436 1797 572 1867 interim
593 1797 726 1866 bomini
743 1797 897 1868 Judocus
914 1797 1059 1867 orationi
1079 1797 1251 1878 incubuit,
1268 1817 1419 1888 surgens·

153 1905 243 1973 que,
267 1885 390 1956 baculo
414 1908 482 1973 quo
508 1886 720 1955 innitebatur
751 1899 860 1956 tarrae
896 1886 1024 1968 infixo,
1051 1886 1141 1955 sicut
1173 1885 1260 1954 alter
1285 1891 1416 1975 Moyses,
1467 1946 1477 1974 ,

154 1995 278 2062 aquam
295 1975 456 2065 produxit
474 1973 648 2044 atlantem
667 1975 1018 2066 largiuseffluentem,
1031 1996 1099 2061 quo
1112 1973 1296 2043 exhilarati
1315 1981 1420 2044 buret
1469 1980 1476 2066 t

154 2064 230 2152 ejus
250 2063 393 2146 familia,
413 2085 496 2133 suae
509 2064 584 2132 sitis
597 2063 814 2134 extinxerunt
831 2064 1008 2133 ardorem:
1028 2076 1061 2133 et
1075 2064 1340 2133 transeuntibus
1357 2083 1419 2152 per·
1467 2075 1475 2141 t

157 2151 238 2221 inde
256 2154 417 2242 usquein
436 2151 639 2222 hodiernum
657 2153 747 2221 diem
765 2175 889 2239 aquam
916 2151 1135 2222 administrat
1159 2150 1417 2221 indeficientem.
1467 2156 1474 2167 ’

199 2243 277 2328 ξῖ.
308 2245 510 2341 Progressus
534 2241 615 2310 inde
640 2263 757 2310 versus
774 2263 880 2322 mare,
904 2242 938 2310 in
967 2240 1124 2310 vallicula
1152 2241 1315 2311 umbrosa
1336 2241 1417 2308 rivu-

156 2327 228 2398 lum
253 2329 395 2398 ollendrt
415 2350 571 2419 parvum,
591 2351 660 2416 quo
674 2329 878 2399 delectatus:
899 2331 997 2398 «ch
1021 2342 1082 2410 est,
1105 2329 1229 2415 inquit,
1249 2328 1416 2398 cathedra.

154 2417 239 2486 haec
264 2418 399 2504 requies
417 2439 491 2487 maa
516 2418 550 2485 in
577 2417 731 2487 seculum
758 2418 877 2488 seculi.
897 2441 915 2485 a
937 2423 1114 2576 Hagmone
1138 2417 1254 2504 itaque
1273 2417 1363 2487 duce
1384 2415 1417 2484 ad

154 2507 292 2596 propria
311 2528 454 2588 reverso,
476 2507 526 2574 vir
544 2507 599 2576 Dei
616 2507 686 2576 duo
702 2505 749 2576 ibi
761 2506 874 2594 lignea
891 2509 984 2576 mani
1014 2529 1053 2576 us
1071 2507 1219 2596 propriis
1236 2503 1418 2576 construxit

154 2596 314 2678 oratoria,
334 2615 442 2664 unum
461 2599 493 2664 S.
513 2599 609 2664 Petro
626 2595 862 2684 Apostolorum
885 2595 1047 2686 principi,
1065 2595 1158 2665 allud
1178 2595 1330 2666 S.l'aulo
1347 2615 1418 2682 gen-

155 2683 241 2752 tium
269 2683 411 2754 doctori.
436 2683 562 2752 Deinde
592 2683 763 2772 proiectus
787 2697 837 2754 ast
865 2689 1008 2754 Romam
1033 2706 1073 2752 ex
1099 2683 1260 2753 mandato
1281 2685 1313 2750 ll.
1343 2689 1418 2752 blar-

154 2772 217 2841 tini
242 2773 276 2807 *⁴*
300 2773 391 2843 sedis
423 2771 633 2862 Apostolicae
660 2772 836 2843 Pontificis
865 2772 1017 2854 summi,
1051 2773 1109 2858 qui
1145 2771 1249 2862 longo
1277 2784 1418 2861 tempora

153 2860 376 2950 concupierat
405 2861 603 2951 conspicere
630 2860 751 2930 faciem
777 2861 875 2952 ejus,
902 2883 942 2930 ac
967 2861 1186 2930 sanctissimo
1216 2861 1330 2950 ipsius
1361 2857 1418 2928 frui

156 2946 343 3035 colloquio:
371 2970 475 3036 aquo
492 2963 523 3018 et
541 2963 698 3038 receptus
713 2963 762 3020 est
780 2971 859 3020 cum
887 2949 1015 3020 honore
1039 2949 1153 3019 debito
1177 2971 1216 3017 ac
1242 2948 1351 3018 multo
1374 2946 1417 3015 di·
1464 2952 1470 2993 l

155 3037 328 3128 gnationis
352 3039 529 3126 obsequio.
556 3043 679 3107 Verum
705 3037 833 3108 ibidem
859 3039 1067 3108 edoctusest
1091 3059 1110 3106 a
1135 3037 1266 3128 Spiritu
1291 3042 1414 3110 Sancto,
1463 3008 1470 3129 i

155 3147 257 3212 quem
280 3126 313 3194 in
332 3127 495 3197 omnibus
516 3127 719 3216 magistrum
735 3127 927 3197 habebatet
950 3127 1140 3207 custodem,
1161 3138 1198 3195 ut
1214 3127 1256 3196 ad
1273 3144 1416 3196 eremum
1464 3144 1469 3227 Ι

157 3235 254 3284 suam
289 3228 532 3296 reverteretur,
559 3237 663 3302 quam
691 3215 723 3284 in
752 3216 849 3286 terris
880 3215 945 3285 sibi
979 3215 1126 3304 elegerat
1158 3215 1415 3289 habitationem,
1464 3236 1469 3317 p

156 3303 236 3372 inde
268 3303 302 3372 in
328 3305 419 3374 brevi
451 3305 605 3375 exiturus
629 3327 648 3380 tt
672 3326 834 3394 corpore,
863 3317 896 3374 et
921 3304 1231 3392 transmigraturus
1256 3303 1297 3372 ad
1323 3307 1417 3390 lnge·
1465 3320 1470 3381 a

156 3391 266 3463 lorum
301 3393 498 3484 collegium,
526 3415 565 3463 ac
590 3405 753 3483 perpetua
778 3393 914 3462 divinae
939 3393 1126 3483 majestatis
1150 3391 1323 3462 fruiturus
1344 3409 1415 3460 con·
1464 3386 1470 3482 ξ

157 3481 388 3572 templatione.
415 3487 493 3551 Post
517 3504 613 3552 sacra
639 3483 744 3571 igitur
767 3493 799 3551 ct
816 3480 924 3551 multa
952 3481 994 3550 de
1020 3479 1219 3550 aeternitate
1242 3477 1411 3566 colloquia,
1465 3482 1470 3557 l

158 3570 385 3672 interipsum
415 3584 448 3641 at
466 3571 663 3641 Pontificem
695 3571 822 3652 habita,
848 3591 927 3639 cum
956 3569 1213 3660 pretiosissimis
1230 3581 1413 3664 sanctorum
1465 3596 1471 3637 v

156 3658 311 3746 reliquiis
328 3682 348 3728 a
372 3659 512 3729 domino
525 3659 716 3750 Apostolioo
736 3660 802 3729 sibi
818 3658 952 3730 collatis
968 3679 1123 3728 reversus
1138 3669 1201 3738 est,
1228 3679 1309 3726 cum
1326 3667 1413 3726 tatros
1465 3658 1471 3745 ξ

158 3749 286 3837 patriae
302 3749 440 3839 gaudio,
460 3749 501 3818 ad
520 3749 656 3818 Pontini
673 3748 834 3818 confinia.
858 3749 918 3817 Cui
938 3747 972 3816 in
993 3758 1106 3816 monte
1124 3745 1327 3816 habitationi
1345 3759 1415 3812 suae
1467 3748 1472 3809 ἒ

155 3837 311 3926 proximo
334 3838 408 3928 (ubi
437 3837 537 3907 modo
562 3837 745 3925 requiescit
772 3847 930 3905 sanctum
959 3857 1085 3991 corsus
1109 3834 1202 3922 ejus)
1217 3835 1317 3904 obvia
1340 3831 1413 3902 lacta

154 3935 205 3995 est
226 3925 339 4014 puella
364 3925 546 4013 quaedam,
575 3938 755 4016 parentum
781 3925 947 4011 obsequio
966 3923 1007 3994 ad
1039 3937 1126 4005 octa,
1157 3945 1224 3992 non
1251 3935 1411 4014 tantuma

156 4015 331 4085 nativitate
355 4035 467 4097 caeca,
495 4014 555 4086 sed
581 4035 722 4105 prorsus
747 4013 926 4084 oculorum
956 4012 1099 4083 orbibus
1123 4033 1257 4083 carens.
1284 4013 1346 4080 llic
1364 4006 1412 4076 ub1

155 4103 205 4172 vir
233 4115 373 4174 sanctus
395 4125 518 4176 manus
543 4103 586 4174 de
616 4123 709 4172 more
733 4102 911 4184 abluisset,
934 4101 992 4172 illa
1016 4113 1056 4171 ut
1078 4099 1191 4170 luerat
1215 4101 1342 4170 visione
1363 4113 1411 4163 no·

153 4203 276 4261 cturna
312 4192 546 4284 praemonita,
584 4213 625 4262 ex
656 4191 775 4262 eadem
811 4211 901 4279 aqua
933 4211 1022 4279 quae
1054 4190 1119 4259 viri
1152 4211 1269 4260 sacras
1305 4200 1410 4257 manus
1473 4211 1474 4214 ¹

180 4352 193 4379 *¹
208 4353 282 4392 nocta
295 4355 375 4394 Villara
386 4356 447 4394 saint
459 4354 528 4400 Jocaa,
538 4355 599 4402 apud
611 4355 705 4404 draptes.

180 4405 207 4432 ⁸*
216 4407 281 4445 Anno
291 4407 336 4446 ott.
348 4407 436 4447 varum
446 4416 493 4447 non
503 4404 628 4452 Martinus,
636 4408 678 4448 aad
686 4403 819 4446 vttatlanua
829 4405 874 4448 hoo
884 4407 989 4457 tempora
997 4406 1120 4448 summum
1127 4403 1292 4448 Pontum
1299 4396 1388 4454 cmm
