3046 4838
67 302 146 367 titt
477 323 518 369 cn
543 325 569 372 s.
591 323 693 371 acram
717 325 768 370 cr.
796 322 928 370 noviora.
1256 308 1292 371 5t

65 403 205 488 diasicut
234 428 308 475 nec
338 407 460 476 illam
490 407 563 477 vuit
588 430 665 477 cum
691 408 759 478 aiio
784 429 938 498 peccare,
969 407 1093 477 timens
1120 406 1219 489 iliud,
1249 407 1340 494 quod

66 494 122 563 iden
141 495 340 586 Apostolus
372 496 590 566 terribiliter
612 497 758 567 clamat:
785 499 1017 567 Fornicctorcs
1040 507 1071 566 ct
1096 497 1266 566 adulteros
1283 500 1303 587 j
1329 537 1342 548 -

66 585 149 653 dicabit
167 590 259 654 Deus
276 586 423 674 (Hebr.
445 584 513 675 111).
533 586 700 672 Quicquid
720 588 813 656 enim
830 586 982 674 conjugii
995 586 1075 675 jure
1095 585 1256 654 foeminis
1272 607 1339 654 non

67 671 127 752 licet,
147 696 209 743 nec
239 675 339 743 viris
369 675 474 744 iicet.
504 675 745 755 Quamobrem,
768 697 788 743 o
813 674 1014 755 Christiane,
1034 674 1120 764 suge
1145 673 1342 743 fornicatio-

68 783 130 844 nem,
143 764 317 833 crubesce
332 765 419 850 iam
440 763 508 832 sub
524 763 632 832 oculis
653 763 711 832 Dei
732 774 764 831 et
779 763 986 854 Angelorum
1006 781 1158 851 peccare.
1177 762 1341 854 Capitalia

70 852 183 920 crimina
208 852 332 921 modis
355 851 535 921 omuibus
557 850 736 930 detestare,
764 865 801 920 ut
826 864 906 920 sunt
933 851 1165 942 sacrilegium,
1194 852 1339 921 homici-

73 941 153 1022 dium,
169 941 415 1020 miniterium,
439 939 567 1009 salsum
586 940 833 1022 testimonium,
852 939 995 1021 furtum,
1015 941 1147 1030 rapina,
1164 941 1338 1030 superbia,

74 1030 188 1111 invidia,
211 1031 378 1110 avaritia,
410 1028 595 1098 iracundia
619 1041 652 1098 et
674 1029 832 1098 ebrietas.
861 1033 950 1098 Haec
966 1029 1058 1098 enim
1077 1042 1159 1099 sunt
1177 1030 1337 1111 crimina,

76 1141 144 1205 quae
164 1131 329 1209 mergunt
350 1118 535 1187 hominem
561 1119 596 1186 in
623 1118 834 1208 supplicium
859 1132 1049 1208 aeternum.
1077 1123 1122 1186 Er
1152 1119 1280 1204 quibus
1311 1118 1340 1189 si

78 1208 198 1293 quisrei
215 1230 329 1278 unum
349 1206 528 1287 admittat,
548 1207 614 1278 nisi
630 1219 709 1295 agat
729 1207 985 1296 poenitentiam,
1004 1208 1079 1277 sine
1099 1206 1170 1276 ulio
1187 1207 1339 1277 remedio

78 1297 106 1362 in
132 1297 302 1386 gehenffie
327 1297 413 1386 igne
439 1295 582 1364 ardebit.
611 1300 649 1364 Et
677 1295 817 1377 idcirce,
844 1297 960 1366 anima
986 1295 1190 1376 Christiana,
1220 1295 1333 1385 vigila,

77 1405 137 1466 ora,
160 1407 238 1454 cave
269 1406 414 1474 semper
437 1384 504 1453 ista
531 1385 689 1465 crimina,
710 1395 742 1454 et
765 1385 929 1472 quicquid
956 1385 1037 1455 boni
1064 1397 1168 1473 potes
1191 1407 1254 1475 age
1279 1406 1340 1474 pro

73 1473 134 1542 rita
157 1487 301 1542 aeterna.
334 1473 439 1563 Aperi
469 1473 680 1562 pauperibus
712 1494 853 1543 manum
888 1485 1005 1554 tuam,
1034 1485 1072 1543 ut
1099 1473 1253 1543 Christus
1279 1473 1339 1543 tibi

73 1561 199 1650 aperiat
214 1562 357 1648 januam
381 1583 496 1643 suam,
517 1583 577 1650 per
599 1583 702 1648 quam
730 1561 836 1630 intres
861 1562 895 1630 in
921 1561 1047 1652 gaudia
1073 1561 1237 1652 paradisi.

117 1652 219 1736 §u
234 1651 334 1720 «Noli
353 1651 362 1717 i
369 1673 430 1739 pse
443 1661 474 1718 te
488 1650 620 1720 tradere
634 1651 667 1718 in
680 1650 917 1740 perditionem,
932 1673 992 1740 pro
1003 1673 1071 1738 quo
1082 1652 1237 1722 Christus
1248 1649 1338 1720 fudit

75 1741 266 1828 sanguinem
293 1761 415 1808 suum.
445 1739 532 1808 Satis
560 1760 731 1828 superque
760 1752 791 1808 te
815 1739 953 1820 dilexit,
984 1760 1084 1825 quem
1113 1751 1205 1810 tanto
1232 1741 1339 1829 pretio

72 1829 283 1915 compararit.
301 1834 467 1896 terreant
492 1840 523 1896 te
547 1828 724 1918 gehennae
748 1827 930 1917 supplicia,
957 1850 1026 1916 quo
1045 1829 1094 1896 vei
1116 1830 1165 1898 sic
1191 1830 1339 1920 possisa

74 1917 361 2006 pravisoperibus
378 1917 563 1985 abstinere.
591 1917 690 1986 Omni
719 1916 801 1985 hora
823 1917 997 1986 existimes
1021 1916 1217 1987 adfuturam
1247 1940 1339 1988 mor-

76 2017 163 2082 tem,
191 2017 217 2073 ct
236 2018 400 2074 eventura
428 2005 490 2073 tibi
510 2004 642 2094 judicia
675 2006 732 2074 Dei
758 2027 893 2095 semper
925 2005 1147 2086 reformides,
1182 2018 1220 2075 ut
1251 2006 1338 2074 illud

80 2091 260 2180 Scripturas
283 2094 349 2162 tibi
378 2094 485 2182 possit
509 2095 637 2182 aptari:
665 2099 787 2163 Beatus
807 2095 974 2186 homoque¹
987 2117 1117 2184 semper
1133 2105 1180 2162 est
1194 2097 1340 2186 pavidus

77 2178 190 2266 (Proc.
211 2183 330 2272 rann).
353 2182 451 2265 Quod
479 2182 566 2251 maie
595 2183 788 2264 admisisti,
815 2183 898 2252 dum
925 2196 1041 2273 potes,
1068 2181 1225 2261 emenda,
1253 2182 1336 2250 dum

73 2267 271 2341 adhuriicet
298 2272 487 2363 poenitere.
515 2271 653 2340 Veniam
677 2292 743 2340 noo
770 2271 941 2360 desperes
963 2273 991 2341 si
1017 2270 1101 2340 veiis
1126 2271 1336 2359 resipiscere,

69 2355 255 2446 desperatio
271 2361 368 2428 enim
398 2359 545 2448 peccatis
568 2359 731 2428 omnibus
751 2358 898 2428 deterior
914 2374 974 2429 est.
993 2365 1214 2447 Nequaquam
1234 2359 1340 2449 igitur

67 2444 114 2512 de
130 2449 185 2516 Dei
201 2448 438 2518 misericordia
455 2447 615 2538 desperes
632 2469 799 2535 uuquam,
817 2469 878 2517 nec
895 2449 924 2517 si
941 2448 989 2517 vei
1007 2463 1157 2528 centum,
1172 2448 1221 2518 vei
1236 2448 1336 2518 etiam

63 2533 359 2627 milio-perpetres
385 2537 544 2606 crimina.
572 2535 669 2606 auita
696 2536 787 2605 enim
807 2549 875 2606 tam
901 2539 1014 2628 gravis
1034 2549 1084 2607 est
1111 2537 1225 2627 culpa,
1252 2559 1340 2623 qaae

59 2643 127 2724 per
150 2626 397 2713 poenitentiam
419 2647 484 2694 nou
511 2625 619 2715 possit
643 2624 795 2694 obtinere
820 2626 965 2696 veniam.
988 2627 1020 2695 Si
1045 2627 1123 2714 quis
1141 2640 1172 2696 te
1196 2626 1340 2694 lacessat

55 2725 89 2779 et
116 2715 239 2796 1rritet‚
259 2716 288 2783 si
314 2713 540 2796 convicietur,
560 2714 587 2782 si
613 2713 776 2804 injuriam
801 2715 937 2804 irroget,
959 2728 995 2784 tu
1021 2715 1154 2806 patiens
1178 2727 1261 2796 esto,
1279 2735 1340 2784 nec

56 2801 191 2874 reddas
213 2803 484 2873 contumetiam:
513 2802 636 2874 meiius
662 2802 804 2873 tacendo
828 2805 954 2874 vinces.
976 2809 1056 2873 Cum
1084 2805 1145 2874 tibi
1164 2804 1341 2874 maledici-

55 2899 128 2968 tur,
146 2905 186 2962 tu
202 2891 361 2974 benedic:
383 2913 543 2981 magnam
562 2893 782 2978 consequeris
800 2893 957 2982 gratiam,
978 2894 1006 2961 si
1025 2915 1091 2962 non
1112 2893 1227 2962 laedas
1244 2915 1337 2973 eum,

56 2999 169 3065 aquo
193 2980 308 3049 laesos
332 3001 382 3048 es.
406 2979 545 3049 Nullum
573 2979 762 3069 despicias
792 3003 859 3050 non
886 3001 1046 3070 egenum,
1079 3003 1144 3051 non
1175 3003 1337 3051 servum:

55 3068 144 3152 quia
161 3069 320 3138 fortassis
338 3068 431 3158 apud
459 3073 562 3137 Deum
590 3079 620 3136 te
636 3069 756 3137 melior
773 3081 835 3150 est;
857 3081 889 3138 et
906 3093 1027 3150 omnes,
1049 3068 1239 3139 secundum
1256 3073 1338 3158 Apo·

56 3157 205 3228 stolum.
220 3181 328 3227 *unum
344 3179 462 3226 sumus
485 3161 519 3225 a'n
545 3157 673 3227 Chresto
695 3163 786 3240 decu,
806 3181 865 3227 nec
884 3169 930 3226 est
953 3181 1172 3250 personarum
1190 3169 1343 3247 acceptor

58 3248 149 3314 Deris
172 3246 264 3336 (Gal.
287 3269 324 3315 111
348 3256 380 3314 et
404 3249 474 3314 Act.
494 3244 539 3332 x);
566 3246 622 3314 sed
651 3245 739 3314 sicut
764 3247 951 3334 scriptum:
981 3249 1211 3339 Unusquisque
1235 3246 1340 3336 quod-

60 3355 205 3424 cumque
220 3336 340 3423 feeerit
358 3335 489 3412 donum,
510 3335 568 3402 hoc
583 3335 721 3424 recipiet
736 3357 758 3402 u
775 3337 922 3415 Domino,
942 3337 1011 3403 siue
1025 3357 1151 3416 ceraue,
1171 3337 1239 3403 aive
1258 3335 1341 3402 liber

61 3420 200 3512 (Ephea.
217 3423 277 3510 m).
296 3428 368 3492 Non
394 3422 554 3491 detrahas
578 3421 672 3491 sratri
699 3436 769 3502 tuo,
789 3445 849 3492 nec
866 3423 1077 3493 calumniam
1096 3424 1212 3504 iacias,
1229 3443 1340 3509 neque

62 3511 92 3578 ri
118 3512 302 3600 opprimas
326 3532 432 3580 enm:
460 3511 516 3579 sed
544 3511 633 3580 sicut
659 3532 720 3600 per
750 3517 885 3601 Moysen
919 3512 1058 3588 dicitur,
1086 3513 1114 3581 si
1140 3523 1340 3602 paupertate

61 3599 268 3690 compulsus
285 3598 476 3668 vendiderit
496 3621 530 3669 se
555 3600 615 3668 tibi
639 3599 743 3668 irater
760 3613 850 3677 tuus.
874 3623 941 3671 non
966 3624 1043 3670 eum
1069 3601 1245 3690 opprimes
1270 3621 1342 3670 ser-

61 3688 170 3758 vitute
195 3688 428 3758 famulorum:
455 3688 512 3758 sed
539 3709 617 3757 cum
646 3689 765 3757 timore
792 3692 846 3758 Dei
873 3713 955 3780 agas
979 3713 1058 3782 erga
1085 3691 1196 3760 iilum.
1221 3689 1339 3758 Memi-

62 3777 158 3846 neris
179 3788 210 3846 te
233 3797 373 3864 quoque
394 3798 527 3846 servum
548 3798 633 3846 esse.
655 3782 725 3846 Non
751 3777 864 3848 oderis
890 3777 1026 3848 fratrem
1053 3792 1150 3850 tuum
1177 3779 1211 3847 in
1236 3779 1340 3848 corde

63 3877 133 3943 tuo,
162 3865 220 3935 sed
247 3865 386 3956 publice
414 3887 519 3954 argue
546 3887 637 3947 eum,
666 3887 707 3934 ne
731 3865 859 3936 habeas
880 3887 983 3955 super
1007 3867 1066 3936 iiio
1091 3883 1283 3957 peccatum.
1301 3870 1341 3938 Si

61 3957 253 4041 peccrmerit
277 3957 314 4022 in
330 3964 361 4022 te
374 3958 482 4044 frater
499 3965 587 4033 tuus,
608 3953 655 4022 ait
672 3954 706 4022 in
726 3954 908 4044 Evangelio
926 3956 1102 4032 Dominus,
1121 3960 1249 4047 corripe
1262 3977 1338 4025 eum

64 4045 151 4111 ahter
169 4053 201 4112 te
215 4054 247 4112 et
263 4045 375 4133 ipsum
391 4047 510 4112 solum.
533 4048 571 4111 Et
590 4042 692 4110 aiibi:
718 4044 789 4112 Sic
815 4065 878 4124 crs,
899 4044 1021 4129 inquit,
1041 4067 1161 4114 munus
1179 4056 1274 4114 tuum
1294 4043 1339 4114 ud

64 4135 187 4210 citare,
215 4143 247 4200 et
270 4132 321 4198 tbi
335 4132 528 4200 recordatus
545 4133 663 4220 fueris,
686 4131 768 4221 quic
795 4143 892 4202 ‘ceter
911 4144 989 4201 tuus
1013 4134 1110 4202 habet
1126 4135 1259 4222 aliquid
1275 4134 1337 4202 ud·

64 4243 197 4288 cerrum
222 4230 265 4300 te,
283 4221 436 4310 relinque
458 4221 505 4288 ibi
525 4241 647 4288 munus
670 4229 766 4288 tuum
804 4232 881 4290 onte
914 4223 1047 4298 altare,
1077 4233 1107 4289 ct
1132 4222 1217 4289 code
1243 4225 1337 4311 prius

66 4310 281 4377 recmwr'iiuri
291 4309 397 4396 fratri
405 4319 474 4377 tuo:
490 4317 521 4376 et
539 4319 616 4376 tunc
631 4310 766 4377 veniens
779 4311 893 4399 offeres
906 4331 1027 4376 munus
1040 4319 1133 4377 tuum
1145 4309 1279 4397 (attauh.
1289 4311 1333 4396 v).

108 4399 126 4483 ξ
145 4402 225 4470 85.
244 4419 262 4462 a
280 4399 371 4464 Haec
388 4410 429 4477 te,
449 4396 649 4478 Christiane,
670 4412 850 4487 praecepta
868 4410 1022 4466 revocent
1038 4398 1079 4465 ad
1101 4398 1342 4466 concordiam:
