2954 4816
227 291 291 358 394
1299 286 1379 350 DCC.
1401 287 1432 350 st

309 501 732 612 laetititiae
770 509 1009 610 tattone
1047 507 1331 611 seottttttt

542 731 793 798 PRESBYFERI
819 732 867 796 ET
894 731 1100 798 uterinis

298 947 335 994 u
359 945 489 1004 oddus!
514 941 714 1000 PFFANTIQUO
739 945 790 992 NS·
812 943 923 992 (20⁰1OE
947 945 1005 990 FER
1029 945 1059 990 F.
1088 943 1182 990 saun.
1209 942 1344 1000 stlatttl,

371 1051 482 1100 raucis
506 1051 593 1100 tocts
616 1051 731 1100 loures
755 1050 913 1099 connecto
937 1050 1044 1108 S'FYLO,
1072 1049 1281 1098 nttscutrwu.

449 1158 664 1207 cottssrtrtttrtr
686 1155 912 1205 vetustissima
937 1157 1187 1205 uaarrnotosln.

576 1307 581 1318 ¹
652 1336 774 1392 seculo
794 1335 843 1392 1v
863 1335 991 1396 floruit.

230 1549 309 1634 M.
337 1545 563 1636 Temporibus
587 1547 787 1617 Diocletiani
816 1558 848 1617 et
881 1545 1077 1616 Maximiani
1102 1549 1358 1634 Imperatorum
1381 1539 1439 1610 talis

188 1635 284 1704 luror
302 1635 337 1703 in
359 1634 535 1725 sacrilegis
558 1657 618 1724 per
636 1647 796 1704 cunctam
814 1633 947 1704 Italiam
969 1636 1106 1714 exarsit,
1123 1647 1161 1703 ut
1175 1655 1249 1703 una
1265 1644 1355 1703 esset
1369 1626 1439 1719 apud

188 1745 308 1794 omnes
332 1722 503 1795 idolorum
522 1723 669 1804 cultura,
686 1725 763 1794 etsi
781 1725 860 1810 quis
877 1745 945 1794 non
972 1736 1162 1813 prostratus
1180 1721 1287 1794 idolis
1305 1717 1439 1790 immola·

190 1826 252 1894 ret,
272 1812 391 1902 poenis
406 1811 550 1883 diversis
566 1813 789 1882 cruciaretur.
805 1817 884 1882 Erat
901 1825 973 1882 tum
991 1811 1198 1900 quidamvir
1214 1809 1438 1906 impiissimus.

189 1903 331 1972 Flaccus
352 1901 502 1982 nomine,
521 1923 621 1987 quem
644 1901 872 1971 Maximianus
888 1905 1079 1988 Imperator
1093 1901 1278 1980 direxerat,
1295 1911 1333 1968 ut
1348 1915 1439 1967 omma

189 1990 281 2060 idola
297 1989 451 2080 erigeret.
472 1995 625 2078 Cumque
643 1991 816 2061 introisset
840 1991 869 2059 is
894 1990 1035 2059 Flaccus
1060 1990 1094 2058 iu
1112 1989 1287 2059 civitatem
1314 1983 1440 2077 Spoleta·

190 2101 282 2161 nam,
298 2079 403 2170 jussit
420 2079 486 2149 sibi
503 2078 653 2149 tribunal
673 2078 846 2160 collocari,
865 2091 898 2148 et
916 2100 1100 2168 praecones
1119 2099 1177 2165 por
1192 2097 1319 2147 omnes
1337 2074 1439 2170 plateas

188 2167 336 2238 civitatis
361 2167 462 2247 mitti,
489 2181 528 2238 ut
550 2190 671 2239 omnes
695 2167 800 2240 simul
816 2166 907 2237 cives
931 2179 1010 2237 ante
1029 2167 1171 2255 vestigia
1194 2166 1273 2255 ejus
1292 2165 1326 2234 in
1353 2160 1439 2258 medio

189 2257 262 2328 loro
287 2257 523 2326 consisterent.
546 2261 699 2344 Cumque
722 2268 951 2346 congregatus
975 2255 1096 2326 suisset
1119 2255 1235 2326 omnis
1257 2253 1401 2344 populus
1416 2269 1438 2315 n

190 2345 303 2415 medio
327 2342 411 2427 soro,
439 2344 580 2415 Flaccus
596 2344 681 2416 dixit
700 2346 864 2415 Tircano:
893 2367 910 2412 t<
938 2346 997 2415 Isti
1014 2365 1135 2415 omnes
1159 2343 1229 2413 diis
1255 2342 1379 2414 nostris
1399 2338 1440 2405 de-

189 2435 359 2506 serviunt?
377 2455 395 2500 »
416 2433 475 2502 Cui
500 2433 667 2504 Fircanus
681 2434 776 2504 dixit:
796 2457 814 2501 «
841 2435 899 2502 lsti
916 2453 1048 2514 omnes,
1063 2455 1151 2520 quos
1166 2433 1341 2522 conspicit
1358 2430 1440 2518 pietas

189 2535 259 2603 tua,
278 2522 359 2592 deos
383 2521 512 2602 colunt,
531 2527 662 2604 Jovcm,
682 2525 867 2592 Minervam
893 2535 925 2592 et
949 2522 1156 2611 Asclepium,
1178 2520 1263 2592 deos
1289 2522 1440 2590 immorta-

189 2612 250 2690 les,
272 2611 331 2698 qui
357 2610 521 2700 propitios
552 2633 588 2680 se
618 2611 780 2681 exhibent
805 2610 936 2680 mundo
960 2611 1133 2682 universo.
1154 2633 1172 2678 »
1197 2615 1292 2680 Haec
1319 2606 1440 2678 audiens

190 2701 352 2778 Flaccus,
383 2699 523 2790 gavisus
547 2714 598 2770 est
621 2700 749 2790 gaudio
784 2721 929 2789 magno,
961 2712 993 2769 et
1016 2700 1181 2771 continuo
1201 2699 1312 2786 jussit
1346 2693 1439 2765 turbas

188 2810 309 2860 omncs
325 2787 464 2858 dimitti.

233 2879 320 2964 5².
347 2881 469 2947 Beatus
496 2899 572 2946 vero
598 2879 782 2978 Gregorius
809 2889 882 2946 erat
915 2889 988 2946 tum
1025 2877 1060 2946 in
1093 2877 1231 2948 civitate
1266 2874 1437 2971 spoletana·

189 2965 330 3054 jejuniis
347 2977 380 3035 et
401 2967 616 3036 orationibus
641 2967 697 3036 dre
721 2989 760 3036 ac
790 2979 887 3036 nocte
912 2987 1048 3036 vacans.
1067 2966 1190 3036 ltlultos
1218 2965 1279 3035 ille
1303 2961 1440 3054 precibus

190 3054 263 3124 suis
283 3075 386 3123 sanos
411 3055 585 3138 reddebat,
609 3056 751 3145 spiritus
778 3053 980 3124 immundos
1003 3054 1179 3146 ejiciebat,
1207 3053 1299 3124 lecto
1323 3051 1440 3120 dacum·

192 3143 309 3220 bentes
334 3143 487 3226 sanabat,
508 3143 661 3235 leprosos
687 3143 888 3227 mundabat,
909 3164 1028 3214 caecos
1050 3143 1282 3224 illuminabat,
1303 3155 1336 3210 et
1358 3133 1440 3206 corda

192 3231 378 3302 multorum
406 3255 620 3324 paganorum
638 3234 679 3303 ad
702 3233 887 3304 Dominum
907 3237 1025 3304 tesam
1043 3233 1216 3302 Christum
1233 3225 1438 3302 convertebat:

191 3321 318 3410 templa
344 3343 421 3391 vero
447 3343 661 3412 paganorum
691 3333 723 3391 et
747 3321 934 3392 simulacra
960 3321 995 3390 in
1022 3334 1145 3392 terram
1177 3319 1366 3412 dejiciebat.
1390 3317 1440 3380 lu·

191 3409 290 3482 diens
307 3409 390 3480 hacc
414 3410 592 3494 FircanuS,
612 3410 702 3498 quod
721 3411 843 3482 beatus
866 3411 1052 3500 Gregorius
1072 3409 1178 3480 multa
1204 3407 1333 3500 templa
1355 3397 1439 3478 idoli

193 3521 269 3568 rum
290 3500 475 3579 evertisset,
494 3511 526 3569 et
546 3521 761 3591 paganorum
787 3499 923 3570 animos
946 3499 990 3569 ad
1014 3499 1137 3568 Clrristi
1155 3521 1307 3570 amorem
1324 3507 1439 3592 correer-

193 3587 300 3668 tisset,
319 3589 427 3660 iratus
448 3588 563 3670 nimis,
585 3589 761 3659 nunciavit
785 3589 869 3658 haec
895 3588 1025 3670 Flacco,
1051 3587 1184 3658 dicens:
1206 3611 1224 3654 a
1251 3593 1308 3656 Est
1322 3577 1437 3670 quadan

193 3677 229 3744 in
247 3679 340 3754 urbe,
354 3677 512 3748 seductor
526 3677 727 3760 multorum,
747 3683 811 3747 Cre
836 3675 932 3746 orius
958 3676 1108 3756 nomine,
1130 3676 1297 3747 adversus
1311 3673 1384 3768 deos
1400 3683 1437 3732 rtu

193 3763 305 3848 bellis,
326 3781 359 3834 et
383 3778 491 3835 vestra
519 3765 620 3855 jussa
650 3788 710 3855 pro
736 3701 845 3836 ninid)
869 3764 1055 3835 ducens.»
1086 3769 1176 3836 Haec
1205 3787 1285 3835 cum
1310 3757 1438 3858 audisset

194 3853 347 3936 Flaccus,
364 3855 487 3924 exarsit
502 3877 523 3925 a
538 3854 686 3936 diabolo,
704 3867 737 3924 et
756 3855 862 3942 jussit
878 3855 1108 3944 quadraginta
1133 3854 1261 3926 milites
1285 3851 1375 3927 mitti,
1391 3857 1435 3942 qut

192 3943 329 4013 beatum
356 3943 558 4034 Gregorium
583 3945 735 4014 vinctum
755 3944 994 4033 perducerent.
1017 3944 1180 4014 Exierunt
1199 3941 1331 4020 milites,
1348 3948 1376 4005 ct
1390 3947 1436 3998 ιω·

194 4031 325 4122 plentes
339 4031 449 4120 jussa,
474 4032 612 4102 beatum
637 4033 839 4122 Gregorium
865 4031 1324 4124 praesentaverunt..Sedens
1345 4032 1433 4121 autel]

194 4119 335 4191 Flaccus
360 4143 439 4190 cum
464 4121 632 4202 Tircano,
658 4135 691 4190 et
715 4122 903 4212 respiciens
927 4123 961 4190 in
987 4120 1108 4191 seciam
1134 4121 1224 4192 beati
1250 4119 1435 4208 Gregorii,ln

197 4209 287 4278 hanc
311 4210 424 4300 erupit
449 4231 587 4280 vocem:
615 4233 633 4277 «
659 4215 753 4280 Tune
776 4233 812 4282 es
837 4209 1022 4301 Gregorius
1046 4209 1266 4297 Spoletanusl
1284 4231 1301 4276 s
1319 4206 1435 4274 Sanctus

196 4299 379 4385 Gregorius
402 4298 506 4368 dixit:
534 4321 552 4365 a
577 4305 646 4388 Ego
671 4321 762 4367 sum.
783 4323 801 4366 »
822 4303 1044 4386 Rursumque
1069 4299 1230 4369 Flaccus:
1257 4319 1274 4364 r
1298 4299 1378 4362 rure
1395 4299 1430 4352 ⁸⁹2

209 4429 213 4436 ’
223 4423 236 4449 *
251 4422 305 4471 Ipso
316 4423 405 4464 latente
416 4425 574 4472 Tittemontto.
584 4425 724 4474 Martyrium
734 4425 777 4466 hoc
790 4425 881 4476 surculo
891 4429 928 4466 sat
938 4425 1090 4476 asscriptum,
