2932 4812
16 209 82 276 llll.
108 215 148 279 29
311 235 349 280 nu
373 235 400 282 s.
430 234 536 282 rixoiix
559 235 706 282 saeuior.
734 235 946 284 cinruiiniirn.
1159 217 1221 280 575

13 317 92 384 ilbi
115 332 165 387 est
187 317 531 408 archiepiscopusl»
552 325 635 389 Tum
659 319 715 389 ille
743 321 844 409 plane
866 319 1058 408 intrepidus
1082 333 1114 388 et
1139 318 1266 406 imper-

12 407 149 473 territus:
170 429 187 472 «
208 412 294 476 Ecce
314 409 451 488 adsum,
473 409 595 496 iuquit,
615 430 681 478 non
706 408 858 499 proditor
879 410 986 498 regni,
1014 407 1072 478 sed
1091 407 1262 507 sacerdos.

11 497 129 564 Paratus
144 517 221 564 sum
243 517 304 584 pro
322 495 381 565 illo
403 498 501 578 mori,
525 498 585 587 qui
611 519 665 566 me
690 498 833 566 redemit
857 499 1027 588 sanguine
1055 518 1129 566 suo.
1156 496 1262 576 lbsri,

11 595 35 678 iit
51 596 180 672 propter
195 605 297 656 enses
313 598 443 654 vestros
467 598 527 656 aut
550 585 694 675 lugiam,
712 600 772 657 aut
795 609 813 657 a
835 587 968 674 justitia
987 585 1198 684 recedam3»
1212 585 1282 686 'lt'

11 669 62 737 illi:
87 694 103 736 <i
126 672 282 754 Absolve,
303 674 477 762 inquiunt,
507 696 593 760 quos
618 676 923 745 excommunicasti
954 689 986 744 et
1010 672 1220 764 suspendisti
1245 695 1265 742 a

11 781 58 826 suo
73 759 298 829 officina—c
312 762 424 838 Nulla,
438 763 485 832 ait
501 765 550 832 vir
566 779 717 845 sanctus,
731 763 774 832 ab
791 763 859 832 illis
883 764 1032 835 exhibitu
1056 776 1107 832 est
1131 761 1230 832 satiss
1249 799 1265 811 -

11 849 71 923 etio,
96 849 207 937 itaque
233 873 303 920 uon
329 851 516 920 absolvam.
535 857 702 922 »Rursus
721 851 794 922 illi:
815 857 947 922 «Nunc
966 853 1072 942 igitur
1092 851 1262 930 morieris

11 951 33 1002 rt
48 939 181 1027 recipies
200 961 266 1028 pro
282 940 606 1031 meritis.›i—-«Ego
625 961 713 1022 vero,
732 941 936 1010 aitsanctus
958 954 1097 1030 martyr,
1116 960 1175 1029 pro
1203 943 1263 1006 Do·

11 1027 90 1094 uiino
112 1049 183 1096 meo
210 1029 298 1097 mori
325 1042 464 1117 paratus
488 1052 587 1108 sum,
615 1043 652 1099 ut
676 1029 824 1098 Ecclesia
851 1049 926 1098 meo
950 1030 1120 1119 sanguine
1145 1047 1262 1126 pacem

11 1127 38 1180 et
59 1113 235 1186 libertatem
257 1131 474 1204 assequatur.
501 1117 674 1206 Praecipio
698 1131 811 1188 autem
837 1140 876 1188 ex
925 1132 997 1188 arte
1020 1117 1264 1206 omnipotentis

15 1203 71 1282 bei,
95 1225 130 1272 ne
152 1227 364 1293 quemquam
390 1227 428 1275 ex
453 1207 539 1276 meis
562 1205 752 1277 laedatis.»
773 1213 846 1276 llox
873 1141 933 1288 illl,
952 1207 1040 1276 sacto
1057 1205 1261 1305 impetu,·in

12 1293 233 1374 aimiricum,
253 1307 493 1382 conaiiturque
516 1308 609 1365 extra
626 1295 714 1366 sores
737 1297 923 1375 extrahere,
944 1295 1016 1364 illic
1032 1317 1111 1365 euin
1132 1307 1191 1362 aut
1204 1315 1263 1378 ,iu-

11 1379 153 1466 gulatum
171 1397 229 1452 aut
253 1383 407 1452 vinctum
432 1385 676 1473 absportatnri,
703 1385 753 1454 uti
779 1398 893 1474 postea
910 1383 1057 1454 confessi
1078 1395 1170 1484 sunt..
1198 1381 1262 1451 Sed

11 1489 74 1536 cum
89 1469 223 1542 difficile
249 1483 364 1560 posset
387 1470 460 1542 loco
485 1474 624 1554 moveri,
645 1486 803 1543 etunum
820 1496 860 1544 ex
884 1474 933 1542 eis
957 1473 1072 1542 acrius
1097 1483 1262 1570 insisten-

12 1567 63 1624 tem
76 1581 93 1626 a
107 1581 139 1628 se
154 1561 366 1636 removisset,
387 1561 416 1630 is
433 1561 575 1632 terribili
593 1563 755 1632 incensus
770 1561 896 1644 surore,
916 1583 1034 1632 ensem
1050 1573 1170 1631 contra
1189 1581 1263 1646 ejus

13 1647 148 1718 verticem
173 1648 333 1718 vibravit.
360 1654 444 1717 Tum
470 1672 547 1720 varo
573 1652 651 1738 pius
673 1663 706 1720 et
729 1664 868 1722 sanctus
897 1651 950 1720 vir
972 1671 1116 1720 cernens
1143 1648 1262 1747 adesse

13 1733 123 1818 horarii,
148 1760 214 1825 qua
241 1738 449 1828 promissam
486 1741 673 1829 perciperet
706 1741 860 1830 martyrii
893 1761 1068 1820 coronam,
1095 1757 1261 1806 cervicem

13 1823 101 1892 instar
117 1828 246 1897 orantis
276 1827 474 1909 inclinavit,
499 1827 699 1928 junctisque
722 1843 754 1899 et
777 1850 915 1899 sursum
942 1829 1063 1898 erectis
1088 1826 1260 1927 manibus

14 1913 103 1982 lteoet
117 1919 147 1984 S.
164 1917 303 1996 Mariae,
324 1917 489 2004 beatoque
507 1930 649 2006 martyri
664 1919 825 2008 Dionysio
841 1939 940 1988 suam
957 1930 989 1988 et
1000 1916 1169 1986 Ecclesiae
1182 1935 1263 1982 cau-

14 2020 71 2068 sam
90 2003 349 2074 commendarit.
377 2006 436 2074 Vix
455 2027 492 2074 ea
520 2005 750 2096 prolocutum,
770 2007 939 2077 uelandus
964 2007 1027 2088 vir,
1049 2009 1204 2104 metuens
1220 2022 1262 2069 ne

16 2091 140 2172 populus
161 2114 242 2163 eum
264 2095 410 2183 eriperet
426 2115 465 2164 ex
484 2095 645 2166 manibus
661 2095 828 2185 ipsorum,
851 2117 1012 2166 coronam
1031 2093 1155 2183 capitis
1170 2112 1258 2178 eJus,

16 2176 130 2249 iuliiere
152 2183 257 2272 capiii
289 2183 430 2263 inflicto,
450 2197 544 2252 tanta
569 2184 600 2252 vi
628 2184 829 2274 amputavit,
860 2197 898 2254 ut
925 2198 1053 2274 pariter
1078 2193 1207 2252 secaret
1229 2191 1262 2247 et

18 2269 198 2348 praecideret
217 2271 402 2341 brachium
423 2272 552 2343 isthaec
578 2271 765 2352 referentis,
783 2272 844 2361 qui
860 2273 968 2353 solus,
986 2272 1123 2342 cunctis
1138 2282 1170 2339 et
1188 2289 1260 2337 mo·

18 2353 113 2423 nachis
134 2373 165 2428 et
186 2360 325 2429 clericis
344 2383 424 2448 prae
442 2373 535 2430 metu
554 2360 779 2450 fugientibus,
802 2375 920 2431 sancto
942 2361 1084 2518 martpri
1101 2373 1261 2430 constan-

17 2453 55 2508 ter
73 2445 229 2528 adhaesit,
257 2461 290 2517 et
320 2449 407 2518 iuter
425 2449 527 2519 ulnas
555 2472 634 2519 eum
664 2450 849 2530 continuit,
877 2450 985 2520 donec
1008 2473 1025 2520 a
1045 2463 1114 2520 tera
1140 2469 1259 2547 carum

14 2548 165 2686 amputata
176 2552 244 2608 est.
264 2537 408 2609 Additus
425 2539 505 2607 inde
524 2553 575 2609 est
590 2537 675 2608 alter
694 2540 783 2610 ictus
807 2540 842 2609 iu
868 2561 1005 2609 sacrum
1022 2560 1148 2628 corpus
1172 2557 1257 2624 ejus,

13 2621 55 2685 ati
72 2621 98 2690 le
113 2627 236 2696 mansit
255 2627 431 2708 immotus,
452 2626 536 2697 nihil
559 2649 594 2698 sc
610 2649 841 2699 commovens.
860 2629 970 2698 Tertio
989 2648 1185 2718 percussus,
1205 2645 1261 2724 ge-

14 2711 175 2794 uuallexit,
201 2715 323 2784 dicens
347 2715 518 2786 submissa
545 2737 641 2804 voce:
662 2739 680 2783 it
703 2721 764 2786 Pro
785 2717 923 2788 nomine
938 2716 1019 2786 lesu
1043 2728 1074 2786 et
1091 2713 1261 2812 Ecclesiae

14 2791 188 2871 defensione
204 2804 291 2873 mori
306 2818 444 2892 paratus
462 2827 550 2874 sum.
569 2828 587 2872 »
605 2809 690 2874 Tum
708 2826 787 2874 vero
803 2805 921 2875 tertius
940 2805 1066 2874 axillis
1084 2801 1262 2892 sacrilegis

16 2892 265 2982 percussoribus,
286 2891 332 2962 ita
352 2893 592 2982 procumbenti
609 2915 711 2984 grave
728 2894 853 2963 inllixit
870 2893 1007 2974 vulnus,
1023 2907 1061 2962 ut
1084 2915 1164 2962 cum
1182 2911 1261 2961 san-

15 2991 100 3066 gnine
124 2980 247 3068 pariter
261 3004 280 3050 e
295 2982 407 3070 capite
430 2982 608 3052 cerebrum
625 2982 659 3050 in
680 2983 756 3071 ejus
771 2980 892 3052 laciem
918 2980 1094 3052 deflueret.
1111 2987 1260 3065 Quartus

16 3065 129 3134 interim
147 3069 304 3160 abigebat
321 3071 612 3160 supervenientes,
631 3083 668 3140 ut
684 3072 807 3140 caeteri
826 3083 965 3170 possent
979 3071 1014 3139 in
1033 3093 1072 3140 ea
1087 3068 1261 3140 horrenda

15 3151 97 3220 caede
115 3155 254 3226 liberius
271 3159 408 3228 versari.
431 3159 557 3242 Quinto
575 3159 648 3229 loco
667 3160 809 3229 accessit
826 3181 867 3240 is,
884 3179 986 3246 quein
1001 3175 1080 3230 aute
1093 3159 1257 3256 diximus,

16 3237 96 3339 hugo
117 3245 349 3317 subdiaconus
369 3248 581 3328 execrabilis»,
601 3259 633 3318 et
653 3249 763 3338 posito
787 3247 873 3338 pede
897 3247 932 3316 iu
957 3247 1085 3317 collum
1112 3259 1259 3319 sanctis·

17 3341 79 3396 simi
101 3337 267 3424 martyris,
294 3337 386 3423 quod
411 3338 486 3406 siue
502 3337 644 3406 horrore
662 3337 732 3406 dici
750 3358 818 3406 uon
836 3349 957 3427 potest,
972 3337 1151 3407 cerebrum
1177 3355 1258 3404 cum

17 3419 162 3506 sauguine
187 3445 245 3512 per
269 3426 504 3514 pavimentum
525 3425 662 3515 sparsit,
684 3427 799 3513 aitque
815 3426 857 3496 ad
879 3425 956 3497 illos
973 3438 1141 3514 quatuor:
1164 3451 1176 3488 i
1196 3421 1260 3492 ib-

17 3519 115 3576 ramus
137 3509 234 3580 hinc:
261 3515 324 3582 iste
348 3513 490 3604 posthac
515 3536 584 3584 uun
609 3527 810 3605 resurget.»

37 3592 66 3683 ,l
87 3599 157 3668 25.
190 3605 228 3670 Iii
252 3601 307 3672 bis
331 3602 495 3673 omnibus
527 3602 765 3674 incredibilem
801 3603 927 3674 licebat
958 3603 1068 3672 sancti
1097 3601 1261 3690 martyris

21 3677 111 3752 ridere
133 3690 368 3768 constantiam.
387 3693 501 3779 utqui
520 3713 630 3851 usgue
647 3713 802 3774 manum,
826 3714 936 3781 neque
954 3705 1079 3762 vestem
1105 3712 1259 3780 oppone-

23 3777 58 3832 ret
78 3781 326 3856 percussoribus
345 3780 426 3860 illis,
449 3802 512 3850 nec
536 3781 648 3852 ulum
672 3779 724 3850 vel
749 3781 904 3863 verbnm,
937 3780 988 3850 vel
1013 3779 1199 3850 clamorem
1224 3800 1259 3846 e·

22 3849 103 3944 «leret,
124 3863 224 3936 immo
249 3891 290 3936 ue
306 3869 471 3957 gemitum
494 3870 646 3957 quidem,
673 3883 732 3940 aut
753 3869 903 3957 aliquam
929 3869 1060 3939 doloris
1084 3866 1260 3958 significa·

24 3953 122 4016 tionem
136 3956 345 4042 exprimeret,
372 3958 429 4026 sed
454 3972 559 4047 caput
579 3957 704 4048 gladiis
723 3958 876 4028 ablatum
907 3971 1035 4027 teneret
1060 3957 1256 4036 immotum,

26 4023 107 4132 «lones
121 4043 252 4114 cerebro
267 4066 346 4114 cum
365 4048 533 4136 sanguine
557 4060 770 4137 erumpente,
798 4061 974 4204 tamguam
992 4061 1165 4127 oraturus,
1185 4066 1259 4115 cor-

29 4133 77 4210 pus
97 4145 124 4221 ¹.¹¹
147 4146 282 4207 terram,
309 4133 465 4220 spiritum
492 4137 526 4204 in
552 4137 666 4205 sinum
692 4136 846 4206 Abrahae
890 4138 1037 4226 eposuit.
1057 4141 1182 4205 Caesus
1204 4146 1255 4204 est

29 4219 68 4267 lll
86 4230 149 4314 ltus
165 4221 448 4293 acrueutissimis
472 4223 542 4294 illis
566 4225 789 4294 carnificibus
814 4240 967 4316 tempore
995 4247 1093 4296 sacro
1123 4238 1155 4295 et
1183 4224 1258 4295 loco

26 4308 112 4376 ⁸³0l0,
128 4325 157 4373 iu
176 4309 253 4398 ipsa
278 4307 377 4380 domo
400 4313 468 4394 Dei,
499 4327 621 4402 quarto
650 4313 814 4383 Calendas
837 4315 992 4386 ianuarii
1017 4337 1108 4385 anno
1133 4312 1257 4384 Christi
