3046 4838
261 260 302 324 tl
426 305 428 310 -
579 279 617 324 nic
641 277 669 324 a.
692 277 837 324 aiiaaaiia
861 277 944 324 viae.
971 277 1009 324 ar
1033 277 1126 324 uina.
1344 259 1453 324 aaut

212 374 307 452 pater
336 360 509 452 impulsus
533 383 552 428 a
584 361 725 442 multis,
761 363 871 449 iisque
903 362 1078 432 nobilibus
1104 373 1135 430 et
1162 361 1348 452 potentibus
1369 361 1453 442 viris,

213 451 273 538 qui
298 450 364 518 sibi
396 448 490 518 illam
517 450 551 518 in
580 450 838 519 matrimonium
871 450 945 520 dari
976 450 1243 532 contendebant,
1273 450 1333 518 hoc
1357 449 1455 520 multis

212 538 326 610 verbis
340 540 370 608 ei
388 536 533 607 suadere
557 550 713 608 conatur.
731 543 770 609 itt
794 538 853 608 illa
878 541 1031 629 praecise
1056 550 1156 630 negat
1179 561 1215 608 se
1231 538 1321 608 nelle
1337 537 1455 606 nubere.

215 627 364 698 Stultum
385 627 477 696 enim
502 625 574 696 fore
590 626 699 708 duxit,
720 649 755 696 sc
782 627 852 714 jain
881 627 984 698 semel
1010 628 1147 698 coelesti
1169 649 1294 718 sponso
1317 627 1455 706 dicatam,

213 730 365 786 terrenas
384 717 521 805 nuptias
539 715 638 796 inire,
659 717 792 803 hocque
808 729 906 806 pacto
922 740 940 787 a
957 715 1246 807 contemplatione
1267 738 1372 786 rerum
1389 715 1458 782 diii·

212 827 336 874 narum
362 805 507 875 abduci:
535 827 602 892 qua
627 827 698 874 una
723 806 928 875 suavissima
954 807 1171 898 cogitatione,
1196 821 1363 893 tamquam
1384 804 1459 874 salii·

214 893 364 963 beriimo
388 894 477 974 cibo,
494 893 572 982 ejus
595 896 714 963 anima
736 893 893 964 alebatur
916 895 959 964 ad
985 895 1231 964 aeternitatem.

258 985 343 1070 §a
372 987 490 1068 ltaque
518 995 613 1072 pater
642 1004 721 1051 cuin
749 983 781 1051 id
811 983 995 1073 impetrare
1031 983 1126 1053 nulla
1163 983 1293 1053 ratione
1324 981 1459 1072 potuerit,
1493 1015 1494 1068 q

215 1082 392 1162 perspecta
415 1071 586 1142 constanti
604 1071 695 1140 filiae
716 1072 897 1153 voluntate,
917 1073 961 1142 ab
976 1071 1051 1160 eius
1075 1072 1186 1142 oculis
1212 1072 1311 1162 longe
1336 1069 1460 1160 peregri·
1493 1081 1494 1150 t

215 1161 289 1230 nari
314 1160 442 1241 statuit,
463 1159 496 1228 id
522 1172 611 1230 certe
631 1181 786 1249 sperans,
813 1174 851 1230 ut
876 1163 982 1251 patris
1001 1161 1172 1230 desiderio
1194 1163 1282 1231 victa
1306 1160 1383 1240 filia,
1403 1159 1461 1247 ejus
1493 1157 1494 1218 l

214 1249 378 1318 voluntati
392 1249 536 1318 cederet.
557 1249 620 1319 Sed
636 1271 675 1318 es
691 1249 896 1319 coelestibus
912 1249 980 1319 illis
993 1250 1139 1332 deliciis
1155 1271 1242 1338 quas
1260 1272 1345 1340 pura
1359 1247 1461 1316 mentis

213 1337 417 1438 cogitatione
443 1337 536 1438 virgo
560 1338 785 1438 concipiebat,
813 1350 947 1408 tantuin
973 1340 1105 1410 roboris
1139 1340 1283 1430 accepit,
1313 1351 1349 1408 ut
1375 1335 1461 1405 nullis

214 1447 318 1494 minis
357 1439 522 1507 erterrita,
538 1428 669 1516 nuptiis
695 1449 847 1514 unquam
865 1429 1087 1509 consenserit,
1105 1449 1193 1515 quas
1219 1441 1368 1498 terrenas
1385 1439 1461 1514 patei

212 1447 405 1605 appetebat.
432 1520 499 1584 lste
525 1537 624 1604 porro
650 1525 730 1584 cuin¹
756 1516 967 1606 peregrinari
1002 1517 1187 1597 statuisset,
1209 1518 1272 1586 hoc
1293 1518 1336 1586 ab
1352 1536 1388 1584 eo
1407 1511 1462 1580 lilia

212 1604 307 1694 petit,
331 1616 368 1673 ut
391 1603 554 1673 balneum
583 1604 648 1673 sibi
676 1605 888 1674 aedificetur.
916 1607 1090 1675 Consentit
1116 1619 1221 1694 pater,
1251 1605 1462 1687 fenestrasque
1492 1625 1494 1646 ⁴

213 1692 312 1772 duaa,
334 1692 463 1779 quibus
483 1692 601 1762 lumen
617 1691 840 1782 exciperetur,
858 1695 891 1762 in
910 1717 950 1764 eo
965 1695 1037 1763 fieri
1052 1695 1160 1784 jubet.
1182 1699 1252 1764 Hoc
1273 1692 1461 1787 aedificium,

215 1793 309 1872 pater
332 1781 490 1863 absente,
520 1780 750 1871 contemplata
775 1783 870 1870 virgo
894 1784 1055 1865 Barbara,
1086 1797 1123 1853 ut
1147 1783 1246 1864 fidei,
1277 1803 1379 1870 quam
1402 1777 1465 1876 reli·

213 1870 306 1960 giose
320 1869 463 1951 colebat,
483 1871 628 1959 posteris
646 1873 897 1941 monimentum
916 1872 1134 1959 relinqueret,
1154 1885 1292 1944 sanctae
1310 1869 1464 1940 Trinitatis

214 1958 388 2048 exemplar
412 1961 445 2027 in
472 1981 511 2027 eo
530 1960 793 2049 exprimendum
819 1961 962 2031 curavit.
991 1966 1109 2048 ltaque
1166 1983 1203 2030 ro
1230 1961 1368 2032 duabus
1394 1959 1467 2025 lene-

215 2047 306 2128 stris,
333 2069 419 2135 quas
446 2061 541 2136 pater
569 2050 847 2138 praescripserat,
875 2063 942 2118 tres
968 2043 1053 2132 fieri,
1081 2061 1114 2119 et
1139 1983 1225 2119 fibri
1251 2050 1465 2150 pavimentum

215 2136 331 2206 Crucis
356 2137 507 2224 imagine
526 2137 641 2207 ornari
662 2137 786 2226 jussit:
805 2139 921 2229 sicque
940 2159 1161 2228 magnacum
1181 2138 1260 2208 fidei
1283 2159 1365 2210 suae
1380 2133 1466 2233 signi·

215 2225 383 2306 ficatione,
400 2225 597 2295 aedificium
616 2225 702 2296 illud
721 2227 908 2296 obscurum
933 2240 966 2297 et
985 2227 1075 2297 antri
1095 2226 1220 2307 simile,
1237 2227 1465 2297 sanctimoniae

214 2325 247 2384 et
261 2314 405 2403 spiritus
443 2314 559 2383 lenum
577 2313 834 2384 demonstravit.
853 2319 950 2385 Pater
971 2337 1138 2397 reversus,
1152 2315 1303 2385 aedificii
1321 2316 1467 2385 rationem

216 2415 380 2472 mutatam
430 2402 506 2480 olet,
535 2403 632 2489 isque
657 2417 835 2494 propterea
861 2403 1014 2474 furenter
1035 2405 1207 2475 irascitur.
1229 2405 1329 2474 Fabri
1349 2403 1467 2492 culpaiu
1494 2440 1495 2468 ι

214 2491 248 2560 in
280 2491 386 2560 filiam
422 2491 603 2578 rejiciunt:
642 2513 730 2579 quae
762 2506 990 2594 opportunam
1018 2494 1106 2564 hanc
1131 2506 1230 2563 nacta
1254 2491 1495 2587 occasionem}

213 2591 328 2669 aperte
358 2581 400 2648 dc
431 2593 667 2650 sacrosanctae
702 2582 877 2652 Trinitatis
914 2582 1024 2673 gloria
1059 2581 1227 2653 divinitus
1253 2583 1364 2652 multa
1386 2580 1495 2648 dinii

215 2669 340 2738 Deinde
366 2667 525 2758 pluribus
542 2669 654 2738 verbis
679 2669 719 2738 ad
746 2670 930 2741 salutarem
950 2671 1073 2742 Christi
1089 2676 1171 2741 lesu
1189 2670 1292 2740 fidem
1314 2671 1471 2762 cohortata

214 2769 265 2825 est
280 2767 424 2846 patrem:
442 2757 501 2846 qui
525 2758 621 2847 graii
641 2758 732 2827 tiliae
755 2761 908 2830 oratione
925 2761 1044 2830 iratior
1059 2759 1180 2841 factus,
1200 2771 1238 2828 ut
1252 2761 1293 2842 is,
1318 2762 1379 2848 qui
1393 2773 1471 2827 onini

215 2845 389 2944 impietate
414 2845 567 2915 imbutus
591 2859 673 2926 erat,
693 2869 712 2916 e
735 2847 911 2920 charitatis
936 2849 1065 2918 finibus
1081 2870 1253 2939 egressus,
1274 2850 1392 2920 stricto
1407 2861 1472 2914 ense
1494 2849 1495 2888 i

217 2954 355 3003 unicam
382 2933 488 3002 filiam
515 2933 725 3092 aggreditur.

259 3023 344 3109 §ab
371 3029 409 3092 at
432 3045 470 3091 ea
491 3045 546 3092 sce
562 3024 645 3093 erati
675 3024 781 3114 patris
806 3025 971 3115 impetum
998 3049 1078 3095 cuin
1106 3026 1219 3116 potius
1245 3028 1471 3118 miseraretur,

214 3133 318 3197 quain
346 3109 497 3192 timeret,
524 3113 568 3182 ob
598 3135 672 3181 eain
698 3135 862 3195 causam,
891 3136 933 3184 ne
958 3113 1014 3183 ille
1045 3137 1081 3184 se
1115 3114 1206 3184 filiae
1229 3114 1335 3184 caede
1361 3112 1474 3182 nefaria

215 3200 422 3287 inquinaret,
450 3211 487 3269 ut
507 3201 669 3270 irruentis
687 3203 720 3270 in
747 3225 783 3272 se
808 3203 914 3292 patris
943 3203 1117 3273 crudelem
1143 3215 1305 3273 conatum
1332 3195 1474 3272 aniinad·

214 3289 324 3371 vertit,
355 3289 467 3359 statim
494 3288 574 3380 fuga
604 3290 749 3361 salutem
774 3291 966 3378 quaesivit;
991 3293 1130 3379 'Deique
1155 3313 1219 3382 ope
1245 3305 1327 3362 tunc
1353 3313 1371 3360 e
1400 3285 1476 3380 peri-

215 3377 294 3448 culo
319 3377 473 3478 liberata,
501 3378 591 3466 quod
623 3380 744 3470 ingens
768 3403 889 3450 saxum
917 3380 1119 3451 mirabiliter
1143 3401 1178 3450 sc
1199 3379 1416 3470 patefaciens,
1432 3375 1446 3443 f
1465 3411 1475 3420 ·

214 3467 321 3556 gienti
347 3489 434 3536 viam
449 3468 595 3556 aperuit,
614 3469 648 3536 in
666 3489 844 3539 summum
863 3480 1011 3538 montem
1027 3491 1063 3539 sc
1088 3471 1225 3559 recepit,
1245 3469 1303 3539 ubi
1331 3469 1366 3538 in
1385 3483 1478 3556 specu

214 3555 396 3634 occultata,
426 3557 514 3645 patri
538 3555 665 3626 taieiei.
693 3560 810 3627 Orcin
837 3581 913 3628 rere
937 3559 1031 3627 omni
1064 3559 1292 3628 admiratione
1322 3553 1476 3648 dignam!

216 3666 335 3714 saxum
361 3643 582 3727 discinditur,
609 3657 646 3714 ut
669 3668 733 3716 suo
757 3647 940 3736 complexu
957 3647 1124 3736 virginem
1152 3659 1297 3717 tueatur.
1317 3651 1423 3725 Pater,
1446 3659 1478 3708 ea

215 3753 252 3800 re
272 3732 471 3803 admirabili
494 3747 698 3824 conspecta,
739 3756 803 3803 non
835 3749 1046 3818 commotus,
1079 3735 1186 3805 filiam
1220 3735 1423 3823 insequitur,
1448 3739 1478 3797 ut

215 3819 360 3891 occidat.
388 3827 506 3910 ltaque
527 3823 620 3892 illam
647 3822 830 3914 diligenter
849 3824 932 3893 dum
958 3825 1151 3916 investigat,
1177 3826 1211 3894 in
1228 3824 1317 3894 duos
1337 3834 1479 3914 pastores

215 3908 358 4009 incidit:
391 3931 539 3996 quorum
572 3911 658 3980 alter
681 3935 717 3982 sc
750 3911 902 4002 puellam
939 3913 1064 3984 vidisse
1089 3915 1241 4070 nepavit,
1269 3913 1354 3983 alter
1381 3909 1478 4009 dignito

216 3996 376 4077 ostendit,
395 4019 464 4085 quo
490 3999 563 4069 loco
584 3999 712 4070 taieiei.
740 4006 838 4072 Pater
868 4001 1083 4072 inhumanus
1107 4002 1213 4072 friam
1240 4002 1299 4072 ubi
1332 4002 1475 4070 invenit,

215 4085 290 4174 ejus
307 4085 416 4188 latera
438 4088 597 4177 pedibus,
620 4087 760 4159 dorsum
788 4091 915 4248 pugnis
942 4090 1038 4160 foede
1066 4091 1224 4182 percutit,
1250 4089 1405 4160 crinibus
1435 4104 1480 4153 ra·

218 4186 360 4263 ptatam,
387 4197 439 4243 iia
464 4196 586 4266 aspera
610 4200 649 4247 ac
665 4177 797 4248 diflicili
815 4179 837 4248 il
855 4201 910 4249 am
928 4180 1042 4250 trahit.
1069 4181 1129 4249 llis
1150 4180 1360 4251 cruciatibus
1378 4178 1476 4262 virgo,

218 4275 394 4348 tamquam
420 4261 546 4333 domus
574 4266 608 4333 in
641 4288 721 4335 saxo
744 4265 911 4346 fundata,
939 4291 1028 4356 quae
1058 4290 1166 4356 neque
1198 4269 1404 4343 fluminum,
1427 4283 1480 4330 ne·

218 4369 286 4436 que
310 4361 488 4419 ventorum
516 4353 547 4420 vi
572 4355 787 4438 concutitur,
816 4377 836 4426 a
867 4355 947 4425 fidei
981 4357 1192 4428 Christianae
1222 4355 1394 4448 proposito
1419 4367 1478 4420 non
