2972 4826
225 319 287 384 tea
597 336 636 382 on
660 336 688 383 s.
714 334 849 382 arcesso
871 335 946 382 nra.
973 335 1023 381 ne.
1314 315 1402 380 ΠΕΟ.
1429 319 1447 380 6

179 420 356 493 Nicolaum
379 419 558 510 delegisti,
592 441 661 507 quo
689 440 789 488 nemo
822 418 1019 489 mortalium
1044 429 1155 499 esset,
1181 418 1242 504 qui
1269 431 1326 488 tua
1350 420 1448 507 jussa

180 511 312 580 meliori
329 520 389 577 aut
413 509 538 590 studia,
564 521 625 578 aut
644 508 800 587 consilio,
818 520 877 579 aut
902 509 1023 598 pietate
1046 507 1235 596 perficeret.
1255 512 1325 576 Tua
1344 509 1449 597 igitur

180 599 398 669 miseratione
413 596 542 666 factum
567 609 628 678 est,
655 608 694 666 ut
712 597 851 666 crudele
879 596 1061 666 consilium
1092 595 1244 665 famulus
1270 609 1363 674 tuus,
1391 617 1448 665 ne-

179 687 339 786 scioquo,
360 685 427 754 nisi
442 699 472 754 te
488 685 631 765 volente,
651 687 803 765 sentiret;
821 686 923 771 cujus
939 686 1078 754 animus
1099 699 1170 754 tum
1193 685 1241 753 rei
1259 685 1446 759 atrocitate.

178 787 250 844 tum
267 775 369 843 insita
388 775 510 863 pietate
528 785 732 855 commotus,
753 775 787 841 in
806 774 973 844 auxilium
996 773 1264 863 periclitantium
1289 785 1382 842 totus
1396 796 1449 842 ac-

178 864 341 953 cingitur.
366 863 596 933 stimulabant
627 863 882 932 misericordem
911 863 1066 931 animum
1093 862 1276 942 esurientis
1300 859 1450 931 familiae

178 950 363 1042 lacrymae.
395 951 599 1021 Stimulabat
625 964 796 1020 castarum
824 951 1016 1040 puellarum
1043 950 1280 1040 prostituenda
1306 949 1448 1039 virgini-

179 1053 243 1109 tas.
278 1039 482 1109 Stimulabat
506 1041 655 1110 amantis
680 1040 787 1129 patris
817 1039 1070 1120 misericordia,
1096 1039 1215 1126 quiin
1247 1038 1449 1128 pudicitiam

178 1130 307 1199 invitus
330 1129 461 1219 agebat,
482 1150 524 1198 ne
540 1131 575 1197 in
597 1131 749 1197 ventrem
768 1128 952 1198 crudeliter
976 1149 1076 1218 agere
1100 1127 1282 1198 videretur.
1303 1127 1367 1196 Sed
1385 1150 1450 1197 ser-

178 1230 449 1304 vastansque
477 1217 605 1287 ratione
635 1223 724 1287 Deus
749 1216 891 1306 impleat
916 1229 1108 1306 praecepta,
1143 1238 1210 1286 non
1237 1215 1339 1285 videt.
1367 1221 1449 1285 Cum

179 1307 271 1374 enim
293 1305 417 1394 jubeas
435 1305 673 1384 misericordes
697 1327 760 1375 nos
784 1327 869 1386 esse,
896 1318 988 1375 vetas
1008 1317 1121 1374 tamen
1146 1305 1322 1375 sinistram
1350 1307 1448 1384 scire,

178 1393 261 1482 quid
281 1394 382 1464 faciat
398 1395 534 1464 dextera
559 1407 685 1463 nostra.
714 1394 814 1463 Ardet
832 1394 972 1463 animus
993 1393 1248 1463 misericordiae
1272 1392 1450 1462 faciendae

179 1483 304 1563 studio,
326 1483 384 1552 sed
410 1484 603 1553 humanum
624 1483 679 1552 sui
703 1483 861 1552 beneficii
886 1483 1120 1554 testimonium
1150 1481 1296 1572 refugit:
1317 1483 1449 1572 quippe

178 1573 237 1658 qui
259 1573 320 1641 tibi
337 1571 412 1653 soli,
435 1571 688 1642 benefactorum
704 1572 899 1660 gratissime
919 1571 1113 1651 retributor,
1125 1570 1270 1728 (placere
1294 1586 1449 1640 conetur.

178 1665 322 1730 Tantum
348 1661 439 1731 enim
465 1662 516 1730 vir
534 1661 589 1729 Dei
613 1660 655 1728 ab
679 1661 774 1729 omni
795 1661 966 1729 humanae
988 1659 1102 1730 laudis
1150 1659 1296 1730 esiderio
1319 1659 1447 1728 abbor-

179 1749 284 1830 rebat,
305 1762 341 1818 ut
357 1763 524 1836 quantum
539 1749 664 1818 caeteri
679 1771 741 1817 sua
760 1749 940 1828 maleficia,
960 1762 1092 1817 tantum
1110 1748 1182 1835 ipse
1200 1749 1263 1817 iste
1283 1748 1449 1818 beneficia

180 1859 242 1908 sua
266 1837 376 1906 celare
392 1838 553 1908 studeret.
581 1839 642 1907 His
658 1837 807 1926 agitatus
832 1837 982 1908 stimulis
995 1837 1143 1926 impiger
1160 1837 1311 1916 animus,
1333 1837 1447 1917 credo,

180 1939 221 2006 te,
243 1927 395 2008 Domine,
422 1928 624 2016 inspirante,
653 1927 876 2015 intempestae
893 1927 1002 1995 noctis
1020 1925 1155 1995 silentio
1179 1938 1317 1994 estrato
1343 1928 1449 2015 prosi-

179 2013 277 2094 liens,
304 2015 381 2084 auri
405 2015 497 2084 baud
525 2015 695 2084 mediocre
712 2015 846 2104 pondus
877 2014 1015 2084 sacculo
1039 2013 1126 2082 belle
1153 2015 1309 2084 insutum
1331 2016 1447 2094 sumit,

178 2103 281 2174 domo
305 2103 479 2194 egreditur
503 2103 716 2184 clanculum,
742 2103 957 2173 miserandae
985 2100 1135 2171 familiae
1151 2103 1293 2172 domum
1325 2105 1448 2172 tacitus

178 2193 261 2272 adit,
289 2193 554 2282 circumspectat
570 2194 737 2281 sagaciter
759 2193 899 2261 omnia:
928 2191 1170 2260 animadvertit
1191 2191 1343 2270 tandem,
1369 2191 1449 2259 luna

179 2282 253 2369 ipsa
273 2280 467 2370 adjuvante,
495 2281 678 2351 fenestram
696 2293 849 2369 apertam
869 2279 1062 2369 paululum.
1086 2285 1130 2348 Ea
1154 2279 1262 2348 cubili
1288 2280 1449 2349 inservie

178 2369 246 2449 bat,
266 2370 299 2437 in
317 2391 386 2456 quo
403 2369 520 2438 inlelin
546 2384 640 2459 pater
660 2370 815 2438 membra
837 2369 944 2456 quieti
962 2367 1160 2437 tradiderat.
1179 2373 1273 2437 Tunc
1290 2368 1451 2436 Nicolaus

180 2457 448 2546 pulcherrimam
478 2458 544 2526 sibi
572 2481 593 2527 a
625 2463 690 2526 lieo
715 2457 864 2526 oblatam
893 2459 1107 2527 occasionem
1134 2468 1252 2538 ratuS,
1279 2477 1365 2526 auro
1394 2479 1449 2545 per

180 2546 363 2616 fenestram
381 2547 550 2630 immisse,
578 2546 720 2616 domum
747 2567 782 2614 se
807 2546 919 2614 statim
940 2545 1094 2646 proripit.
1119 2551 1215 2613 llane
1240 2557 1348 2633 pater,
1375 2545 1449 2614 auri

179 2647 352 2724 comperto
377 2635 556 2714 miraculo,
584 2647 738 2724 stupens,
760 2657 839 2704 cum
866 2647 950 2703 tanti
979 2634 1133 2702 muneris
1157 2634 1308 2703 datorem
1336 2634 1450 2722 suspi-

178 2724 250 2792 cari
275 2745 340 2792 non
368 2737 491 2812 posset,
514 2723 721 2792 daemonum
739 2745 814 2792 eam
839 2745 924 2804 esse,
944 2735 1004 2802 aut
1027 2721 1144 2791 callidi
1160 2723 1357 2812 cujuspiam
1393 2723 1450 2790 bo-

181 2811 284 2880 minis
301 2811 471 2880 fallaciam
498 2825 604 2900 putat,
633 2810 895 2898 adulterinoque
918 2811 1027 2880 credit
1050 2833 1085 2880 se
1103 2811 1217 2880 lusum
1236 2833 1333 2879 auro.
1367 2811 1451 2879 lnde

178 2919 257 2966 eum
277 2921 398 2969 aurum
417 2900 533 2989 digitis
551 2912 785 2980 contrectaret,
802 2901 944 2990 jamque
958 2902 1006 2968 rei
1024 2911 1243 2989 cognosceret
1259 2901 1448 2972 veritatem

180 2987 373 3056 incredibili
406 2988 534 3058 laetitia
568 2990 738 3079 gestiam,
766 2988 935 3078 lacrymas
961 2989 1108 3059 ubertim
1133 2987 1292 3057 effundit.
1309 2989 1451 3057 Miratur

182 3095 266 3155 rem,
293 3077 409 3145 animo
426 3091 536 3148 versat
552 3079 681 3147 omnia.
708 3083 847 3147 Etcum
874 3078 1067 3146 humanum
1086 3075 1336 3145 benefactorem
1366 3097 1449 3145 con-

175 3162 304 3252 jectare
333 3187 400 3236 non
426 3181 558 3256 posset,
586 3167 619 3234 in
648 3171 754 3236 Deum
787 3167 850 3235 boc
882 3167 1036 3234 muneris
1060 3165 1289 3235 transferens:
1324 3163 1447 3247 «Quid

178 3253 301 3322 faciam
327 3277 421 3324 nunc
447 3257 562 3334 miser,
593 3256 718 3342 inquit,
746 3275 787 3322 ne
812 3255 896 3323 tanti
922 3254 1079 3323 beneficii
1110 3255 1267 3344 ingratus
1294 3255 1451 3342 arguar?

179 3346 312 3412 Certum
331 3356 393 3424 est,
421 3357 598 3433 peccatum
625 3363 738 3412 meum
754 3343 898 3422 diluere,
916 3355 949 3412 et
972 3343 1080 3432 impio
1097 3363 1151 3411 me
1170 3364 1210 3411 ac
1235 3339 1364 3412 nefario
1377 3363 1450 3411 sce-

179 3429 248 3500 lere
264 3433 408 3521 expiate.
428 3433 561 3514 Filiam,
584 3433 618 3501 in
637 3433 737 3520 cujus
757 3432 956 3520 pudicitiam
981 3431 1222 3502 crudelissime
1240 3430 1446 3503 saeviebam.

179 3541 199 3589 a
224 3519 322 3590 foedo
348 3521 500 3610 periculo
528 3543 660 3592 eruam.
691 3525 819 3590 iturum
853 3520 1021 3610 virginem
1058 3521 1226 3600 redimat,
1262 3541 1351 3606 quae
1375 3539 1451 3588 meo

179 3609 306 3678 scelere
325 3610 403 3679 auri
426 3609 535 3700 gratia
551 3608 734 3766 perdenda
757 3622 840 3679 erat.
858 3633 875 3677 o
893 3614 982 3678 Haec
998 3609 1112 3696 itaque
1129 3629 1246 3678 secum
1267 3622 1445 3697 reputans,

180 3698 327 3785 primam
352 3719 392 3768 ex
418 3698 527 3768 tribus
564 3698 658 3768 iliam
685 3699 826 3768 honesto
845 3697 966 3767 marito
982 3696 1082 3767 locat.
1109 3696 1270 3766 Nicolaus
1294 3717 1362 3766 non
1385 3694 1449 3764 mi-

178 3805 245 3854 nus
261 3785 351 3867 dato,
377 3809 482 3874 quam
498 3787 558 3856 ille
580 3800 719 3876 accepto
738 3809 879 3857 munere
903 3785 1070 3876 gaudens,
1086 3786 1145 3854 ubi
1167 3786 1335 3875 virginem
1361 3783 1449 3852 videt

178 3875 368 3961 epericulo
393 3875 596 3946 liberatam:
623 3898 641 3942 <t
660 3877 837 3956 Liberabo,
859 3876 997 3964 inquit,
1015 3888 1048 3944 et
1068 3874 1236 3960 reliquas;
1256 3897 1273 3942 o
1304 3872 1447 3969 aurique

180 3962 394 4033 tantumdem
420 3978 545 4046 noctu,
572 3977 610 4034 ut
633 3978 752 4046 antea,
781 3985 841 4054 per
865 3978 1036 4056 patentem
1073 3962 1257 4032 fenestram
1283 3961 1443 4031 immittit.

178 4049 336 4121 Diluculo
357 4065 452 4142 pater
470 4073 549 4122 cum
563 4053 754 4124 secundum
780 4075 904 4124 aurum
924 4052 1122 4132 invenisset,
1141 4051 1195 4120 vix
1212 4053 1269 4120 sui
1292 4067 1439 4138 compca.

179 4137 278 4237 humi
303 4140 447 4230 supplex
465 4163 539 4212 sese
554 4142 750 4232 prosternit.
770 4147 853 4210 Tum
875 4162 935 4210 ora
960 4154 1148 4241 pectusque
1169 4139 1276 4230 largis
1300 4138 1444 4226 irrigaus

179 4225 334 4296 fletibus:
357 4251 375 4294 a
393 4233 492 4308 Deus,
515 4230 637 4314 inquit,
654 4229 860 4310 misericors,
877 4229 1104 4298 esurientium
1129 4227 1280 4298 liberalis
1295 4228 1440 4301 alumne,

179 4311 233 4380 fac
248 4312 406 4402 (quaeso)
425 4317 578 4397 Domine,
600 4329 638 4384 ut
653 4317 773 4397 sciam,
799 4339 868 4407 quo
889 4317 1046 4387 ministro
1064 4329 1100 4386 tu
1121 4316 1328 4406 flagitiorum
1355 4331 1445 4410 mep-

181 4419 258 4469 rum
284 4401 476 4490 periculum
501 4405 683 4486 sustulisti,
710 4418 747 4475 ut
770 4415 813 4489 te,
840 4405 999 4486 Domine,
1027 4406 1063 4474 in
1095 4404 1154 4474 illo
1181 4404 1331 4486 laudem,
1359 4415 1386 4471 te
1403 4415 1441 4465 tn
