2932 4812
227 319 290 381 ddi
504 335 542 380 nn
566 335 593 378 s.
621 332 794 380 srnvssrno
819 333 898 378 rant
922 332 960 379 nr
984 331 1127 380 consess.
1247 301 1323 366 lllss.
1357 305 1397 367 3¹

184 431 231 489 est
249 421 398 500 (Baraolt
413 418 477 508 nr).
499 418 632 504 »Atqui
649 417 809 486 dixerunt
826 415 971 487 ludaei:
995 441 1013 484 a
1031 423 1101 487 Non
1117 403 1333 504 quomodadixit
1357 405 1407 474 de

183 507 299 578 laturo
316 509 435 588 lsaias,
462 508 508 575 ita
531 506 633 577 etiam
662 506 830 596 praedixit
852 507 1043 576 ieremias:
1071 528 1106 576 sc
1127 504 1161 573 de
1175 523 1213 579 co,
1232 490 1296 583 quod
1316 515 1401 582 μω

184 595 312 667 lactum
331 596 452 676 iuerat,
469 595 552 664 etin
568 607 704 684 tempus
721 596 953 684 praeteritum,
969 617 1036 664 non
1055 595 1092 663 in
1109 594 1242 667 luturnn,
1253 579 1398 682 refertur.

183 691 257 769 Quo
273 687 322 765 lit,
337 697 376 755 ut
393 705 459 754 non
476 684 519 754 sit
531 682 764 775 judicandum
782 705 861 753 eum
882 683 977 773 loqui
992 683 1035 752 de
1050 688 1299 754 seraranan—t
1312 671 1399 739 lllht

185 774 373 854 videmini,
399 796 420 842 o
445 772 589 854 ludaei,
616 773 664 842 ait
688 771 857 862 sylvester
881 795 944 861 par
966 772 1154 862 Apostolis,
1183 777 1264 868 vestra
1284 773 1400 858 sponte

183 864 364 934 connivere
383 861 425 931 ad
447 863 633 942 veritatem,
654 873 686 931 et
703 861 793 931 nolle
813 860 924 931 lucem
942 861 1081 931 intueri.
1107 867 1172 931 lton
1185 873 1256 926 amn
1269 849 1398 918 dixerim

184 974 244 1022 vos
270 953 426 1040 ignorare
456 951 679 1040 proprietates
706 971 950 1041 responsorum
981 951 1254 1040 Propheticorun.
1271 937 1395 1022 etquod

184 1062 285 1130 saepe
310 1061 384 1109 mos
401 1041 444 1108 sit
459 1039 638 1129 Prophetis
660 1038 777 1109 lutura
798 1038 1005 1127 praedicere,
1033 1039 1171 1129 perinde
1183 1033 1239 1104 acsi
1249 1023 1391 1121 janhcta

183 1141 307 1207 essent,
335 1142 514 1218 propterea
529 1128 619 1215 quod
637 1128 780 1198 omnino
797 1128 913 1198 sutura
930 1129 973 1197 sit
990 1129 1176 1218 Prophetis,
1195 1138 1222 1193 ct
1234 1140 1284 1190 non
1302 1129 1395 1212 possit

183 1217 348 1288 excidere.
375 1216 552 1300 Quomodo
575 1217 681 1299 enim,
703 1217 880 1307 quaejam
910 1216 998 1286 lacta
1022 1231 1115 1299 sunt,
1142 1215 1214 1304 quin
1234 1210 1396 1304 laetasint.

183 1305 258 1375 lieri
277 1327 343 1375 non
362 1319 493 1396 potest:
522 1307 566 1374 ita
590 1308 693 1375 etiam
711 1306 828 1375 divina
853 1327 1017 1394 responsa
1034 1327 1101 1376 non
1121 1315 1248 1396 possunt
1258 1291 1398 1368 excidere.

183 1407 216 1464 et
233 1407 422 1484 propterea,
442 1417 530 1481 quae
548 1394 666 1464 sutura
682 1408 774 1476 sunt,
794 1415 1042 1481 nonnunquam
1063 1409 1227 1482 tamquam
1243 1389 1401 1464 transcat

184 1506 203 1553 a
228 1486 335 1553 sacris
360 1483 554 1554 introducta
580 1484 768 1573 Prophetis.
796 1489 834 1552 Et
856 1484 909 1552 his
936 1483 1037 1573 plena
1058 1495 1109 1552 est
1129 1495 1228 1552 vestra
1250 1477 1399 1563 Scriptura.

183 1579 290 1659 tique
315 1574 342 1642 si
361 1577 466 1642 [teum
482 1572 621 1662 quidem
639 1575 672 1641 in
692 1573 790 1641 terris
816 1573 925 1642 visum
948 1584 1027 1642 ante
1044 1573 1234 1650 daramium,
1249 1579 1275 1636 et
1292 1580 1401 1662 calter-

127 1685 131 1690 ·
184 1674 295 1732 satum
314 1684 391 1730 curn
414 1661 614 1731 hominibus
631 1661 730 1730 nohis
749 1662 893 1750 possetis
910 1661 1098 1740 ostendere,
1119 1661 1258 1748 aliquam
1272 1667 1400 1724 rationem

183 1750 322 1820 haberet
342 1750 579 1820 contradictio.
607 1750 852 1836 sedquoniam
879 1750 943 1818 hoc
971 1750 1045 1819 lieri
1071 1772 1138 1820 non
1165 1759 1282 1839 potest,
1302 1747 1398 1838 opplet

183 1839 347 1929 deinceps
373 1841 406 1908 in
432 1837 547 1910 sutoro
570 1839 681 1918 accipi
706 1838 798 1908 dicta
821 1838 1032 1927 Prophetae;
1059 1837 1227 1926 quomodo
1249 1841 1399 1904 somatum

183 1928 251 1997 alia
264 1927 435 2018 ejusmodi
454 1928 487 1996 in
507 1928 625 1998 vestris
637 1927 747 2008 libris,
767 1941 800 1997 et
813 1949 893 2016 prae
907 1929 1050 1997 caeteris
1067 1929 1100 1996 in
1120 1927 1207 1999 lihro
1222 1924 1400 2016 Psatncnu.

184 2017 310 2104 inquo
338 2017 379 2086 de
404 2017 536 2086 Christo
563 2017 733 2105 praedixit
757 2017 815 2086 Dei
837 2038 961 2102 parens
988 2016 1104 2096 David,
1127 2031 1160 2086 et
1182 2029 1335 2101 tamquam
1350 2023 1402 2096 pm

183 2104 272 2176 lacta
295 2106 522 2196 praedicavit:
551 2127 643 2174 nunc
667 2105 807 2191 quidem
826 2104 1179 2194 discipuliingratum
1195 2103 1296 2174 animi
1310 2097 1403 2168 aricien

185 2209 349 2285 perpetua
376 2206 499 2264 notans
529 2193 730 2282 ignominia,
761 2193 932 2263 dicendo:
959 2197 1024 2276 (tui
1046 2195 1186 2263 comedit
1214 2214 1308 2284 ponar
1326 2204 1402 2255 trra.

182 2285 413 2372 mapnificoot't
429 2306 598 2373 sarreriae
620 2286 928 2373 supplantationem
942 2283 1010 2372 (Ps.
1037 2282 1105 2371 to).
1134 2287 1229 2352 Nunc
1253 2292 1347 2351 autem
1364 2289 1406 2370 pn·

184 2372 344 2462 pulorum
376 2371 562 2528 deplorans
591 2373 805 2452 amentiam,
842 2385 874 2441 et
901 2373 1056 2460 gentium
1087 2371 1278 2441 audaciam.
1306 2373 1406 2460 Fuerint

183 2474 297 2530 autem
326 2461 440 2550 popul
460 2459 613 2545 quidem.
638 2473 746 2530 vestra
763 2481 963 2550 synagoga:
990 2472 1107 2548 gentes
1131 2474 1258 2538 autern,
1283 2464 1405 2544 exercitus

183 2554 430 2618 Romanorum.
458 2554 568 2632 Quare
591 2552 800 2637 [reninerunt
815 2560 940 2639 petates,
964 2549 1094 2626 dicens,
1112 2559 1144 2617 et
1157 2551 1277 2639 papali
1295 2543 1402 2634 meditat!

182 2650 258 2707 snnt
278 2641 423 2708 inania?
444 2639 514 2728 (l's.
537 2637 592 2724 2);
619 2651 651 2706 et
666 2637 734 2706 alia
749 2659 837 2724 quae
854 2648 1056 2724 sequuntur.
1079 2637 1176 2707 llodo
1201 2649 1309 2706 autem
1327 2638 1405 2702 huns

182 2729 390 2816 passionem,
406 2749 486 2796 curn
501 2727 597 2806 dixit,
615 2728 783 2795 Foderunt
799 2749 918 2795 inaniis
934 2749 1026 2796 ineas
1042 2737 1072 2794 ct
1086 2728 1188 2817 prades
1201 2750 1288 2796 nicos
1301 2715 1406 2804 ‹Psill-

182 2821 221 2884 Et
240 2837 328 2902 quae
344 2813 466 2884 lactari
491 2826 588 2884 erant
605 2815 743 2894 militae,
762 2815 930 2884 dicendo:
957 2817 1148 2884 Diviscrunt
1173 2817 1240 2884 sibi
1255 2815 1407 2884 ⁴sentinata

180 2927 267 2984 ntea,
287 2916 317 2972 et
332 2927 432 2994 snper
457 2915 577 2973 vestem
600 2926 710 2972 incarn
730 2905 890 2973 miserant
905 2915 1036 2973 sortem.
1064 2910 1104 2972 Et
1119 2905 1284 2973 dederunt
1299 2906 1329 2972 in
1340 2917 1410 2970 uras

181 3015 290 3060 meam
315 2995 374 3080 sel,
407 3003 439 3061 et
470 2997 503 3062 in
527 2995 586 3062 siti
611 3016 687 3062 inca
713 3004 914 3083 potaverant
937 3015 990 3062 ¹nte
1016 3004 1108 3062 aceto
1129 2993 1199 3082 (Ps.
1227 2993 1295 3081 68).
1321 2997 1411 3060 Rursus

180 3093 293 3150 autem
315 3081 514 3169 praedicens
538 3083 765 3168 sepulturam,
785 3082 867 3150 dum
885 3083 1012 3150 diceret
1028 3082 1242 3172 prophetice:
1270 3081 1410 3151 Ponarnrl

182 3191 233 3238 mc
251 3171 285 3237 ia
303 3172 380 3239 loca
394 3173 624 3260 interiorilPs.
644 3169 712 3259 87),
733 3170 965 3240 modo‘autem
980 3192 1162 3242 ascensum
1184 3172 1218 3240 in
1233 3165 1413 3262 coelosprias

182 3257 432 3347 contemplans,
455 3271 488 3328 et
514 3263 609 3348 prius
629 3259 861 3336 annuncians,
887 3270 920 3328 et
938 3259 1116 3331 clamans:
1141 3262 1299 3328 Ascendit
1316 3264 1413 3328 Misit

177 3350 288 3439 jubilo
310 3349 378 3507 pp’s.
397 3346 466 3436 td).
493 3349 685 3430 Quinetiam
704 3349 869 3436 antiquus
884 3361 994 3418 vester
1011 3363 1135 3437 parens
1148 3348 1269 3430 Jacob,
1290 3347 1360 3416 dun
1376 3341 1414 3409 de

183 3437 299 3507 ficeret
340 3435 523 3507 enedicens
546 3436 629 3508 filiis
656 3439 743 3519 suis,
772 3437 937 3526 quoniam
970 3442 1036 3505 Deo
1063 3436 1199 3507 afflatus
1230 3435 1415 3526 praesciverat

183 3527 367 3595 Dominum
394 3537 575 3595 venturum
593 3548 630 3596 ex
654 3525 756 3606 Juda,
783 3538 816 3595 et
840 3525 948 3595 multa
965 3525 1106 3611 quidem
1128 3525 1197 3594 alia
1216 3527 1248 3595 ci
1267 3525 1352 3603 dixit,
1373 3525 1413 3590 [lo-

183 3615 278 3684 mino
297 3613 545 3692 convenientia,
572 3627 605 3683 et
630 3627 762 3702 praeter
785 3629 917 3684 caetera
941 3615 1017 3704 ejus
1041 3635 1179 3702 quoque
1202 3615 1414 3684 ostendensse

182 3702 358 3792 pulturam
383 3716 414 3772 et
439 3703 736 3782 resurrectionem,
754 3703 938 3773 Prouidens
962 3701 1114 3784 dormiit,
1133 3705 1258 3792 inquit,
1286 3703 1413 3778 niteas

183 3806 359 3881 tamquam
377 3792 524 3862 catulus.
545 3792 628 3875 Quis
642 3792 803 3862 excitabit
815 3795 918 3861 euml
932 3797 1036 3861 Porro
1052 3804 1167 3862 autem
1182 3791 1415 3878 Esdrasquaqtn

182 3881 384 3971 praedicens
410 3881 630 3969 passionem,
653 3882 702 3951 sic
733 3881 892 3952 inventus
915 3893 966 3951 est
989 3881 1158 3970 figurasse
1185 3882 1378 3951 orationem.
1395 3889 1416 3942 et

181 3970 429 4062 conscripsisse
441 3991 480 4039 ea
495 3991 585 4056 quae
600 3982 697 4039 crant
710 3969 838 4051 lutura,
855 3983 1030 4057 tamquam
1047 3991 1135 4056 quae
1147 3969 1221 4058 jam
1237 3970 1414 4040 evenissent:

181 4060 393 4149 tllipouistis
405 4081 467 4139 nne,
490 4062 675 4128 clamantes
690 4082 791 4150 snper
808 4061 958 4128 tribunal
970 4059 1109 4150 judicis,
1127 4081 1181 4128 me
1196 4057 1415 4128 humilitatus·

181 4157 337 4234 utsupra
355 4149 486 4236 liparam
503 4148 692 4237 penderem,
715 4172 767 4218 mc
793 4149 992 4218 tradidistis.
1018 4152 1066 4217 An
1094 4168 1187 4228 non,
1220 4149 1337 4234 inquit,
1358 4147 1417 4213 hae·

180 4236 347 4315 omnimo
371 4235 508 4316 ludaei,
527 4249 607 4305 sunt
631 4259 728 4307 voces
754 4238 1028 4329 Prophetarum?
1055 4240 1102 4305 ho
1127 4259 1147 4306 a
1176 4237 1271 4306 robis
1295 4235 1421 4303 dicentur

181 4337 255 4387 esse
274 4322 360 4392 falsa
376 4324 468 4394 dicta
484 4325 759 4414 Prophetarum?
774 4351 791 4395 s

226 4408 345 4488 §tlh
382 4435 400 4477 <t
430 4418 518 4484 llaec
555 4413 693 4503 quidem
726 4417 775 4487 sic
803 4417 931 4507 scripta
963 4437 1038 4488 esse
1062 4416 1099 4486 in
1130 4416 1228 4486 libris
1251 4412 1419 4484 Hebraicis.
