2972 4826
84 275 184 341 iiiut
332 299 372 346 ns
395 299 422 348 s.
450 297 608 348 aranosro
632 301 682 348 aa.
709 299 837 348 acoron.
864 300 901 346 ar
926 299 1013 348 oocr.
1200 287 1259 350 Sil

83 383 127 476 lec
145 399 266 468 operam
283 381 474 454 declinabat
493 385 669 454 scribendi
694 385 834 475 propria
857 405 964 454 manu
991 385 1107 465 libros
1136 387 1202 457 nisi
1228 409 1309 457 cum

81 465 167 553 aliqua
193 469 382 542 inlirmitate
414 493 538 562 corpus
562 473 638 563 ejus
674 485 919 542 attenuaretur.
953 478 1033 543 Erat
1061 475 1164 544 etiam
1190 476 1225 543 in
1251 475 1311 544 illo

80 555 237 628 sollicitudo
257 562 412 632 omnium
437 560 673 639 ecclesiarum,
700 561 949 632 interveniendi
969 561 1070 632 etiam
1105 583 1159 632 ma
1186 585 1231 632 na
1254 585 1309 634 as·

80 643 193 715 siduitas
206 663 235 716 et
248 651 448 719 constantia.
476 655 514 719 in
539 650 641 721 rebus
664 651 765 720 etiam
792 651 920 721 divinis
948 650 1135 742 implendis
1162 585 1310 722 lortissi-

80 753 143 832 nus,
166 736 340 820 intantum,
359 752 398 808 ut
419 738 512 826 quod
537 738 681 830 implere
710 738 831 809 solitus
856 740 1043 810 erat‘circa
1070 739 1304 842 baptizandos,

79 839 197 909 qumque
222 839 334 915 postea
350 828 509 918 Episcopi
533 849 554 896 a
585 839 736 918 tempore
759 849 828 915 quo
852 829 1009 912 decessit,
1033 829 1086 898 vix
1112 829 1305 920 implerent.

78 911 215 983 Sollicitus
236 915 335 985 etiam
362 917 509 986 nimium
529 937 590 1006 pro
615 917 827 1007 pauperibus
851 918 1052 1009 etcaptiris.
1073 923 1155 988 Nam
1172 919 1205 988 in
1224 932 1310 989 tem-

75 1019 144 1086 pore,
165 1023 226 1086 quo
243 1005 425 1094 episcopus
444 1005 623 1074 ordinatus
647 1018 707 1085 est,
726 1027 850 1075 aurum
867 1029 968 1076 omne
991 1019 1093 1094 atque
1110 1020 1304 1098 argentum,

74 1089 141 1172 quod
166 1090 281 1162 babere
307 1106 449 1184 poterat,
475 1093 640 1164 ecclesiae
661 1095 708 1163 vei
737 1095 950 1185 pauperibus
983 1095 1139 1165 contulit.
1168 1095 1310 1166 Praedia

74 1177 148 1245 etiam
169 1201 250 1266 quae
266 1181 425 1261 habebat,
450 1195 616 1252 reservato
644 1183 828 1253 usufructu
853 1205 1036 1274 germanae
1053 1205 1147 1265 suae,
1167 1184 1308 1254 donavit

74 1264 223 1338 ecciesiae:
250 1271 337 1340 nihil
359 1271 436 1352 sibi,
463 1271 553 1358 quod
580 1272 635 1340 iric
666 1293 768 1341 suum
800 1271 948 1353 diceret,
981 1274 1237 1362 derelinquens,
1273 1287 1310 1343 ut

74 1353 161 1424 nudus
182 1371 278 1446 atquc
294 1360 474 1450 expeditus
490 1359 588 1429 miles
613 1360 748 1441 Christi,
770 1361 949 1430 Dominum
970 1383 1071 1433 suum
1086 1375 1306 1452 sequeretur:

70 1445 119 1542 ilai
134 1467 198 1515 com
221 1449 312 1518 dices
336 1460 430 1530 asset,
461 1459 596 1538 propter
618 1471 676 1519 nos
698 1471 830 1541 pauper
852 1453 963 1539 [octos
993 1461 1056 1530 esi,
1085 1461 1123 1520 ai
1155 1473 1213 1521 nos
1237 1453 1309 1541 ejus

70 1536 158 1620 tropici
170 1537 355 1607 ditor-emur
376 1538 424 1627 (2.
449 1542 521 1609 Cor.
548 1541 632 1622 rin).

101 1627 211 1707 idi).
244 1632 325 1696 Erat
348 1628 438 1696 enim
468 1627 624 1716 gaudens
652 1647 731 1695 cum
769 1626 1022 1730 gaudentibus,
1056 1640 1088 1696 et
1117 1627 1203 1698 flens
1227 1649 1307 1697 cum

68 1708 209 1782 lantibus.
236 1716 413 1804 Siquidem
432 1717 716 1802 quotiescumque
737 1714 787 1784 illr
817 1715 954 1802 aliquis,
977 1717 1021 1786 ob
1052 1717 1308 1807 percipiendam

68 1801 289 1884 poenitentiam,
321 1803 438 1894 lapsus
459 1825 540 1874 suos
555 1803 734 1874 confessus
757 1817 856 1884 esset,
878 1807 923 1873 ita
948 1804 1061 1885 llebat,
1089 1818 1182 1875 utet
1207 1805 1306 1874 illurn

66 1885 128 1955 iere
140 1893 362 1982 compelleret.
384 1892 568 1963 Videbatur
586 1895 687 1962 etiem
706 1893 770 1961 sibi
790 1915 870 1963 cum
885 1894 1020 1980 jacente
1033 1893 1160 1980 jacere.
1182 1897 1309 1964 Causas

68 1989 154 2044 autem
176 1983 375 2063 criminum,
398 2003 485 2071 quas
509 1982 561 2052 iiii
584 1981 846 2063 confitebantur,
867 1982 951 2051 nulli
971 1982 1037 2052 nisi
1063 1983 1205 2051 Domino
1229 1981 1305 2064 soli,

67 2066 134 2150 apud
156 2091 249 2154 quem
277 2070 534 2149 intercedebat,
567 2070 781 2157 loquebatur,
810 2069 936 2140 bonum
966 2070 1164 2157 relinquens
1194 2091 1308 2140 exem-

69 2151 139 2250 plum
158 2161 300 2248 posteris
325 2160 572 2240 sacerdotibus,
595 2175 632 2228 ut
652 2162 893 2230 intercessores
910 2160 1002 2250 apud
1023 2163 1125 2228 ocum
1148 2157 1218 2228 sint
1235 2179 1309 2228 rna-

85 2263 113 2320 ts.
133 2267 225 2333 quarn
242 2263 464 2319 accusatores
487 2249 579 2339 apud
600 2249 766 2317 homines.
794 2253 877 2318 iiam
902 2261 934 2319 et
951 2247 1141 2318 secundum
1168 2251 1308 2338 Aposto-

75 2351 131 2422 um,
149 2337 235 2408 circa
254 2337 458 2428 hujusmodi
489 2338 661 2406 bominem
689 2336 926 2407 confirmanda
955 2337 1105 2407 ebaritas
1128 2349 1198 2416 est,
1226 2336 1308 2424 quia

74 2435 122 2504 ipse
138 2427 181 2494 sul
199 2439 384 2497 accusator
406 2438 474 2510 esi;
498 2447 559 2496 nec
583 2438 753 2516 exspectat
769 2438 1014 2506 accusatorem,
1044 2425 1101 2495 sed
1120 2426 1304 2514 praevenit,

72 2519 96 2572 ut
112 2515 289 2584 confitendo
314 2537 414 2584 suum
441 2515 563 2584 allevet
587 2516 660 2604 ipse
685 2514 860 2594 delictum,
885 2529 945 2585 nec
971 2514 1104 2595 babeat,
1135 2513 1226 2600 qnod
1248 2513 1308 2583 ad-

70 2602 202 2673 rosarius
220 2605 438 2674 criminetur.
467 2603 615 2692 ideoque
632 2603 807 2693 Scriptura
832 2602 925 2673 dicit:
943 2607 1060 2673 instas
1083 2607 1119 2703 ip
1139 2605 1308 2704 principio

63 2695 190 2762 semona
213 2705 392 2763 accusator
408 2703 455 2764 est
474 2695 530 2762 sui
546 2693 660 2850 gibbo
685 2702 789 2774 xuni.
816 2696 935 2762 Vocem
954 2693 1045 2760 enim
1065 2704 1167 2781 enprt
1190 2691 1308 2760 adver·

62 2777 182 2870 §tricet
196 2781 296 2869 quasi
319 2783 437 2851 dentes
457 2803 543 2869 quos
570 2803 638 2862 am,
660 2796 794 2868 paratos
814 2781 855 2850 ad
877 2781 1036 2868 praedam
1054 2779 1308 2850 criminationis

62 2864 184 2950 missiae,
204 2883 425 2960 peccatorum
438 2891 579 2940 suorum
595 2869 810 2939 confessione
825 2868 1020 2960 confringit,
1039 2869 1126 2938 dans
1141 2869 1306 2940 bonorem

62 2953 119 3032 beo,
147 2961 198 3026 cui
222 2961 319 3029 nuda
340 2972 421 3028 sunt
444 2960 573 3038 omnia,
601 2971 633 3028 et
662 2959 722 3045 qui
749 2957 819 3028 ruit
845 2959 945 3027 vitam
985 2959 1095 3047 magis
1119 2959 1307 3048 peccatoris

58 3059 141 3124 quam
161 3063 317 3118 mortem.
349 3053 431 3118 liam
460 3048 524 3137 ipsi
551 3047 736 3137 poenitenti
766 3068 831 3116 non
864 3047 992 3116 scilicit
1021 3048 1093 3116 sola
1117 3047 1302 3126 confessio,

59 3129 109 3198 nisi
140 3137 367 3224 subsequatur
400 3149 433 3204 et
468 3136 661 3206 emendatio
697 3135 797 3216 litati,
835 3147 873 3204 ut
900 3135 1078 3224 poenitens
1109 3155 1176 3204 non
1204 3135 1307 3204 iaciat

59 3221 249 3302 poenitenda.
272 3225 436 3295 Humiliet
453 3226 554 3295 etiam
585 3225 736 3294 animam
768 3247 884 3303 suam,
912 3225 1001 3293 sicut
1030 3223 1132 3292 David
1153 3236 1304 3304 sanctus,

57 3309 102 3404 qui
125 3327 298 3400 postquam
331 3313 461 3382 audivit
484 3335 502 3382 a
530 3313 712 3402 propbeta:
735 3315 916 3382 Dimt'mum
942 3323 990 3382 cst
1011 3321 1186 3405 peccatam
1212 3322 1307 3381 tuam

56 3399 91 3474 ii.
104 3402 176 3491 iicp.
193 3403 267 3490 xri),
288 3402 454 3471 humilior
470 3400 581 3470 iactus
605 3414 656 3470 est
672 3401 705 3470 in
722 3401 963 3471 emendatione
979 3401 1121 3492 peccati,
1142 3401 1187 3470 ita
1205 3413 1243 3469 ut
1260 3401 1307 3468 ci-

57 3503 149 3555 nerem
162 3490 248 3560 sicut
263 3511 385 3580 panem
402 3489 635 3568 manducaret,
652 3503 684 3559 et
696 3502 811 3578 potum
825 3511 927 3559 suum
942 3513 1021 3560 cum
1038 3492 1119 3559 lietu
1133 3490 1302 3558 misceret.

58 3573 152 3645 i'iebat
172 3580 271 3648 etiam
293 3579 521 3660 amarissime,
543 3579 828 3666 quotiescumque
845 3577 929 3648 sorte
947 3579 1149 3648 nunciatum
1168 3577 1218 3646 iiii
1237 3577 1308 3646 lue·

58 3675 95 3729 rat
108 3664 146 3733 de
161 3669 410 3756 cujuscumque
427 3667 535 3738 sancti
557 3667 653 3737 obitu
667 3667 869 3746 Sacerdotis,
890 3669 1059 3737 intantum
1079 3679 1116 3736 ut
1129 3687 1191 3736 nos
1208 3666 1307 3736 ilium

57 3753 203 3846 consolari
222 3758 420 3838 niteremur,
443 3757 638 3847 ignorantes
665 3757 758 3845 pium
785 3755 944 3825 allectum
973 3757 1046 3837 viri,
1076 3777 1226 3842 necque
1256 3777 1309 3825 ra-

59 3855 129 3908 tione
152 3845 196 3913 ita
216 3847 330 3926 lieret,
363 3844 605 3934 intelligentes.
632 3845 765 3926 Quibus
790 3843 848 3914 ille
877 3844 1078 3932 hujusmodi
1103 3865 1307 3934 responsum

59 3928 213 4022 reddebat:
241 3955 345 4004 «non
370 3957 406 4003 se
430 3935 511 4004 llere
524 3935 605 4021 quia
620 3944 815 4013 recesserat,
842 3933 900 4020 qui
920 3933 1029 4002 iuerat
1046 3946 1203 4004 mortuus
1218 3955 1311 4003 nun-

58 4029 158 4111 tiatus,
182 4023 235 4092 sed
262 4025 343 4110 quia
364 4045 399 4093 sc
420 4035 671 4114 praecesserat;
699 4021 747 4090 vel
773 4022 854 4110 quia
879 4021 1019 4091 diiiicile
1043 4037 1131 4092 esset
1154 4023 1311 4092 invenire

61 4121 162 4188 iirum,
187 4113 242 4198 qui
260 4135 397 4182 summo
417 4111 607 4180 sacerdotio
629 4111 757 4200 dignus
783 4110 977 4181 baberetur.
999 4133 1016 4176 »

92 4195 194 4276 Μ.
217 4205 294 4290 lpse
320 4216 433 4270 autem
460 4199 502 4270 de
528 4222 591 4270 sua
617 4213 723 4268 morte
756 4211 834 4267 ante
866 4200 1044 4286 praedixit,
1071 4199 1162 4285 quod
1198 4221 1308 4286 usque

64 4277 167 4354 luscha
186 4290 359 4360 nobiscum
387 4291 527 4358 iuturus
552 4301 658 4357 esset:
685 4287 775 4374 quod
801 4288 938 4374 quidem
970 4288 1094 4356 meruit
1123 4289 1306 4356 bominum

67 4363 255 4460 obsecrando,
281 4401 350 4466 quo
379 4379 551 4448 rataturius
582 4375 662 4445 hinc
688 4376 900 4446 liberaretur.
940 4378 1191 4467 ingemiscebat
1215 4378 1307 4445 enim
