2946 4798
30 301 95 364 llll..
119 301 156 364 Ξῖ
354 316 396 364 nu
420 320 448 365 s.
475 317 596 365 roenna
620 318 671 364 ur.
698 319 735 364 ar
759 316 913 364 cranam..
1161 299 1219 364 tut

28 401 207 484 decucurrit,
234 403 298 474 nisi
327 415 367 472 ut
392 424 454 472 nos
479 403 743 484 instrueremur,
761 403 844 489 quia
868 401 965 492 prius
991 423 1128 470 necesse
1152 415 1213 484 est,
1232 415 1270 471 ut

28 512 105 559 mens
126 505 235 562 nostra
257 492 444 562 virentium
472 493 635 562 virtutum
672 513 774 582 opera
805 491 996 581 germinet,
1024 502 1194 577 quatenus
1219 493 1269 560 sic

28 593 172 650 mereatur
185 581 340 650 coelestis
366 582 510 672 gratiam
531 581 686 658 luminis,
706 603 745 647 ac
764 593 935 669 postremo
950 579 1083 649 evolare
1100 578 1209 648 valeat
1226 579 1267 648 ad

25 670 297 759 contemplandam
328 671 478 758 speciem
505 670 684 740 veritatis?
707 669 949 739 Germinemus
970 669 1105 754 itaque,
1134 668 1266 750 tratres,

25 769 54 826 ut
73 759 309 838 illuminemur,
336 773 507 848 quatenus
526 758 723 840 illuminati,
751 758 915 826 virtutum
944 758 1066 846 pennis
1090 757 1131 826 ad
1160 757 1269 828 coele·

25 847 74 914 stia
95 847 317 918 sublevemur.
338 852 409 917 lton
435 870 497 918 nos
516 845 638 916 muudi
664 848 769 935 huius
789 846 937 917 dulcedo
958 845 1042 916 salsa
1061 845 1267 927 demulceat,

24 955 76 1004 uon
107 936 248 1006 carnalis
284 937 466 1007 illecebrae
502 936 660 1026 voluptas
694 935 884 1011 luxuriosa,
910 935 1066 1005 resolvat.
1093 941 1270 1023 Nusquam

23 1037 94 1093 eene
114 1038 328 1115 praeceptum
350 1026 384 1093 in
411 1025 533 1094 veteris
558 1026 749 1094 testamenti
775 1026 1002 1094 caeremoniis
1029 1026 1213 1106 inuenitur,
1232 1037 1270 1094 ut

24 1113 76 1181 mel
98 1115 268 1185 sacrificiis
287 1115 483 1184 misceatur.
501 1120 564 1182 Per
587 1113 679 1204 quod
698 1113 914 1206 intelligitur,
933 1115 1014 1200 quia
1037 1114 1103 1191 his,
1125 1115 1184 1200 qui
1205 1119 1269 1182 [leo
1364 1145 1369 1160 ·

25 1201 179 1272 ritaesuae
194 1203 406 1274 sacrificium
423 1203 584 1283 ollerunt,
605 1202 735 1272 nullam
760 1209 847 1274 Deus
872 1202 1045 1272 carnalem
1070 1202 1142 1272 vult
1157 1203 1269 1270 inesse

25 1287 226 1374 dulcedinem,
245 1292 333 1361 nihil
360 1293 394 1361 in
420 1295 470 1363 eis
494 1292 617 1373 rivere,
635 1292 728 1378 quod
753 1291 794 1361 ad
821 1291 993 1360 carnalem
1022 1293 1188 1381 pertineat
1214 1313 1271 1358 ro-

25 1377 174 1466 luptatem.
199 1382 322 1452 Oleum
349 1393 462 1452 autem
488 1380 684 1468 frequenter
705 1381 913 1462 immittitur,
935 1392 971 1449 ut
994 1381 1109 1450 omnis
1134 1393 1271 1450 nostrae
1309 1379 1311 1384 ’

23 1471 202 1554 operationis
217 1470 347 1540 oblatio
372 1470 527 1540 hilariter
551 1471 725 1539 offeratur.
747 1473 901 1538 Hilarem
925 1469 1016 1537 enim
1044 1471 1193 1539 dotorem
1218 1470 1271 1538 di-

24 1557 84 1644 lipit
105 1563 183 1630 Deus
204 1561 255 1649 (l.
281 1564 353 1631 Gor.
375 1559 433 1648 rx).
453 1565 491 1628 Iu
517 1559 681 1630 omnibus
705 1558 807 1628 etiam
834 1557 882 1627 sal
904 1557 1047 1645 jubetur
1071 1558 1268 1638 admisceri,

22 1659 52 1712 ut
71 1668 159 1718 omne
181 1649 272 1720 boni
291 1650 405 1737 operis
429 1647 652 1729 sacrificium,
673 1647 827 1726 rationis
846 1646 1076 1724 discretionis,
1099 1669 1138 1716 ac
1162 1646 1270 1717 coele·

24 1733 72 1804 stis
85 1737 265 1826 sapientiae
281 1737 350 1806 sale
368 1739 412 1806 sit
427 1736 620 1807 conditum.

58 1824 72 1908 ξ
92 1829 153 1897 lh.
172 1832 241 1896 lloc
270 1839 383 1896 autem
409 1826 545 1895 divinae
570 1825 758 1915 sapientiae
774 1824 857 1902 sale,
874 1825 917 1894 ita
934 1823 1048 1892 omnis
1067 1824 1155 1892 beati
1169 1831 1272 1894 loan-

27 1911 67 1978 nis
86 1912 228 1986 doctriua
256 1915 392 1984 ridetur
420 1937 586 2003 respersa,
616 1927 652 1983 ut
679 1915 800 1982 merito
824 1913 960 1983 dicatur
983 1935 1021 1980 os
1053 1913 1123 1992 Dei,
1153 1911 1271 2000 lingua

27 1999 147 2086 Spiritus
162 2005 291 2084 Sancti,
308 2004 434 2074 cedrus
452 2003 615 2093 paradisi,
632 2002 691 2072 lux
707 2002 888 2083 Ecclesiae,
903 2003 1009 2072 decus
1024 2000 1129 2080 orbis,
1150 2021 1272 2089 praeco

26 2089 104 2164 rodi.¹
121 2091 232 2163 lumen
263 2092 398 2172 mundi,
418 2093 515 2162 sidus
533 2093 729 2172 hominum,
751 2093 923 2181 specimen
944 2089 1163 2178 Angelorum,
1185 2088 1272 2178 lapis

28 2177 111 2260 rivus,
125 2183 302 2271 speculum
330 2182 430 2263 lucis,
448 2181 616 2272 logotheta
638 2181 840 2260 diuinitatis,
863 2179 973 2249 lorma
998 2179 1090 2260 fidei,
1108 2178 1271 2248 columna

29 2265 104 2348 coeli,
119 2271 325 2341 architectus
350 2273 419 2339 veri
439 2269 666 2350 tabernaculi,
684 2270 773 2358 quod
794 2270 866 2338 urit
892 2275 990 2348 Deus,
1011 2283 1043 2337 et
1065 2291 1131 2338 non
1155 2268 1269 2336 homo.

30 2356 93 2450 llam
113 2373 139 2428 et
157 2360 329 2430 Cherubin
352 2362 431 2448 jure
448 2361 660 2449 perhibetur,
686 2359 745 2445 qui
771 2358 933 2428 scientiae
960 2357 1207 2449 plenitudinem
1233 2377 1272 2424 ex

30 2461 87 2528 lusu
109 2449 341 2538 lledemptoris
373 2461 507 2536 pectore
544 2449 737 2538 percepisse
771 2447 1002 2538 cognoscitur.
1031 2451 1271 2516 Verumtamen

27 2551 87 2600 cum
108 2557 164 2607 nos
194 2537 454 2624 quantumlibet
487 2539 606 2608 ellerre
641 2537 917 2610 contendamus.
946 2535 1163 2605 celsitudinis
1197 2534 1273 2620 ejus

27 2622 123 2692 merita
139 2647 203 2696 non
222 2649 428 2716 aequamus,
446 2629 528 2717 quia
543 2627 601 2714 qui
629 2625 766 2694 divinae
791 2625 905 2694 laudis
930 2624 1112 2714 praeconia
1135 2624 1270 2702 meruit,

26 2707 57 2776 ad
78 2711 144 2798 ejus
165 2715 271 2806 digne
297 2715 470 2785 laudanda
497 2716 617 2786 merita
644 2714 817 2784 humanae
842 2714 981 2804 liuguae
1009 2712 1178 2801 tragilitas
1204 2733 1271 2780 non

26 2803 162 2891 assurgit.
180 2809 258 2894 lpse
283 2805 412 2894 quippe
435 2806 510 2894 ejus
537 2805 612 2874 laus
637 2816 699 2885 est,
721 2805 781 2891 qui
807 2803 855 2872 illi
882 2816 914 2873 et
944 2801 1025 2870 olim
1041 2800 1214 2960 (pretium,
1241 2813 1274 2869 ot

26 2905 99 2956 nunc
120 2889 224 2964 lactus
240 2906 293 2964 est
318 2894 524 2983 praemium.
544 2899 606 2964 Per
631 2893 736 2980 hujus
760 2913 842 2982 ergo
866 2891 1020 2981 vestigia,
1067 2889 1270 2968 ilectissimi,

26 2973 56 3041 ad
79 2979 329 3072 Redemptorem
359 2995 513 3052 nostrum
543 2982 643 3072 pleno
667 2980 781 3051 cordis
806 3003 922 3050 amore
947 2979 1143 3060 tendamus,
1168 2978 1274 3068 hujus

25 3061 189 3139 doctrinam
210 3072 302 3141 velut
326 3092 504 3144 coruscam
532 3073 565 3140 in
590 3071 739 3142 tenebris
765 3070 960 3171 lampadem
988 3069 1114 3138 nostris
1137 3089 1275 3156 semper

26 3157 176 3254 gressibus
202 3159 446 3250 praeferamus.
474 3159 603 3230 Pudeat
622 3161 694 3248 jam
722 3172 866 3228 terrems
893 3157 1105 3236 incumbere,
1125 3157 1184 3242 qui
1215 3179 1275 3244 per

26 3259 81 3326 sper
103 3245 306 3318 desiderium
340 3249 381 3317 ad
414 3249 594 3318 coelestem
629 3248 808 3339 coepimus
841 3246 987 3336 gloriam
1013 3245 1185 3316 destinare.
1209 3246 1275 3327 Qui

25 3329 56 3395 ad
70 3334 257 3408 coelestium
275 3338 474 3426 nuptiarum
492 3337 701 3409 desiderium
722 3349 893 3426 properat,
917 3348 1070 3405 terrenae
1089 3333 1275 3432 voluptatis

26 3437 110 3490 coeno
132 3424 272 3496 volutari
299 3428 491 3498 erubescat.
510 3427 574 3509 Qui
600 3426 710 3496 titulis
734 3424 915 3514 hugelicae
939 3423 1118 3512 dignitatis
1134 3423 1272 3500 emicat,

29 3502 120 3578 locum
138 3513 170 3581 in
187 3515 306 3586 exsilio
325 3537 390 3584 nou
408 3515 572 3601 requirat.
592 3520 772 3585 Incassum
794 3535 894 3602 porro
920 3526 1052 3583 terrena
1079 3511 1175 3580 lucra
1192 3531 1275 3579 con-

27 3597 165 3681 gerimus,
183 3605 242 3690 qui
266 3604 402 3675 divitias
427 3603 639 3674 immortales
663 3606 697 3674 iu
717 3604 814 3694 regni
839 3601 996 3672 coelestis
1016 3599 1143 3690 palatio
1165 3599 1275 3689 possi-

28 3681 138 3786 demus.
154 3695 259 3774 Quem
278 3713 359 3784 ergo
377 3694 513 3781 pondus
538 3706 692 3762 terrenae
715 3692 948 3781 corruptionis
969 3701 1142 3780 aggravat,
1159 3711 1274 3758 rerum

28 3783 212 3848 ertrrnsecus
238 3781 451 3852 affluentium
473 3783 571 3872 copia
590 3803 657 3852 non
676 3781 825 3852 extollat.
843 3782 905 3864 Qui
924 3779 966 3850 ad
986 3780 1049 3850 hoc
1069 3779 1276 3848 constitutus

29 3873 74 3937 est,
90 3881 123 3934 ut
144 3869 219 3939 totis
236 3870 367 3940 viribus
380 3871 512 3959 jugiter
530 3893 609 3940 cum
632 3870 830 3941 adversario
846 3870 998 3948 dimicet,
1019 3867 1166 3957 torporis
1182 3867 1275 3936 huuc

30 3959 53 4012 et
68 3954 282 4053 negligentiae
298 3959 479 4048 dissolutio
499 3981 565 4030 non
584 3971 732 4029 enervet.
757 3960 823 4040 Sic,
843 3961 892 4030 sic
911 3979 970 4048 per
985 3958 1123 4027 diuinae
1142 3955 1277 4046 pietatis

31 4039 184 4125 aurrlrum,
215 4061 247 4116 et
272 4049 430 4118 lloreutes
455 4049 661 4128 virtutibus,
685 4061 717 4117 et
740 4048 832 4117 vitiis
858 4046 1042 4137 repudium
1074 4045 1215 4126 dantes
1247 4043 1276 4114 si

33 4119 74 4192 luc
93 4151 163 4200 eum
183 4137 374 4222 sequimur,
393 4138 453 4224 qui
479 4137 579 4208 nobis
603 4139 668 4206 iter
684 4137 802 4206 Crucis
822 4135 983 4218 ostendit,
1000 4136 1083 4206 illuc
1100 4135 1276 4226 pervenie-

37 4229 99 4316 mus
113 4220 151 4288 ad
175 4245 266 4304 eum,
285 4227 345 4312 qui
360 4227 489 4296 calcato
507 4225 626 4296 mortis
646 4226 804 4315 imperio,
823 4225 956 4296 coelum
975 4247 1054 4294 cum
1072 4223 1275 4314 triumphali

39 4297 123 4406 ‘illua'
143 4315 335 4410 penetravit,
355 4319 457 4386 Jesus
477 4315 632 4384 Christus
657 4315 823 4384 Dominus
844 4327 970 4396 noster,
989 4315 1049 4400 qui
1074 4337 1153 4384 cum
1181 4319 1276 4384 Patre

39 4395 63 4450 et
80 4395 191 4482 Sprrrtu
207 4405 240 4470 S.
262 4403 341 4472 vivit
363 4415 396 4473 et
420 4415 538 4494 regnat
564 4424 624 4494 per
650 4403 767 4472 omnia
788 4403 905 4472 secula
924 4401 1133 4474 seculorum.
1156 4407 1274 4474 lmen.
