2946 4798
51 285 123 352 llllC.
147 286 188 350 28
445 304 485 350 ui
509 301 640 352 sinaris
665 301 893 353 inhocnnriias
1198 288 1262 352 509

50 400 266 477 sequerentur,
285 387 414 458 Herodi
434 387 513 457 novi
533 388 636 478 Regis
657 387 836 478 inquisitio
854 388 1052 457 nunciatur.
1071 390 1227 461 Evocatis
1243 389 1307 460 ita·

49 500 104 564 que
129 477 242 569 Magis,
262 477 312 546 rei
336 477 443 565 hujus
471 475 630 547 ordinem
658 499 738 546 curn
766 476 862 546 omni
890 474 1070 567 diligentia
1097 477 1303 549 sciscitatur.

49 567 136 637 ludit
157 579 275 636 natum
302 565 337 634 in
366 564 537 636 Bethleem
562 586 637 637 esse
662 564 858 655 parvulum,
888 585 990 652 quem
1018 563 1216 656 prolitentes
1242 573 1307 637 Re·

49 678 114 744 gem
136 667 167 725 et
189 659 295 724 Deum
321 653 383 742 qui
406 653 449 724 de
473 653 586 725 Sabba
611 663 784 736 venerant,
804 653 948 724 adorare
975 665 1008 723 et
1034 655 1189 724 venerari
1213 654 1308 727 lesti-

49 757 141 825 naut;
166 743 363 813 intimatum
396 757 448 812 est
470 743 502 812 ei
531 742 623 831 quod
649 743 872 830 abantiquis
901 741 1115 833 temporibus
1145 744 1309 817 hloabites

50 833 210 923 propheta,
227 832 308 903 licet
331 831 482 924 gentilis,
511 831 745 922 praedixerat;
768 844 801 901 et
816 830 962 902 contulit
976 851 1059 902 cum
1076 830 1198 902 litteris
1221 855 1308 924 geo-

51 923 137 1003 tium,
151 931 348 992 sanctorum
364 920 523 992 vaticinia
540 920 799 1011 prophetarum,
815 940 963 1008 quorum
982 921 1111 1010 scripta
1129 942 1189 1010 per
1205 944 1307 993 omne

51 1009 213 1080 sabbatum
235 1007 450 1101 legebantur:
477 1009 667 1100 dequibus
691 1008 789 1079 nulla
804 1008 839 1078 in
858 1008 987 1100 populo
1000 1009 1215 1082 ludaeorum
1232 1033 1308 1082 ain-

52 1099 83 1168 bi
127 1099 184 1170 itas
199 1111 272 1169 erat
288 1099 372 1187 quin
389 1110 604 1181 ramessem,
620 1120 710 1186 quae
726 1097 779 1167 illi
799 1097 848 1168 vel
867 1097 1096 1171 asseruissent
1113 1100 1305 1189 praeterita,

54 1121 366 1278 volupiaediiisseut
390 1188 529 1260 lutura:
557 1210 576 1257 a
601 1185 802 1258 lortitudine
822 1187 898 1276 ejus
921 1185 983 1276 qui
1005 1188 1106 1274 quasi
1128 1189 1320 1260 unicornis·
1380 1237 1383 1244 ⁴

54 1276 155 1346 ohrios
170 1288 372 1368 penetraret,
388 1277 422 1346 in
440 1277 542 1368 cujus
558 1276 764 1365 obsequium
783 1275 924 1347 ultrices
949 1275 991 1345 de
1015 1276 1114 1348 ltalia
1130 1278 1248 1348 trieres
1272 1279 1307 1348 iii

51 1365 185 1436 Judaeae
207 1366 374 1436 terminos
399 1365 633 1448 adventarent,
659 1377 692 1436 et
715 1386 826 1452 usque
848 1364 891 1435 ad
912 1364 1018 1435 linem
1039 1364 1162 1436 muudi
1186 1367 1309 1438 dilata-

51 1470 119 1523 rent
138 1455 344 1546 imperium.
373 1454 497 1524 aniius
532 1453 668 1543 expavit
697 1465 729 1523 et
760 1453 887 1524 timuit.
918 1455 1149 1525 conturbabat
1173 1478 1309 1547 quoque

50 1543 134 1612 aliud
156 1543 244 1632 quod
270 1544 306 1612 in
331 1542 484 1612 Michaea
513 1543 681 1634 scriptum
709 1552 761 1614 cst
786 1542 1043 1614 testiinonium:
1075 1547 1239 1626 Quietum
1262 1546 1307 1614 de

50 1633 203 1702 Bethleem
229 1656 317 1724 quae
344 1643 393 1702 est
412 1633 578 1724 Ephrata,
600 1631 816 1723 egrederetur
837 1634 1015 1723 parvulas,
1043 1635 1105 1723 qai
1117 1633 1306 1704 dominator

49 1731 122 1790 esset
146 1723 178 1792 in
204 1724 323 1802 lsrael,
347 1724 444 1812 cujas
471 1743 623 1812 egressas
645 1732 727 1791 esset
744 1723 785 1791 ab
801 1722 898 1790 initia
922 1721 1078 1790 adt'ebas
1094 1725 1306 1792 aeternitatis

49 1808 148 1896 (llicl.
166 1809 210 1900 v).
230 1815 385 1897 Cumque
408 1831 448 1881 ea
477 1832 566 1898 quae
590 1810 769 1880 domestici
798 1809 935 1880 codices
963 1809 1196 1893 continebant,
1229 1833 1309 1880 eum

52 1898 197 1985 hisquae
220 1899 264 1968 ab
288 1898 493 1989 alienigenis
518 1899 722 1970 dicebantur
737 1896 943 1989 intelligeret
959 1899 1154 1979 convenire,
1181 1899 1311 1970 divinis

52 1999 173 2059 tentans
198 1987 358 2059 reluctari
383 1986 551 2069 consiliis,
569 1986 711 2058 simulat
735 1986 889 2077 perfidus
910 1985 1087 2077 religionis
1111 2009 1306 2070 assensum,

54 2076 241 2162 promittens
265 2077 372 2167 lllagis
389 2098 464 2146 sese
482 2075 524 2146 ad
550 2075 766 2146 adorandum
793 2075 976 2165 parvulum
997 2098 1077 2145 cum
1099 2077 1192 2146 omni
1211 2076 1311 2147 devo-

56 2163 131 2234 tione
154 2165 245 2235 illico
269 2164 471 2248 allaturum,
490 2187 570 2234 cum
590 2187 650 2255 per
665 2176 869 2235 revertentes
885 2163 1125 2235 certitudinem
1146 2163 1187 2234 de
1205 2187 1310 2255 puero

58 2254 236 2343 accepisset.
256 2254 428 2325 Turbatur
441 2277 522 2325 cuin
539 2259 628 2344 Rege
647 2252 728 2324 mali
758 2276 800 2323 uo
818 2252 1043 2343 lerosolyma,
1068 2275 1134 2322 oon
1153 2253 1308 2336 laetetur,

59 2344 231 2430 expavescit
247 2355 280 2412 et
304 2343 494 2414 tabescitct
517 2363 643 2432 negare
667 2276 838 2412 erubescit
853 2341 944 2429 quod
963 2343 1139 2432 Scriptura
1155 2354 1309 2414 testatur.

54 2433 108 2498 llec
129 2433 243 2503 miuus
261 2431 471 2501 horrendum
497 2431 689 2502 scribarum
708 2429 928 2521 sacrilegium
949 2452 1052 2517 quam
1072 2431 1217 2502 Herodis
1242 2433 1308 2500 im-

54 2519 160 2607 pietas,
182 2521 265 2610 quia
289 2521 429 2611 proprio
455 2520 575 2591 ludaei
598 2520 777 2590 abutentes
801 2517 992 2611 privilegio,
1019 2542 1099 2589 cum
1126 2521 1311 2592 visitationi

54 2605 176 2679 divinae
209 2610 450 2679 invenirentur
485 2609 632 2700 ingrati,
659 2630 799 2680 oausam
832 2607 900 2678 sibi
935 2629 1013 2679 oum
1040 2608 1173 2679 Herode
1203 2608 1311 2680 lacere

53 2717 272 2769 communem:
300 2699 488 2770 cumhinc
518 2711 550 2768 et
581 2697 660 2768 inde
688 2698 848 2788 impietas
871 2706 905 2766 et
928 2697 1115 2768 infidelitas
1147 2697 1312 2770 adversus

53 2787 222 2856 bominum
256 2798 289 2856 ct
317 2787 489 2858 Christum
519 2787 594 2876 ejus
629 2785 836 2868 fremerent,
863 2797 896 2856 et
921 2787 1048 2876 pariter
1072 2787 1107 2856 in
1133 2787 1209 2876 ejus
1232 2787 1311 2858 odio

52 2876 282 2946 consentirent.
309 2880 393 2946 Ecce
424 2875 639 2966 alienigenae
662 2897 682 2944 a
706 2875 914 2946 fluminibus
940 2875 1138 2966 Aethiopiae
1162 2875 1204 2946 ad
1232 2899 1311 2968 par-

51 2963 157 3034 vulum
183 2965 354 3035 Christum
380 2965 557 3068 supplices
574 2965 728 3046 veniunt,
748 2978 780 3035 et
803 2964 867 3034 silii
891 2963 1129 3054 dispersorum
1154 2966 1313 3038 delerant

53 3071 195 3136 manera,
217 3053 387 3124 accedunt
402 3075 462 3154 qui
486 3053 713 3144 megaeram,
732 3065 765 3124 et
787 3053 848 3141 qni
865 3075 973 3143 prope
990 3054 1167 3125 recedunt:
1186 3056 1219 3124 io
1239 3055 1313 3125 loco

52 3137 166 3237 humili
187 3157 219 3213 et
241 3141 456 3233 supellectile
479 3140 538 3210 rili
564 3147 633 3212 Rex
658 3163 778 3233 regum
804 3154 836 3212 et
860 3143 1028 3212 Dominus
1052 3143 1311 3214 dominantium

52 3231 223 3313 invenitur,
242 3231 473 3323 cognoscitur,
492 3242 525 3299 et
548 3229 592 3300 ab
620 3230 700 3302 aliis
720 3229 895 3301 adoratur.
921 3231 1008 3314 Ouia
1031 3253 1111 3303 vero
1136 3234 1310 3302 neminem

52 3315 81 3384 in
99 3331 281 3411 conspectu
306 3321 364 3390 llei
387 3321 554 3410 apparere
570 3341 717 3389 vacuum
742 3321 886 3406 antiqua
912 3320 965 3389 lex
988 3318 1117 3403 edocet,
1141 3321 1312 3412 praevari-

52 3408 211 3478 catoribus
234 3408 321 3500 legis
345 3407 555 3479 abeuntibus
579 3407 709 3491 vacuis,
733 3408 906 3498 primitiae
931 3409 1086 3499 gentium
1113 3431 1311 3480 sacramen-

54 3493 123 3564 talia
147 3519 289 3570 mnnera
314 3495 493 3588 proferunt
516 3495 558 3566 de
579 3497 763 3580 thesauris,
782 3509 815 3567 et
840 3498 983 3568 Domino
1003 3519 1128 3568 aurum
1144 3510 1176 3569 et
1191 3497 1312 3568 odora-

55 3597 155 3654 menta
180 3597 409 3676 praesentant,
458 3586 629 3656 roliteutes
653 3609 693 3656 ex
716 3585 847 3657 ratione
871 3608 1056 3657 munerum
1078 3586 1121 3656 de
1144 3603 1183 3657 eo
1207 3609 1310 3676 quem

55 3669 227 3746 adorabant
251 3675 334 3764 quid
360 3607 560 3758 crederent,
590 3676 674 3763 quid
712 3675 888 3746 sentirent.
916 3679 953 3744 lii
993 3697 1077 3746 auro
1103 3681 1250 3768 Regem,
1278 3677 1312 3745 in

57 3757 143 3858 thore
167 3765 401 3846 sacerdotem,
429 3764 463 3834 iii
491 3763 633 3854 myrrha
657 3763 980 3852 incorruptibilem,
1007 3768 1166 3851 quamvis
1203 3766 1313 3856 passi-

57 3843 145 3946 bilem
172 3855 384 3942 profitentur.
403 3852 538 3924 Oblatio
559 3853 624 3922 ista
649 3854 818 3923 incarnati
844 3853 944 3922 Verbi
968 3865 999 3923 et
1024 3854 1162 3942 exponit
1187 3865 1315 3943 myste-

58 3955 109 4016 ria,
129 3953 160 4010 et
179 3943 270 4014 brevi
289 3941 477 4030 subtilique
502 3942 631 4012 indicio
655 3943 837 4030 utriusque
862 3953 1005 4012 naturae
1030 3942 1204 4012 humanae
1229 3942 1315 4011 diri-

61 4043 174 4116 naeque
197 4032 356 4123 exprimit
379 4032 559 4113 unitatem,
580 4029 671 4119 quod
697 4044 729 4101 et
746 4031 925 4123 proprium
944 4043 995 4101 est
1017 4031 1221 4119 unicuique,
1245 4032 1315 4100 sin-

62 4113 185 4212 gulatim
207 4121 435 4212 distingueris.
455 4125 538 4190 Nam
564 4125 630 4190 Deo
655 4119 745 4190 Patri
769 4119 871 4210 cujus
895 4141 1040 4209 regnum
1069 4132 1101 4190 et
1126 4121 1311 4212 imperium

65 4217 121 4270 suis
144 4211 310 4281 mundum
337 4209 443 4300 replet
467 4231 483 4278 s
511 4207 723 4291 leudoribus,
741 4209 775 4276 in
801 4209 939 4278 odorem
960 4209 1138 4280 suavitatis
1155 4231 1315 4280 summus

69 4294 203 4367 sacerdos
226 4310 257 4370 et
281 4297 430 4389 pontifex
466 4231 621 4369 cbristus
657 4320 693 4368 se
720 4297 867 4368 obtulit:
894 4297 995 4398 cujus
1028 4321 1107 4368 caro
1142 4299 1314 4389 passionis

69 4393 193 4455 cremata
217 4387 436 4473 carbonibus,
460 4385 673 4459 incensionis
698 4409 780 4456 suae
804 4386 1028 4478 fragrantiam
1055 4389 1248 4460 transmisit
1271 4387 1313 4456 ad
