2932 4812
275 313 340 376 590
548 329 587 376 nn
612 329 638 374 s.
667 329 842 376 srcvnsrao
866 331 945 376 earn
969 331 1007 378 ar
1030 329 1180 378 conrcss.
1331 311 1401 376 unt.
1418 314 1437 366 :t

232 413 377 504 figuram
397 414 485 483 beati
519 415 679 504 martyris
704 414 821 484 Sabini
842 414 1013 504 depictam
1039 415 1280 505 conspexisset,
1310 437 1373 484 mor
1391 423 1454 480 cm

224 504 423 590 juramento
441 501 634 585 affirmavit,
664 501 765 573 talem
790 504 933 574 omnino
955 525 1035 574 anm
1061 505 1173 573 virum
1199 504 1257 591 qui
1282 524 1314 572 se
1335 505 1363 570 in
1384 501 1439 569 icit

232 604 429 680 protexerat,
456 589 614 671 sormam,
642 590 868 679 habitumque
895 593 1069 663 habuisse.
1100 597 1263 683 Tuumne
1285 591 1438 660 intellector,

228 692 291 837 esti,
312 681 448 750 beatum
476 693 659 770 martyrem
678 681 844 750 Sabinum
865 681 1026 751 eidemin
1045 680 1174 772 proelio
1195 681 1440 768 adjutoriumcnc·

231 780 266 840 tu
284 789 362 840 isse.

371 1081 484 1180 Vtin
521 1083 564 1182 S.
600 1081 876 1182 St'tvistttt
912 1071 928 1102 ⁴
963 1083 1132 1183 titini
1170 1081 1350 1183 nottttt

263 1339 403 1388 AUCTORE
428 1339 562 1387 stttaottu
586 1339 822 1398 paternensis,
851 1341 890 1387 UT
914 1341 1058 1388 HABETUR
1083 1341 1200 1398 opinio
1224 1341 1304 1390 T0!0
1326 1338 1421 1386 acutat.
1453 1409 1454 1420 ἵ

591 1535 684 1592 Obiit
704 1549 794 1592 anno
816 1537 875 1592 335
897 1567 935 1576 -
956 1537 1141 1594 Romanus.

271 1744 350 1830 §1-
380 1743 568 1813 venerandi
591 1741 744 1830 quidem,
770 1755 802 1812 et
836 1743 897 1832 qui
924 1749 1027 1814 Deum
1056 1743 1215 1814 viderunt
1238 1741 1385 1834 Apostoli,
1402 1761 1436 1806 m·

228 1851 304 1900 nem
326 1831 444 1900 orbem
470 1842 578 1902 terrae
596 1831 775 1913 obeuntes,
795 1832 830 1900 in
847 1832 1028 1919 hominum
1044 1833 1170 1902 animis
1186 1832 1363 1903 salutarem
1383 1847 1435 1898 sen.-

227 1932 355 1990 narnnt
380 1919 681 2010 praedicationem,
708 1933 741 1993 et
765 1919 892 1991 multos
918 1919 1144 1991 traduxerunt
1170 1921 1215 1991 ab
1238 1943 1348 1992 errore
1367 1919 1423 1987 att

226 2009 478 2100 cognitionem:
505 2009 564 2079 sed
591 2009 745 2080 nondum
776 2009 881 2079 iibere
904 2022 936 2080 et
961 2009 1105 2079 fidenter
1130 2031 1165 2080 se
1192 2011 1330 2100 gerebat
1357 2010 1423 2098 picta

227 2097 335 2167 donec
360 2097 507 2187 insignis
531 2103 732 2186 imperator,
759 2109 792 2168 et
819 2097 869 2168 vei
896 2097 981 2199 ipsis
1003 2098 1285 2190 aequiperandus
1307 2093 1425 2188 tipostd.¹

227 2187 469 2258 Constantinus
486 2185 544 2255 iiie
560 2191 716 2278 Magnus
745 2186 802 2256 Dei
827 2186 1042 2346 providentia
1061 2209 1101 2256 ex
1125 2189 1252 2278 agresti
1276 2187 1346 2258 olea
1367 2187 1429 2254 inec

228 2287 321 2346 ratur
335 2276 370 2344 in
395 2275 550 2344 sativam.
577 2277 643 2359 Qui
670 2287 827 2346 autema
875 2275 1078 2346 infidelitate
1101 2297 1182 2346 cum
1208 2275 1355 2347 traduxit
1373 2271 1401 2342 ad
1419 2282 1435 2332 t·

227 2364 318 2444 dem,
346 2365 375 2433 is
387 2363 466 2454 jure
488 2362 666 2450 judicetur
688 2385 763 2436 esse
786 2387 910 2447 causa,
936 2377 975 2436 ut
1002 2385 1038 2434 se
1066 2363 1173 2434 iibere
1196 2378 1295 2456 gerat
1323 2366 1453 2456 picum,

226 2474 346 2524 omnes
369 2451 439 2522 sere
472 2473 507 2524 se
531 2451 757 2524 submiserint
783 2452 919 2524 divinae
949 2452 1210 2545 praedicationi.
1245 2459 1278 2524 Is
1302 2467 1350 2524 est
1373 2461 1431 2520 autu

226 2542 366 2613 divinus
391 2540 582 2632 sylvester,
609 2542 665 2612 nui
696 2541 746 2610 vei
771 2541 835 2612 hoo
856 2541 969 2614 solum
995 2541 1168 2612 suffecerit
1197 2541 1241 2612 ad
1265 2544 1341 2634 ejus
1371 2531 1436 2608 tnd-

226 2631 460 2702 cciebrandas.
481 2629 518 2698 Ei
537 2641 651 2700 autem
671 2641 724 2700 est
738 2631 898 2701 universa
917 2631 983 2700 vita
999 2642 1032 2701 et
1047 2629 1233 2702 laudabilis
1253 2645 1287 2701 et
1312 2635 1429 2716 noegeu

225 2725 258 2791 'et
276 2741 364 2808 quae
381 2721 434 2802 iis,
460 2719 521 2806 qui
547 2719 657 2788 virum
683 2718 801 2790 volunt
826 2719 977 2801 laudare,
1008 2720 1147 2809 praehet
1170 2719 1325 2810 amplam
1348 2731 1429 2807 ancon·

227 2810 416 2880 materiam.
437 2812 475 2877 Et
498 2807 541 2876 iis
557 2805 711 2897 quidem,
733 2808 794 2899 qui
819 2819 900 2880 sunt
923 2819 1080 2879 amantes
1108 2808 1263 2889 virtutiS,
1298 2809 1366 2880 laus
1386 2799 1436 2900 iiim

225 2897 387 2969 laetitiam
412 2895 540 2966 adseret
563 2908 595 2966 et
613 2895 809 2967 utilitatem.
836 2901 919 2968 Nam
939 2897 1158 2986 juvabuntur
1184 2898 1344 2986 quidem,
1365 2913 1402 2981 qu
1417 2898 1437 2950 tt·

225 2986 320 3057 illius
338 2985 404 3056 vita
425 2985 556 3056 incitati
573 2984 700 3056 suerint
723 2986 767 3054 ad
793 2986 1019 3057 imitationem
1036 2985 1207 3057 bonorum
1228 2986 1324 3058 iilius
1338 2994 1427 3076 opertu

224 3075 469 3145 Convenienter
482 3085 596 3146 autem
613 3075 656 3154 ei,
678 3075 769 3161 quod
793 3074 877 3146 dicit
900 3075 1181 3164 sapientissimus
1198 3075 1364 3154 Salomon,
1380 3077 1435 3138 ctnu

225 3162 453 3236 laetabuntur.
483 3169 565 3235 Cum
590 3164 753 3234 laudatur
765 3167 896 3266 jttcttts,
924 3163 1038 3252 inquit
1054 3163 1123 3246 ilie,
1154 3167 1364 3236 luctabuntur
1381 3152 1434 3224 nni.

223 3255 467 3413 popuii-,bsunt
489 3273 570 3344 ergo
586 3252 694 3322 divini
713 3251 818 3343 hujus
834 3252 941 3344 patris
965 3273 1021 3323 res
1037 3251 1232 3322 narrandae
1246 3267 1278 3323 at
1306 3241 1435 3324 tactatur

251 3365 367 3416 rovm
395 3366 447 3413 us.

227 3368 287 3521 βξ
313 3437 356 3505 2.
385 3437 489 3519 itque
504 3431 648 3518 quinam
672 3429 812 3518 quidem
829 3429 958 3500 fuerint
983 3431 1100 3521 magni
1124 3429 1220 3502 iiiius
1237 3430 1301 3500 viri
1329 3433 1452 3520 parente&

225 3535 293 3593 eta
317 3521 445 3609 quibua
469 3521 514 3590 sit
537 3519 572 3588 in
591 3519 701 3590 iucem
727 3519 851 3599 editus,
879 3521 980 3590 veteri
1012 3519 1100 3590 libro
1124 3519 1166 3589 de
1195 3541 1236 3590 eo
1261 3527 1402 3588 tractante.
1418 3521 1452 3566 tt

225 3631 326 3697 quem
353 3608 551 3690 incidimus,
575 3630 642 3678 non
667 3607 732 3679 tuit
755 3607 988 3689 deciaratum,
1016 3609 1076 3697 qui
1108 3608 1219 3699 prisce
1253 3603 1405 3677 admodum
1419 3599 1433 3644 '⁴²

226 3698 430 3790 simpliciter
445 3709 496 3768 est
514 3697 739 3787 compositus.
753 3697 919 3780 Quocirca
942 3719 980 3767 ea
993 3717 1131 3786 qunque
1150 3709 1231 3768 sunt
1250 3719 1271 3766 a
1287 3692 1434 3787 nohispuj

226 3790 394 3860 termissa.
422 3791 505 3858 Cum
526 3797 639 3856 autem
662 3798 750 3856 asset
774 3785 889 3856 adhuc
905 3786 1056 3875 juvenis,
1084 3797 1222 3857 secutus
1238 3799 1290 3856 est
1314 3769 1432 3876 quentis?

226 3878 406 3950 Curioncm
434 3875 684 3967 presbyterum,
707 3875 818 3945 virum
843 3885 876 3944 et
890 3873 958 3944 fide
982 3887 1125 3957 rectum,
1144 3887 1177 3944 et
1193 3877 1227 3944 in
1246 3875 1342 3945 robus
1356 3866 1432 3962 diiii*

224 3968 411 4047 eruditum,
438 3977 471 4036 et
486 3965 552 4035 vita
567 3964 675 4056 pium:
702 3984 803 4052 aquo
826 3965 928 4034 etiam
945 3963 1010 4035 iuit
1026 3963 1249 4034 confirmatus
1268 3977 1302 4034 et
1321 3949 1431 4031 stabilito

252 4133 263 4158 *
280 4133 395 4172 Habemus
409 4129 623 4178 praeclarissimum
638 4129 755 4174 Sanctum,
769 4127 917 4176 primumque
936 4127 1072 4178 pacificatae
1090 4137 1103 4168 a
1120 4124 1276 4168 constantino
1291 4109 1429 4180 licentiori-s:

225 4185 297 4229 flccm,
312 4185 401 4232 magnis
416 4183 487 4222 robus
502 4182 575 4231 gestia
591 4183 615 4220 at
630 4178 757 4221 sanctitate
773 4181 939 4220 venerandum,
958 4179 1051 4220 Utinm
1070 4181 1117 4220 tam
1133 4189 1189 4220 ven
1206 4183 1270 4220 esset
1284 4168 1416 4242 aporiatur-¹²¹1*

225 4239 321 4286 scriptia
336 4239 399 4278 uitro
414 4235 518 4284 citroque
533 4237 627 4284 agitatu.
641 4237 665 4274 ct
680 4245 727 4274 uon
743 4233 774 4274 ita
788 4234 877 4282 pridem
889 4235 942 4284 post
951 4235 1039 4276 multon
1049 4235 1108 4274 aiios
1118 4235 1224 4274 erudito·
1234 4218 1389 4284 rirnmmpch·
1402 4229 1409 4283 Ἰ
1426 4271 1429 4278 Ι

226 4293 249 4328 at
263 4291 380 4339 danninpo
395 4300 436 4338 pro
451 4300 498 4329 non
512 4289 595 4336 exigua
606 4289 678 4336 parte,
687 4287 740 4327 {alai
751 4287 867 4326 convicta:
879 4297 938 4336 quac
949 4291 986 4327 ast
995 4287 1064 4326 hodic
1074 4287 1233 4327 litteratorum
1248 4286 1296 4327 icco
1307 4282 1382 4322 numum
1395 4275 1401 4300 ¹
1407 4313 1428 4343 ᾖ(

226 4341 333 4388 ptissima
347 4345 433 4390 opinio.
443 4364 468 4372 -
478 4343 513 4382 lta
527 4341 639 4381 soliar-tna
651 4341 676 4380 ln
686 4339 905 4380 mancupationem
916 4341 1014 4381 Uartartli
1027 4338 1225 4388 trutyrotoginm,
1234 4339 1278 4380 hae
1287 4335 1322 4394 dic,
1332 4351 1347 4359 α
1357 4324 1428 4393 ¹¹¹⁰ffl‚2,·,

227 4396 308 4432 roudus
323 4397 347 4434 in
357 4397 378 4436 S.
392 4397 506 4443 sylvestri
517 4394 579 4436 Actis
591 4406 603 4434 a
613 4395 772 4442 metaphrasta
785 4394 862 4436 cditia,
873 4397 975 4434 tranando
984 4395 1114 4439 desiderari,
1124 4391 1192 4434 immo
1204 4387 1336 4434 amantionis
1344 4380 1426 4453 stipat·

226 4445 277 4492 ipsa
287 4447 412 4495 deturpata
422 4459 481 4495 acac,
492 4449 585 4490 tutetur.
597 4449 681 4489 Censet
691 4445 805 4487 noconius
817 4449 872 4487 Acta
881 4447 1017 4497 istiusmodi
1028 4447 1172 4488 initiamenta
1182 4440 1394 4486 cart-insancrt··d··=‘*·
1450 4487 1451 4514 1
