2946 4798
25 298 93 361 ult.
113 299 152 362 nt
345 316 384 362 os
408 316 453 362 ss.
480 312 646 363 rnaooono
671 316 708 362 nr
732 315 920 362 roborarae
1160 296 1224 362 tna

23 400 67 468 sed
88 399 220 469 divinus
238 398 446 481 Theodorus,
465 421 543 470 cum
562 412 651 469 esset
671 399 830 470 acerrimi
847 399 990 489 ingenii,
1010 412 1043 468 et
1066 398 1160 468 brevi
1185 410 1269 467 tem-

23 510 86 576 pore
115 488 305 557 universam
347 489 550 578 pervasisset
583 488 833 569 eruditionem,
863 499 985 578 captus
1021 487 1267 558 sublimiorum

21 599 115 646 amore
139 575 416 677 disciplinarum,
436 577 612 734 egreditur
636 577 774 665 quidem
805 599 844 646 ex
877 577 1107 657 monasterlo;
1138 575 1271 646 accedit

20 679 113 734 autem
137 665 177 734 ad
204 687 315 735 vnum
342 687 444 753 quem
474 687 542 746 am,
573 677 681 736 aetate
712 666 851 752 quidem
883 679 1093 756 provectum,
1126 665 1184 734 sed
1209 665 1268 751 qui

20 755 236 824 convenienter
253 755 399 844 tempori
419 756 575 824 virtutem
602 768 811 836 exercuerat,
829 767 862 824 et
878 754 1105 824 eruditionem
1129 775 1270 843 compa-

20 855 141 912 reverat.
167 845 248 914 Cum
277 842 336 912 illo
359 866 441 934 ergo
466 865 617 923 versans
637 858 668 914 et
690 845 824 915 virtutis
848 843 885 912 lit
903 844 1064 924 imitator,
1092 856 1125 912 et
1148 842 1189 912 ad
1215 864 1270 912 ca·

21 930 158 1018 piendam
178 931 400 1021 disciplinam
427 953 494 1002 non
523 931 632 1002 multo
648 955 737 1023 opus
754 933 856 1004 babet
883 945 1055 1023 tempore:
1085 931 1142 1002 sed
1169 931 1268 1002 celeri

19 1033 43 1088 et
63 1020 184 1090 ardenti
209 1021 372 1112 ingenio,
406 1022 546 1109 acrique
570 1035 602 1091 et
626 1023 795 1092 constanti
826 1020 959 1102 studio,
990 1021 1083 1091 brevi
1120 1034 1271 1112 tempore

19 1110 115 1178 omnia
138 1109 170 1178 in
196 1131 261 1180 sua
281 1110 460 1180 collocavit
476 1111 604 1179 anima.
625 1111 737 1201 Hujus
761 1124 875 1182 autem
899 1111 949 1184 rei
968 1111 1201 1180 testimonium
1222 1109 1270 1179 le-

21 1211 88 1266 runt
107 1198 192 1282 libri,
211 1221 300 1286 quos
325 1199 399 1288 ipse
423 1211 539 1290 postea
559 1199 667 1268 edidit
692 1221 753 1290 pro
778 1201 913 1290 pietate,
941 1200 1075 1270 etiamsi
1104 1212 1192 1270 esset
1216 1221 1272 1268 er-

22 1285 133 1367 celsior‚
151 1310 254 1375 quam
275 1299 314 1357 ut
329 1310 368 1358 er
385 1289 435 1357 eis
455 1288 562 1358 ullam
583 1288 720 1359 laudem
738 1289 896 1359 ambiret.

57 1377 129 1460 §a
151 1377 214 1446 Sed
235 1376 445 1463 aliquandiu
460 1376 600 1466 quidem
626 1389 677 1448 est
705 1391 859 1448 versatus
884 1379 917 1446 in
947 1377 1080 1448 litteris.
1108 1377 1271 1446 vincebat

19 1465 93 1531 enim
112 1487 204 1536 amor
229 1466 377 1547 virtutis,
396 1465 514 1536 rolens
537 1487 616 1536 eum
643 1478 750 1536 totum
772 1465 814 1536 ad
845 1487 880 1536 se
906 1466 1051 1546 trabere,
1073 1477 1104 1535 et
1127 1488 1207 1536 eum
1235 1467 1269 1534 in

18 1571 48 1618 ea
70 1566 165 1622 totum
181 1576 258 1626 esse
278 1567 499 1645 occupatum,
520 1567 553 1624 et
575 1576 641 1624 ooo
669 1567 807 1646 propter
834 1555 973 1626 illorum
1004 1553 1172 1637 studium,
1195 1555 1272 1646 ejus

20 1655 196 1728 perpetuam
223 1643 433 1734 interrumpi
466 1665 545 1714 cum
571 1665 610 1714 eo
638 1644 940 1714 consuetudinem.
968 1648 1008 1714 Se
1034 1656 1123 1713 certe
1148 1666 1272 1716 rursus

20 1729 103 1799 tradit
124 1731 229 1802 divini
257 1734 366 1802 Sabae
395 1733 613 1812 monasterio,
635 1735 753 1820 sicque
772 1734 839 1802 sub
864 1739 928 1802 lleo
953 1733 1097 1812 vivebat,
1115 1745 1148 1803 et
1168 1755 1270 1823 opera

21 1815 152 1916 iaciebat,
170 1843 262 1910 quae
278 1836 376 1892 erant
398 1820 503 1912 digne
523 1823 620 1911 puris
637 1821 733 1892 illius
752 1822 874 1892 oculis.
893 1822 981 1891 Hinc
997 1822 1076 1909 quis
1096 1821 1272 1892 Theodoro

21 1907 138 1991 quidem
163 1911 399 1982 moderatiori
427 1911 510 1993 Quis
534 1924 647 1980 autem
673 1910 716 1980 ad
744 1911 989 1981 continendam
1016 1911 1101 1980 iram
1128 1931 1272 1999 genero-

22 1995 89 2064 sior?
102 1999 180 2081 Quis
198 2001 318 2072 minus
334 2021 527 2091 propensus
541 1999 583 2069 ad
597 1997 785 2089 explendas
798 2000 1022 2101 cupiditates?
1037 1999 1121 2082 Quis
1134 1999 1270 2068 dicendi

21 2095 46 2150 et
59 2087 177 2158 tacendi
195 2103 335 2178 tempus
353 2089 464 2176 magis
480 2087 693 2169 observabat,
711 2100 744 2158 et
772 2089 895 2159 melius
912 2087 1117 2176 conjiciebat
1135 2101 1271 2176 tempus

24 2173 150 2270 cujusvis
175 2178 220 2246 rei
242 2177 439 2256 laciendae?
458 2177 546 2248 ldeo
566 2189 603 2247 ut
624 2199 686 2248 nee
702 2177 877 2248 silentium
896 2188 1141 2257 contemneret,
1161 2197 1272 2264 neque

26 2257 136 2334 dicendi
160 2265 352 2336 libertatem
379 2267 559 2347 omitteret,
579 2279 717 2356 propter
734 2266 841 2335 animi
868 2265 1060 2348 mollitiem,
1081 2265 1271 2355 abjectum-

26 2367 79 2432 que
97 2368 122 2422 et
141 2355 335 2424 demissum
360 2355 534 2444 spiritum.
552 2355 637 2438 Quis
654 2356 703 2424 sic
722 2375 859 2425 carnem
877 2356 1068 2444 castigavit,
1085 2367 1117 2425 et
1132 2351 1270 2424 oculum

26 2433 173 2525 fraenarit,
191 2457 225 2514 et
242 2444 490 2534 cogitationum
511 2445 673 2534 repressit
690 2445 861 2534 impetus?
880 2449 926 2514 Er
946 2467 1015 2535 quo
1031 2443 1114 2531 quid
1132 2443 1273 2513 accidia

23 2527 94 2628 llutu
114 2531 250 2619 quidem
282 2533 352 2614 Dei,
377 2533 541 2624 sollragio
566 2545 679 2603 nutem
708 2532 866 2603 om'nium
894 2534 955 2620 qui
979 2545 1077 2602 erant
1100 2533 1134 2601 in
1158 2553 1274 2602 mona-

22 2628 115 2712 sterio,
131 2621 228 2692 abeo
254 2622 313 2709 qui
339 2634 423 2692 tunc
446 2635 518 2692 erat
541 2621 687 2692 Antistos
713 2622 805 2702 Sion,
826 2621 1008 2693 ordinatur
1031 2622 1219 2712 presbyter.
1237 2627 1274 2690 Et

22 2707 219 2860 ⁵¹⁰ll¹³l³²b⁸l
243 2733 323 2780 eum
352 2712 469 2801 magni
497 2711 605 2782 Sabae
633 2711 905 2794 monasterium,
930 2709 1050 2782 sedulo
1074 2722 1272 2800 operantem

24 2811 65 2860 me
99 2811 240 2869 virtutis.

56 2883 128 2968 §⁴1-
147 2887 241 2970 Quod
270 2899 383 2958 autem
408 2909 448 2958 ex
472 2887 577 2958 rebus
606 2887 700 2960 illius
730 2888 915 2978 praeclaris
941 2909 994 2958 me
1022 2886 1271 2978 propemodum

22 2969 132 3067 elingit,
157 2989 188 3046 et
211 2977 319 3064 quod,
346 2998 408 3046 nec
438 2977 465 3047 si
492 2976 593 3046 velim
618 2975 771 3064 quidem,
801 2976 901 3046 lacile
920 2990 972 3048 est
991 2975 1182 3068 despicere,
1201 2978 1272 3066 jam

22 3055 129 3157 droam.
147 3068 183 3134 ln
201 3087 281 3134 eum
299 3066 390 3136 enim
416 3066 454 3136 su
478 3064 544 3136 tale
568 3065 664 3154 quid,
689 3065 791 3153 quale
816 3067 913 3156 prius
941 3067 974 3134 in
1004 3066 1198 3148 leremiam,
1218 3065 1275 3136 cui

23 3144 132 3218 dictum
150 3167 210 3224 est:
231 3158 419 3245 Antequam
435 3164 537 3226 notus
553 3177 649 3237 estes,
669 3166 700 3226 te
713 3157 943 3246 sanctificavi:
961 3165 993 3224 ct
1007 3158 1097 3225 utari
1119 3166 1149 3226 te
1163 3157 1271 3246 prius,

23 3255 107 3322 quom
127 3243 291 3328 formatus
316 3266 402 3314 esses
425 3246 461 3312 in
483 3247 593 3314 lsradt
615 3245 752 3334 (leram.
771 3243 809 3333 1).
831 3248 914 3314 llam
942 3264 1020 3313 cum
1045 3264 1193 3334 magnus
1218 3242 1275 3312 ille

23 3342 160 3426 sereret
184 3332 348 3423 magister
372 3333 406 3402 in
432 3333 540 3402 divini
564 3333 670 3404 Sabae
690 3333 908 3414 monasterio,
927 3344 966 3402 ut
990 3333 1088 3421 prius
1112 3331 1277 3400 indicavit

24 3427 123 3496 oratio,
142 3419 235 3490 bunc
259 3442 373 3490 rerum
392 3421 591 3491 divinarum
610 3421 805 3492 studiosum
827 3420 963 3492 doceret
988 3420 1216 3502 Theodorum,
1244 3432 1277 3488 et

25 3498 56 3598 ad
77 3502 276 3604 disciplinae
290 3510 566 3580 exercitationem
583 3523 615 3580 et
639 3511 799 3582 virtutem
822 3511 990 3592 incitaret,
1011 3510 1066 3580 bic
1091 3522 1206 3580 antem
1225 3508 1276 3578 lec

25 3602 139 3663 nrtuns
166 3597 387 3684 quotidiam
410 3599 454 3669 ita
484 3598 610 3681 dicam,
629 3612 809 3692 exsugeret
832 3611 864 3670 et
888 3599 1089 3690 spiritaliter
1114 3597 1274 3678 aleretur,

27 3697 153 3775 magnus
169 3685 227 3754 ille
250 3709 353 3758 senex
377 3700 409 3757 et
434 3689 538 3758 bomo
564 3687 634 3770 Dei,
654 3711 733 3758 cum
759 3687 891 3760 scilicet
914 3687 1083 3758 divinitus
1108 3687 1142 3756 id
1172 3687 1277 3757 resci-

27 3784 120 3851 risset,
138 3775 303 3858 praedicit
325 3777 555 3865 apertissime.
575 3782 620 3848 Ne
640 3791 754 3848 autem
778 3777 950 3848 videretur
974 3776 1147 3864 discipulo
1172 3776 1278 3866 grati·

28 3849 116 3948 licans
131 3861 259 3954 fingere
279 3866 519 3936 revelationem
537 3867 603 3956 (est
617 3867 710 3936 enim
728 3889 763 3936 re
784 3889 861 3936 vera
879 3880 1039 3956 suspecta
1063 3865 1140 3935 laus
1160 3886 1276 3934 aman·

29 3947 121 4046 lum),
148 3951 257 4040 ips'am
283 3954 423 4041 quidem
459 3968 540 4024 tunc
565 3955 716 4025 occultat
739 3955 899 4032 silenti0;
939 3967 1055 4045 postea
1091 3975 1191 4034 vero,
1218 3953 1277 4022 ubi

31 4049 108 4112 poan
123 4059 257 4137 quoque
283 4042 348 4112 lide
372 4042 512 4136 dignum
540 4043 699 4115 virtutem
725 4044 858 4126 babuit,
879 4045 933 4124 iis,
953 4066 1041 4131 quae
1058 4043 1276 4122 dicebantur,

31 4134 177 4209 enunciat,
204 4132 366 4202 omnibus
390 4154 469 4202 cum
497 4132 671 4222 praeclara
696 4145 728 4202 et
760 4133 889 4224 insigni
916 4133 1181 4223 praedicatione,
1209 4131 1278 4200 alta

34 4222 93 4276 tore
117 4215 278 4301 clamans,
302 4220 392 4312 quod
419 4221 475 4290 bic
499 4221 659 4312 egregius
687 4221 899 4302 adolescens,
923 4235 1056 4312 praeter
1090 4221 1158 4290 alia
1189 4242 1278 4307 quae

35 4309 145 4442 ἕωμεν
159 4305 546 4412 ὒὴτίεωιηιευεῑὶηεὴίῑι,
565 4310 797 4411 evitaetiam
817 4310 955 4382 excedet
982 4310 1158 4412 martyrio.
1179 4309 1275 4411 Quod

55 4400 117 4469 utus
127 4413 197 4464 esse
214 4409 392 4486 potuerrta
412 4413 558 4490 pueritia
574 4410 709 4471 virtutis
729 4412 973 4488 argumentum
991 4400 1051 4471 rllo
1064 4399 1281 4470 evidentius?
