2994 4832
267 275 328 340 tlt
575 293 613 340 ux
638 293 665 340 s.
692 292 819 340 ruuona
842 291 988 340 recursa.
1015 292 1127 340 coxon.
1344 271 1451 336 midi
1484 231 1485 324 J

222 391 393 449 conventu
417 389 524 458 stans,
552 380 597 447 ita
622 378 691 448 ait:
719 401 737 444 «
770 381 865 448 Esset
890 378 1009 448 merito
1034 389 1205 448 tantorum
1232 377 1366 446 virorum
1392 393 1454 441 san·

223 469 345 537 tentiae
369 465 580 548 cedendum,
594 468 624 536 si
646 487 712 538 non
732 465 871 556 publica
892 467 1028 552 iustitia
1045 479 1184 535 stareta
1209 466 1313 546 nobis,
1335 483 1418 549 quae,
1430 460 1454 528 si
1484 497 1485 526 l

221 557 309 626 scire
326 555 440 638 vultis,
463 577 572 642 aeque
597 577 656 624 vos
679 568 781 642 atque
806 577 879 636 uos,
898 554 1039 624 domino
1065 567 1181 625 nostro
1205 555 1313 624 adhuc
1338 551 1453 620 liberam

222 645 368 715 habente
392 645 590 734 sepulturae
614 643 810 734 diligendae
830 642 1039 726 facultatem,
1058 643 1252 734 obstringit,
1277 643 1321 712 ite
1345 652 1378 710 ut
1398 640 1454 706 siue

222 755 347 823 magno
364 733 486 802 salutis
504 745 640 802 nostrae
664 733 865 802 discrimine
881 754 992 814 secus,
1010 754 1114 820 quarn
1134 732 1191 802 ille
1202 731 1347 822 jusserit,
1363 728 1414 796 hac
1427 725 1453 791 in

223 836 317 912 purte
335 821 445 892 facere
462 843 686 908 nequeamus.
706 821 817 892 Nostis
833 843 921 908 quae
937 821 1007 902 ille,
1026 836 1156 891 vestrae
1172 819 1368 912 pertinaciae
1381 835 1455 905 prae

220 912 325 991 scius,
349 911 444 980 vobis
468 910 543 979 dira
571 912 779 1000 imprecatus
803 911 868 990 sit,
900 924 937 979 ut
960 911 1119 997 quisquis
1144 911 1244 1000 sapit,
1271 909 1363 977 vitam
1387 905 1454 972 lianc

221 1000 361 1090 perdere
386 999 494 1080 malit,
521 1021 624 1084 quam
649 1021 723 1069 eam
749 999 904 1089 excipere
929 998 1217 1070 maledictionem.
1234 1005 1273 1068 Et
1290 1011 1390 1066 tamen
1408 1013 1456 1080 ap-

220 1089 346 1178 petitur
367 1099 458 1157 tante
476 1089 671 1157 animarum
693 1088 871 1177 pernicies.
892 1089 961 1158 Etsi
982 1110 1060 1158 vero
1084 1087 1170 1157 nihil
1196 1088 1322 1158 isthaec
1337 1104 1387 1152 ros
1401 1102 1456 1170 per-

219 1191 367 1256 movent,
388 1199 454 1246 non
474 1176 558 1244 mihi
575 1189 663 1246 certe
681 1177 852 1265 integrum
871 1189 922 1246 est
937 1191 1046 1246 vestro
1062 1176 1219 1266 exemplo
1238 1172 1456 1263 adjurationem

219 1265 351 1334 domini
378 1265 455 1346 mei,
480 1267 535 1334 cui
561 1264 663 1334 fidem
690 1265 856 1335 obstrinxi
886 1286 1009 1346 meam,
1039 1265 1222 1356 negligere,
1251 1285 1329 1334 cum
1351 1271 1456 1330 certum

219 1355 273 1434 sit,
293 1377 332 1423 eo
357 1355 432 1444 ipso
457 1354 491 1421 in
517 1355 882 1424 excommunicationis
904 1375 1102 1424 mucronem
1122 1376 1175 1424 ure
1190 1343 1456 1430 ruiturumouod

218 1445 246 1514 si
271 1445 374 1512 etiam
400 1442 516 1512 divina
542 1442 626 1512 ultio
651 1464 717 1512 non
744 1459 891 1534 urgeret,
908 1455 1047 1512 atcerte
1071 1442 1164 1534 leges
1189 1444 1357 1513 humanae
1371 1455 1458 1506 eama

218 1555 272 1601 me
298 1530 400 1600 iidem
427 1545 655 1621 reposcerent,
676 1545 713 1602 ut
730 1533 827 1621 prius
852 1531 951 1600 velim
972 1532 1132 1601 nobiliter
1150 1531 1364 1609 occumbere,
1378 1544 1459 1614 quam

218 1621 382 1706 injuriam
395 1621 648 1710 cujuscumque
662 1620 795 1689 domini
809 1621 887 1697 mei,
902 1622 960 1689 cui
974 1633 1188 1692 sacramento
1203 1621 1374 1711 obligatus
1388 1633 1456 1688 sum.

218 1709 414 1800 ignobiliter
439 1709 623 1800 negligere.
650 1709 746 1792 Quod
773 1709 802 1777 si
826 1731 864 1777 ea
889 1709 975 1779 fides
999 1709 1142 1779 cuilibet
1165 1709 1308 1779 domino
1331 1705 1458 1798 debetur.

216 1810 344 1885 quanta
374 1797 425 1867 illi
466 1797 670 1886 praestanda
697 1809 769 1878 est,
796 1799 854 1884 qui
889 1820 909 1866 a
943 1797 1081 1869 coelesti
1110 1809 1233 1868 senatu
1265 1800 1337 1888 jam
1373 1789 1460 1862 medio

215 1908 380 1958 consessu
410 1899 564 1976 receptus
593 1900 654 1966 est,
686 1887 787 1988 cujus
810 1885 963 1976 dignitas
981 1899 1013 1956 et
1041 1887 1139 1956 urbis
1165 1887 1273 1975 hujus
1299 1882 1458 1955 nobilitate,

215 1991 247 2046 et
274 1977 403 2047 summi
428 1975 608 2046 sacerdotii
633 1975 786 2045 culmine
810 1975 956 2046 illustris
978 1979 1056 2046 est?
1075 1976 1181 2066 Cujus
1200 1987 1295 2046 tanta
1315 1973 1376 2044 luit
1395 1970 1461 2037 ritae

215 2066 390 2148 sanctitas,
410 2079 448 2135 ut
472 2065 593 2135 beatus
618 2065 737 2134 merito
764 2064 991 2154 praedicetur,
1018 2065 1078 2152 qui
1105 2087 1166 2154 pro
1190 2066 1268 2152 ejus
1292 2058 1460 2132 defensione
1484 2073 1485 2154 p

216 2154 264 2223 vel
290 2153 461 2224 alliciatur
485 2153 727 2235 contumeliis,
759 2153 808 2222 vel
848 2155 1052 2244 sanguinem
1089 2152 1234 2224 sundere
1267 2163 1413 2244 cogatur.
1434 2141 1485 2239 ldp

214 2243 320 2333 igitur
339 2243 504 2312 omnibus
529 2243 624 2312 vobis
654 2254 772 2312 notum
798 2240 853 2322 sit,
874 2241 938 2311 bac
963 2264 1017 2312 me
1040 2265 1115 2312 esse
1138 2244 1321 2323 sententia,
1340 2240 1381 2309 ob
1401 2253 1460 2306 con·
1484 2241 1485 2312 t

214 2331 416 2402 servandam
442 2331 583 2402 domino
615 2354 690 2402 mco
719 2330 836 2412 fidem,
863 2345 912 2412 ut,
946 2331 975 2402 si
1009 2330 1108 2401 aliter
1139 2353 1206 2400 non
1232 2331 1356 2411 liceat,
1383 2341 1462 2414 opert

212 2420 489 2490 commilitonum
517 2441 670 2489 meorum
688 2419 763 2506 ejus
777 2441 904 2508 corpus
927 2432 1124 2490 constanter
1149 2420 1280 2503 tollam,
1301 2432 1335 2490 et
1357 2423 1461 2487 armata

213 2531 319 2578 manu
348 2509 434 2578 milri
466 2507 648 2590 vindicem,
676 2508 783 2578 donec
804 2507 864 2596 jus
887 2508 1013 2596 cuique
1036 2530 1140 2578 suum
1165 2510 1337 2580 victorum
1363 2513 1463 2575 mortes

212 2610 416 2669 asserant.»

255 2689 273 2773 ᾖ
296 2691 370 2758 Μ.
390 2691 478 2756 llaec
500 2685 557 2754 illo
575 2686 702 2755 Comite
718 2708 842 2776 inagna
858 2685 974 2756 animo
989 2697 1227 2776 prosequente,
1247 2684 1375 2757 caeteri
1391 2691 1464 2750 matu

211 2774 382 2844 absterriti
407 2775 588 2844 siluerunt:
608 2775 703 2845 solus
728 2775 932 2865 Rodulphus
949 2775 1166 2864 Praepositus
1186 2775 1381 2852 Graduum,
1401 2788 1462 2840 cum

212 2863 284 2932 suis
311 2863 457 2933 necdum
482 2862 610 2932 destitit
643 2885 740 2932 suam
772 2863 860 2934 tueri
890 2864 1117 2933 sententiam:
1150 2863 1208 2934 sed
1246 2887 1330 2934 eum
1367 2867 1463 2932 Comes

211 2972 326 3020 coram
352 2952 516 3022 omnibus
541 2951 585 3020 ita
606 2952 833 3040 compellavit:
852 2977 869 3019 «
887 2951 1086 3022 Ridiculum
1103 2974 1186 3022 sane
1201 2952 1320 3034 luerit,
1341 2951 1370 3022 si
1387 2959 1464 3042 putes

211 3062 274 3110 nos
298 3039 492 3130 impudenti
515 3041 669 3110 oratione
694 3057 750 3111 tua
774 3041 858 3110 adeo
885 3039 998 3130 lrangi
1028 3063 1137 3130 posse,
1166 3053 1203 3110 ut
1226 3041 1368 3134 ignavia
1392 3038 1463 3105 riatr.

210 3129 367 3200 imbelles
393 3151 450 3200 vos
462 3131 648 3288 patiamur
677 3151 845 3220 occupare
877 3129 1073 3219 depositum
1103 3143 1285 3212 nostrum,
1322 3152 1383 3219 pro
1415 3143 1467 3210 qut

209 3219 310 3288 etiam
343 3219 431 3288 lerro
487 3220 627 3288 imicare
652 3218 820 3288 velimus?
839 3223 957 3306 ltaque
984 3218 1085 3308 plane
1110 3219 1142 3287 id
1169 3219 1231 3290 tibi
1259 3215 1465 3310 persuadeas.

210 3329 389 3396 nunquam
418 3307 501 3389 lore,
529 3321 565 3378 ut
596 3308 718 3395 quavis
744 3319 815 3376 arte
839 3308 886 3388 id,
913 3308 1004 3394 quod
1029 3307 1141 3397 cupis,
1168 3309 1381 3395 assequaris.
1401 3309 1468 3374 b'an

208 3398 354 3480 etiamsi,
373 3396 481 3468 dubio
505 3397 619 3466 adhuc
643 3398 692 3466 rei
716 3396 821 3486 husus
846 3410 979 3478 eventu,
1000 3395 1185 3466 necessitas
1201 3419 1241 3467 eo
1263 3420 1329 3468 nos
1355 3395 1466 3494 adigat.

161 3552 165 3560 .
208 3498 246 3556 ut
265 3487 396 3575 absque
416 3499 532 3558 nostra
556 3487 695 3572 quidem
720 3507 824 3574 cupa
841 3485 875 3553 in
895 3485 958 3554 hac
976 3485 1060 3554 urbe
1083 3506 1209 3574 corpus
1235 3487 1300 3556 boc
1318 3484 1471 3576 sepelier-

207 3574 292 3646 dum
317 3577 372 3657 sit,
400 3585 513 3645 tamen
539 3576 641 3644 etiam
668 3587 749 3643 tuuc
772 3573 913 3663 pudebit
942 3596 998 3643 vos
1023 3574 1180 3644 inutilem
1211 3569 1470 3665 suscepissem

207 3664 338 3746 horem,
360 3664 640 3751 quandoquidem
668 3685 805 3732 necesse
829 3663 893 3732 erit
917 3663 1054 3734 humari
1079 3663 1164 3732 illud
1192 3663 1225 3732 in
1248 3665 1328 3753 ipso
1343 3669 1381 3733 B.
1396 3666 1485 3742 Petnq

207 3753 311 3822 choro
327 3754 398 3822 sive
418 3753 532 3843 adyto,
555 3753 615 3822 ubi
634 3751 751 3822 nullus
767 3753 922 3831 antebac,
942 3752 1100 3838 quamuis
1118 3753 1376 3833 sanctissimus,
1396 3763 1470 3819 terra

207 3841 367 3911 conditus
391 3855 453 3913 est.
474 3865 492 3910 >›
517 3847 566 3912 lta
587 3841 783 3930 Praeposito
801 3841 858 3912 illo
879 3863 958 3910 cum
980 3841 1054 3910 suis
1073 3863 1210 3928 quoque
1230 3855 1377 3918 remoto,
1400 3853 1485 3933 conj}

208 3931 368 4000 troversia
393 3933 508 4000 omnis
534 3931 643 4020 sopita
668 3943 737 4012 ost,
766 3929 969 4019 respiciente
1004 3935 1070 3998 [leo
1103 3951 1272 4019 pauperes
1298 3953 1395 4008 suos,
1420 3929 1485 4012 quit

207 4018 240 4085 in
269 4039 408 4107 praeca,
432 4019 567 4110 vigilias
590 4032 623 4087 et
643 4019 774 4108 jeiuoia
809 4041 876 4088 non
907 4032 1088 4089 cessarunt
1121 4019 1337 4100 incumbere,
1373 4019 1485 4086 donec

206 4119 320 4195 optato
337 4107 396 4177 illo
414 4107 574 4177 thesauro
600 4109 801 4198 potirentur.
818 4113 920 4177 Porro
940 4121 1053 4178 autem
1076 4109 1202 4178 exactis
1219 4109 1354 4197 primae
1372 4103 1473 4176 noctis

205 4196 359 4267 excubiis
383 4197 426 4266 ad
451 4219 577 4286 corpus
604 4197 691 4266 beati
721 4196 795 4277 viri,
821 4195 927 4265 altera
954 4195 1029 4265 luce
1055 4209 1252 4286 apparente,
1273 4218 1398 4266 rursus
1418 4213 1471 4282 po·

207 4283 310 4374 pulus
324 4299 358 4354 et
377 4285 493 4354 Clerus
510 4285 671 4371 frequens
688 4285 728 4355 ad
757 4285 843 4353 beati
870 4285 956 4354 Petri
972 4283 1089 4354 aedem
1109 4287 1275 4366 convenit,
1298 4300 1473 4368 novusque

206 4373 384 4462 planctus,
421 4395 504 4442 nora
539 4375 686 4443 lamenta
717 4375 874 4454 extitere,
906 4387 938 4444 et
971 4375 1132 4458 salutaris
1166 4376 1293 4444 hostiae
1327 4371 1471 4444 fervebat
