2972 4826
236 297 299 360 lod
610 314 648 359 nr
672 313 700 360 s.
727 279 862 361 nrcotao
886 315 961 361 ιιιιι.
988 313 1038 360 ne.
1321 293 1396 358 ont.
1420 297 1436 358 b

191 420 260 486 quo
276 419 342 468 non
359 397 508 467 emineat
525 419 587 498 par
610 397 706 468 senio
721 411 753 466 et
772 398 873 468 annis
895 396 1078 467 modestia:
1106 398 1155 467 sic
1176 397 1277 468 ctiam
1305 397 1437 467 solemus

187 487 344 575 jucunde
368 486 545 567 admirari,
574 487 749 574 multaque
762 485 864 556 laude
887 485 1028 575 dignam
1046 486 1239 556 existImare
1260 485 1438 556 adolescen-

190 577 285 657 tiam,
306 597 394 663 quae
416 572 516 664 plane
531 574 691 645 didicerit
709 575 785 664 ejus
800 575 919 644 aetatis
932 597 1149 664 compescere
1170 587 1292 657 motus,
1311 589 1341 644 et
1356 596 1438 642 sene-

189 666 293 734 ctutis
316 664 515 754 gravitatem
541 686 581 733 ac
607 663 805 734 modestiam
831 664 987 734 retinere.
1008 669 1065 733 Est
1085 664 1175 733 enim
1194 663 1439 752 sicutjureutos

189 754 224 822 in
250 774 332 822 sene
356 753 478 842 turpis,
499 752 544 821 ita
565 753 815 842 pulcherrrIma
830 751 967 839 quidem
985 753 1017 821 in
1037 752 1251 822 adolescente
1270 765 1422 823 senectus.

134 853 138 860 ’
235 843 252 928 β
277 846 319 914 d.
346 840 473 911 Habuit
489 855 602 912 autem
622 841 780 913 Nicotaus
808 840 1034 923 avunculum,
1066 842 1204 910 nomine
1228 841 1439 920 Nicolaum,a

188 952 258 1018 quo
274 929 367 1000 bunc
388 944 543 1010 nostrum
568 931 716 1002 arbitror
738 930 772 999 id
799 929 949 998 nominis
973 929 1172 1020 usurpasse.
1199 935 1330 1000 Iseum
1354 949 1440 1018 nepo·

190 1031 256 1088 tem
273 1017 557 1089 animadverteret
574 1018 729 1108 religioni
755 1031 787 1088 et
811 1018 1059 1088 sanctimoniae
1073 1019 1241 1101 deditum,
1270 1017 1392 1086 mundo
1412 1037 1440 1086 se

66 1121 69 1128 ’
191 1107 330 1265 penitus
354 1107 543 1188 abdicasse,
565 1108 911 1198 parentesbortatur,
929 1121 967 1175 ut
991 1106 1240 1177 adolescentem
1270 1105 1441 1175 sacerdota·

206 1196 284 1266 ibus
304 1197 411 1265 sacris
432 1195 559 1264 initiari
585 1198 792 1286 permittant.
812 1195 867 1265 Illi
893 1195 926 1263 in
952 1197 1156 1265 sententiam
1184 1217 1306 1266 venere
1329 1193 1439 1264 faciles.

191 1286 301 1376 Igitur
324 1282 434 1354 sactus
454 1285 624 1366 sacerdos,
652 1307 785 1354 morum
807 1298 839 1354 et
864 1283 950 1352 vitae
973 1285 1183 1354 severitatem
1218 1285 1344 1373 pariter
1374 1303 1440 1351 cum

191 1373 228 1442 di
254 1374 358 1442 nitate
386 1373 579 1463 augendam
611 1374 751 1465 putavit,
782 1386 923 1442 naturae
947 1395 984 1442 sa
1013 1373 1150 1442 ientiam
1182 1373 1347 1453 imitatae,
1371 1391 1443 1458 quae

192 1395 330 1532 arictes
345 1463 449 1551 ipsas,
469 1483 538 1548 quo
554 1485 590 1532 se
603 1463 728 1532 celsius
747 1463 780 1530 in
806 1460 940 1531 eoelum
958 1395 1092 1540 mitum,
1113 1484 1153 1532 eo
1175 1462 1282 1532 altius
1302 1459 1442 1530 demissis

191 1553 366 1620 interram
388 1549 578 1632 radicibus
606 1552 775 1622 firmiores
797 1549 919 1620 reddit.
948 1549 1133 1620 sacerdotii
1155 1564 1272 1621 autem
1298 1549 1373 1637 quis
1394 1547 1443 1615 du-

191 1639 274 1709 bitet
298 1639 526 1710 solidissImus
545 1661 619 1710 esse
638 1639 781 1720 radices,
799 1637 1025 1728 integritatem
1047 1640 1145 1720 vitae,
1173 1637 1440 1711 misericordiam,

193 1729 364 1818 pietatem,
382 1728 641 1810 continentiam,
668 1728 901 1806 sobrietatem,
929 1727 1148 1817 reliquasque
1172 1729 1316 1798 rictutes
1340 1725 1371 1794 id
1397 1745 1442 1814 ge-

193 1839 271 1898 nus,
293 1815 422 1904 quibus
439 1817 656 1906 potissimum
675 1816 816 1907 propius
840 1815 881 1884 ad
899 1819 1003 1885 Deum
1029 1817 1227 1886 accediturt
1252 1822 1368 1903 Itaque
1382 1834 1441 1882 cor·

193 1904 266 1995 pori
291 1926 354 1974 suo
375 1903 503 1975 bellum
530 1905 661 1987 indicit,
691 1927 758 1974 non
783 1903 873 1992 quod
896 1903 983 1974 illud
1009 1918 1155 1987 necaret,
1174 1916 1233 1974 aut
1258 1911 1440 1980 contereret,

192 1993 250 2064 sed
276 1993 365 2080 quod
388 1992 557 2063 domitum
583 2006 615 2062 et
639 1993 734 2063 omni
761 1993 947 2082 petulantia
968 2008 1121 2076 exutum,
1151 1993 1321 2084 redigeret
1337 1995 1369 2062 in
1388 2013 1442 2060 ser·

192 2083 345 2152 vitutem.
380 2083 490 2172 Igitur
514 2104 646 2164 somno,
673 2095 705 2153 ct
728 2081 929 2170 quotidiano
960 2083 1056 2162 cibo,
1082 2096 1251 2171 quantum
1279 2083 1362 2152 ratio
1385 2099 1442 2169 per·

191 2171 355 2251 mittebat,
372 2171 532 2252 detrahit,
547 2171 701 2259 jejuniis,
720 2171 966 2258 nocturnisque
983 2171 1110 2261 vigiliis
1128 2171 1227 2240 solito
1250 2171 1329 2261 plus
1346 2167 1441 2239 indul·

191 2281 287 2349 genS,
322 2261 400 2330 vino
426 2259 630 2348 parcissimo
660 2261 838 2340 utebatur,
874 2260 1013 2347 saepius
1035 2262 1126 2348 aqud
1160 2259 1232 2330 sola
1268 2271 1439 2330 contentus.
1476 2295 1477 2336 ι

192 2354 285 2418 teste
309 2347 338 2416 si
371 2369 437 2416 non
463 2347 627 2430 sordida,
659 2362 698 2417 ut
720 2347 898 2438 hypocrita
922 2360 955 2416 et
979 2369 1088 2418 vanus
1118 2361 1328 2429 ostentator,
1365 2343 1442 2414 nullo
1476 2337 1477 2386 t

191 2451 304 2506 tamen
330 2435 516 2524 conspicua
545 2436 627 2506 luxu
663 2435 826 2526 deinceps
849 2448 900 2505 est
924 2458 1021 2506 usus.
1056 2438 1212 2506 Crebrior
1243 2437 1295 2506 illi
1326 2436 1386 2506 luit
1410 2429 1442 2500 ad

192 2523 334 2594 delubra
362 2525 489 2593 aditus.
517 2524 615 2594 Nulla
641 2525 790 2615 penitus,
817 2524 883 2593 nisi
908 2546 1085 2594 sacrarum
1110 2525 1322 2606 litterarum,
1349 2521 1440 2593 lectio.

192 2619 229 2682 In
255 2614 351 2682 vultu
371 2626 403 2682 et
427 2626 526 2704 gestu
552 2613 716 2682 modestia
743 2613 862 2713 major.
891 2617 1007 2682 Sermo
1034 2613 1158 2694 rarior,
1185 2627 1217 2683 et
1245 2613 1359 2704 gravis
1381 2609 1442 2698 qui·

189 2701 280 2782 dem,
307 2714 339 2771 et
362 2701 421 2788 qui
449 2701 533 2770 nihil
560 2701 698 2771 liaberet
716 2701 890 2770 inanitatis
911 2715 943 2770 et
967 2701 1048 2770 fuci:
1069 2716 1107 2771 ut
1133 2703 1187 2774 lris
1207 2702 1381 2791 praeditos
1401 2719 1443 2766 or·

190 2791 373 2870 namentis,
387 2789 558 2859 rideretur
571 2791 605 2858 in
620 2811 761 2880 corpore
778 2790 911 2858 mortali
933 2789 1179 2860 immortalium
1202 2791 1308 2860 vitam
1326 2791 1441 2879 degere.

234 2881 318 2964 ξὸ.
345 2883 406 2947 Per
426 2877 459 2945 id
486 2891 599 2948 autem
625 2879 788 2968 temporis
811 2877 971 2948 Nicolaus
995 2879 1190 2949 avunculus
1217 2879 1380 2972 templum
1394 2896 1441 2944 no·

193 2966 272 3048 bile,
292 2966 357 3035 sub
382 2988 499 3036 sacrae
523 2967 601 3036 Sion
627 2969 766 3038 nomine
797 2967 908 3048 struit,
926 2967 1025 3056 eique
1055 2969 1127 3056 pari
1152 2968 1321 3059 dignitate
1344 2985 1442 3035 mona·
1474 2983 1475 2986 ¹

191 3056 332 3126 sterium
351 3055 458 3125 addit.
486 3057 545 3125 Cui
570 3077 649 3125 cum
671 3056 714 3125 de
735 3055 964 3145 praeficiendo
988 3057 1215 3145 gubernatore
1233 3079 1295 3144 pro
1322 3055 1366 3124 rei
1388 3071 1442 3121 ant·

191 3144 362 3234 plitudine
376 3145 550 3234 cogitarat,
561 3145 672 3220 visum
691 3158 754 3224 est,
765 3144 797 3213 id
813 3145 938 3234 negotii
953 3146 1195 3233 nepotispurao
1207 3144 1443 3235 sapientiaeque

189 3233 413 3313 committere,
442 3244 512 3301 tum
529 3245 568 3302 ut
587 3233 812 3302 admirabiles
828 3235 903 3322 ejus
928 3233 1069 3302 virtutes
1082 3255 1148 3302 usu
1172 3245 1204 3302 et
1222 3233 1443 3303 exercitatione
1473 3303 1474 3312 g

190 3321 376 3410 vegetiores
400 3319 576 3402 redderet,
604 3335 676 3392 tum
701 3321 784 3409 quia
809 3343 908 3392 nemo
932 3333 1004 3390 erat
1029 3322 1061 3390 in
1096 3335 1270 3412 promptu,
1297 3321 1354 3409 qui
1386 3335 1440 3387 rem
1473 3315 1474 3326 ’

191 3409 285 3480 ἰΙΙιιιι
322 3422 381 3479 aut
411 3409 613 3500 sapientius,
640 3423 699 3481 aut
722 3409 897 3490 sanctius,
927 3422 987 3478 aut
1013 3409 1214 3500 diligentius
1264 3411 1439 3479 ubernaret.

189 3503 349 3588 llepotem
367 3500 482 3586 itaque
496 3499 667 3588 praefecit,
684 3499 785 3586 eique
799 3499 967 3600 plurimos
986 3513 1196 3588 praestantes
1212 3434 1370 3589 aaijungit
1387 3513 1441 3562 mo·

191 3588 338 3670 naehoS,
373 3600 410 3657 ut
434 3587 582 3657 velutin
609 3610 645 3658 re
669 3588 830 3668 militari,
861 3600 893 3657 et
925 3592 1167 3676 Imperatorem
1199 3588 1384 3664 exercitus,
1418 3589 1442 3646 el
1472 3669 1473 3672 Ἴ

187 3679 373 3746 exercitum
411 3681 601 3767 Imperator
625 3676 699 3765 pari
728 3676 891 3745 virtutum
927 3675 1024 3746 cultu
1051 3689 1084 3746 et
1107 3676 1281 3746 voluntate
1310 3675 1438 3745 baberet¹
1472 3693 1473 3746 ᾗ

189 3767 260 3834 IIoc
277 3767 392 3852 itaque
410 3786 537 3836 munus
561 3768 608 3836 ita
631 3764 790 3835 Nicolaus
816 3763 1084 3846 administravit,
1111 3778 1150 3834 ut
1171 3765 1368 3856 dignitatem
1386 3779 1440 3826 mo·

192 3855 331 3923 nasterii
348 3855 587 3943 gubernatoris
611 3853 817 3943 praestantia
843 3851 942 3922 lacile
971 3866 1158 3942 superaret.
1191 3858 1230 3924 In
1255 3872 1359 3940 eoque
1382 3865 1440 4003 gor·

191 3941 287 4022 stitit,
311 3942 422 4029 quoad
444 3943 517 4031 ipse
533 3941 752 4012 visendorum
775 3963 949 4012 sacrorum
974 3942 1126 4012 locorum
1152 3943 1261 4032 gratIa
1286 3943 1319 4009 in
1344 3943 1439 4007 Pace·

192 4030 318 4100 stinam
336 4043 387 4099 est
410 4031 593 4120 profectus.
620 4029 715 4114 Quod
738 4032 801 4100 iter
830 4027 1023 4121 paulopost
1042 4031 1209 4120 plusculis
1239 4031 1436 4118 attingemus
1471 4071 1472 4116 ,

193 4119 255 4186 Sed
283 4141 337 4188 me
356 4120 428 4208 jam
448 4120 544 4188 video
565 4117 607 4188 de
632 4121 838 4189 narrationIs
853 4119 975 4189 semita
992 4119 1195 4189 declinasse.
1221 4119 1318 4188 Prius
1339 4113 1435 4185 enlm.
1471 4125 1472 4219 l

191 4226 295 4291 qttam
323 4207 366 4274 de
392 4208 597 4278 monasterio
613 4207 775 4290 dicerem,
801 4220 874 4277 erat
896 4207 939 4275 de
960 4221 1139 4297 parentum
1165 4208 1315 4288 interitu,
1332 4215 1362 4272 et
1377 4201 1437 4268 liae·

194 4291 347 4362 reditatis
371 4294 614 4365 distributione
637 4295 835 4366 dicendum.
862 4301 970 4378 Quem
996 4296 1109 4365 locum
1136 4317 1230 4366 nunc
1259 4293 1372 4384 paucis
1391 4285 1437 4354 ab·

194 4379 380 4450 solvamus.
418 4386 576 4454 Parentes
609 4383 687 4472 ejus
721 4385 757 4452 iu
791 4383 887 4454 IIIIus
922 4384 1133 4474 pestilentiae
1164 4385 1335 4463 vastitate,
1365 4391 1435 4464 quae
