2960 4824
498 536 621 613 VITA
647 535 836 614 BREVIS
909 567 910 572 ¹

150 779 191 880 S.
228 776 441 878 saltant
479 778 626 880 Pllllll
662 779 823 884 EPlSC.
858 778 1178 882 lUllllNllNSlS

306 1041 364 1089 ran
387 1043 414 1090 S·
441 1041 623 1090 Gnasontttsl
647 1042 696 1088 ΕΡ.
723 1040 796 1088 TUE·
824 1039 1026 1087 conscnlm.

82 1146 253 1194 EAEETUE
279 1146 359 1194 CAP.
385 1148 469 1204 XXX,
496 1146 626 1195 neclan
651 1146 752 1195 Lllllll
778 1145 984 1194 fltsrontatt
1008 1143 1247 1193 FEANCOEUH.

485 1346 622 1401 Floruit
642 1345 760 1401 seculo
780 1343 843 1400 111.

71 1571 87 1656 ἓ
107 1575 145 1642 1.
174 1575 221 1640 [le
241 1570 421 1662 Episcopis
444 1572 635 1654 Turoniois‚
655 1573 734 1643 licet
759 1573 793 1642 in
815 1570 1052 1663 superioribus
1076 1569 1176 1640 libris
1196 1591 1301 1658 quae·

35 1655 103 1726 dam
119 1660 308 1762 scripsisse
325 1661 417 1732 visus
433 1683 524 1742 sum,
552 1673 664 1731 tamen
691 1673 830 1753 propter
845 1659 1096 1729 ordinationem
1112 1672 1299 1740 eorum,·el

37 1761 323 1837 supputationem,
342 1769 411 1836 quo
432 1763 583 1841 tempore
633 1751 760 1821 rimum
789 1748 1002 1840 praedicator
1026 1747 1068 1816 ad
1093 1749 1299 1818 Turonicam

37 1838 167 1907 accessit
190 1839 329 1918 urbem,
349 1839 559 1930 reciprocare
585 1773 725 1928 plicuit.
755 1839 893 1908 Primus
920 1837 1085 1907 Gatianus
1115 1837 1300 1926 episcopus

38 1943 116 1994 anno
132 1927 264 2017 lmperi
279 1927 370 1996 Decii
396 1929 518 2016 primo,
538 1949 558 1998 a
573 1933 748 1998 Romanae
765 1927 861 1998 Sedis
877 1931 969 2016 Papa
990 1926 1214 1994 transmissus
1231 1936 1299 1994 est:

38 2013 151 2102 inqua
175 2015 267 2086 urbe
291 2015 476 2086 multitudo
502 2039 715 2108 paganorum
743 2015 947 2086 idololatriis
971 2014 1085 2083 dedita
1110 2035 1300 2083 commora-

38 2099 147 2172 batur:
173 2104 219 2175 de
244 2104 374 2190 quibus
400 2106 586 2176 nonnullos
611 2105 864 2195 praedicatione
889 2127 951 2174 sua
975 2103 1126 2173 converti
1154 2101 1233 2170 lecit
1257 2101 1299 2170 ad

40 2192 310 2263 semiramem
336 2193 510 2264 interdum
536 2195 694 2265 oculebat
714 2217 761 2276 se,
788 2194 832 2265 ob
857 2192 1155 2284 impugnationem
1183 2202 1302 2280 poten-

39 2289 110 2361 tum,
127 2303 168 2352 eo
187 2281 285 2370 quod
306 2283 535 2372 saepiusenm
555 2283 695 2373 injuriis
710 2297 743 2354 et
758 2281 979 2354 contumeliis
996 2303 1076 2352 cum
1096 2279 1298 2370 reperirent,

40 2367 242 2467 allecissent3
270 2393 310 2440 ao
335 2393 395 2460 per
410 2385 531 2463 crypta
555 2372 760 2454 ellatinum,
784 2393 863 2442 cum
884 2371 1006 2462 paucis
1030 2369 1245 2448 Christianis,
1265 2381 1303 2436 ut

40 2453 202 2542 diximus,
234 2481 295 2550 per
323 2459 484 2531 eumdem
521 2462 713 2542 conversis,
741 2461 943 2552 mysterium
973 2458 1201 2531 solemnitatis
1234 2457 1301 2524 diei

43 2547 228 2619 dominicae
250 2549 412 2619 clanculo
427 2549 633 2621 celebrabat.

74 2635 156 2720 §2
176 2643 260 2708 Erat
288 2649 403 2707 autem
437 2638 535 2709 valde
562 2637 770 2731 religiosus,
800 2651 839 2708 et·
863 2638 988 2708 timens
1015 2642 1140 2714 Deum,
1168 2646 1206 2705 ut
1236 2634 1301 2702 nisi

40 2718 144 2794 luisset
168 2726 263 2808 talis,
290 2745 358 2796 non
384 2727 503 2815 utique
517 2727 650 2810 domos,
675 2741 832 2820 parentes
853 2739 885 2798 et
906 2726 1051 2818 patriam
1070 2725 1114 2794 oh
1130 2723 1300 2793 Dominici

39 2814 151 2883 amoris
174 2814 240 2885 dili
289 2816 394 2884 utiam
421 2817 626 2906 reliquisset.
646 2821 684 2886 In
704 2817 768 2886 hac
793 2815 889 2898 urbe,
912 2816 978 2886 sub
1004 2813 1063 2884 lali
1087 2813 1297 2892 conditione,

41 2897 152 2986 plures,
177 2917 219 2976 ut
248 2915 362 2984 erunt,
382 2925 491 2976 annos
515 2917 761 2986 commoratus,
788 2904 873 2976 obiit
897 2905 931 2974 in
957 2923 1061 2994 poce:
1088 2915 1120 2973 et
1144 2900 1301 3003 sepultus
1408 2953 1413 2963 .
1447 2953 1450 2962 .

39 3001 79 3056 ast
96 2991 128 3059 in
153 2993 268 3083 ipsius
284 2996 499 3076 coemeterio,
515 2995 606 3082 quod
623 3008 696 3064 erat
712 2995 998 3073 Christianorum,
1014 3003 1046 3061 et
1062 3003 1208 3062 cessant
1223 2991 1300 3080 Epi·

40 3093 184 3167 scopatus
211 3081 483 3172 trigintascptem
509 3083 612 3153 annis
636 3083 664 3152 *.

61 3169 150 3262 ill.
177 3170 372 3252 Secundus,
399 3191 491 3241 anno
519 3173 658 3262 Imperii
684 3172 877 3242 Constantis
903 3171 1027 3260 primo,
1055 3169 1217 3238 Litlorius
1246 3189 1301 3236 or-

41 3250 163 3328 dinatur
180 3260 385 3351 Episcopus.
413 3262 489 3330 Fuit
503 3272 617 3331 autem
638 3282 678 3331 ex
701 3261 837 3331 civibus
860 3258 1052 3338 Turonlcis,
1071 3269 1102 3326 et
1124 3257 1179 3325 hic
1205 3255 1302 3324 valde

43 3341 220 3436 religiosus.
247 3349 311 3418 Hic
335 3349 528 3420 aedificavit
542 3349 722 3420 ecclesiam
740 3351 889 3440 primam
907 3349 995 3418 intra
1015 3345 1136 3415 urbem
1154 3345 1300 3413 Turoni·

42 3449 115 3514 cam,
131 3457 211 3508 cum
227 3437 301 3526 jam
321 3437 421 3508 multi
446 3437 630 3509 Christiani
652 3450 778 3508 essent.
801 3437 985 3526 Primaque
1005 3435 1049 3506 ab
1072 3455 1112 3504 eo
1136 3455 1175 3502 ex
1200 3432 1302 3501 domo

43 3521 208 3616 enjusdam
228 3526 397 3596 sanatoris
411 3524 553 3598 basilica
571 3526 658 3597 lacta
674 3539 735 3597 est.
754 3527 865 3614 Hujus
882 3538 1046 3615 tempore,
1063 3535 1203 3594 sanctus
1217 3525 1302 3589 llar-

45 3617 120 3684 tmus
138 3615 171 3684 in
190 3615 312 3686 Galliis
330 3615 528 3704 praedicare
551 3637 694 3686 exorsus
718 3628 780 3686 est.
808 3613 900 3685 Sedit
920 3626 1033 3683 autem
1056 3612 1157 3682 annis
1182 3610 1302 3710 trigin-

47 3701 171 3774 tatribns
186 3717 222 3774 et
244 3704 330 3774 obiit
349 3703 383 3774 in
411 3724 505 3794 paee,
528 3705 754 3796 sepultusque
769 3718 820 3774 est
838 3705 871 3773 in
890 3702 1126 3793 suprascripta
1145 3699 1300 3782 basilica,

45 3803 116 3884 quae
137 3791 240 3863 hodie
264 3813 402 3880 quoque
420 3793 495 3880 eJ'us
519 3795 660 3863 nomine
679 3795 859 3863 vocitatur.
878 3792 1023 3872 Tertius,
1051 3799 1190 3859 sanctus
1217 3793 1303 3856 llar-

48 3885 134 3962 nnus,
156 3901 249 3953 anno
273 3903 365 3952 nono
382 3882 544 3962 Valentis,
577 3883 768 3973 Episcopus
791 3881 867 3950 init.
891 3881 953 3950 llic
974 3877 1150 3950 transtulit
1177 3897 1303 3966 corpus

49 3959 120 4056 laeti
142 3971 300 4041 datiani:
327 3969 551 4061 sepelivitque
570 3971 685 4062 ipsum
702 3972 799 4061 juxta
821 3969 1018 4060 sepulcrum
1038 3968 1146 4039 sancti
1172 3965 1303 4035 Littorii

52 4071 77 4118 n
93 4055 144 4127 illa
170 4060 322 4130 nominis
342 4060 399 4132 sui
423 4059 575 4150 praelata
600 4059 755 4132 basilica.

52 4215 142 4314 “glast
152 4232 207 4264 vero
221 4233 308 4274 corpus
323 4233 378 4264 oum
393 4221 447 4264 alil·
461 4225 600 4266 sanctornm
616 4222 731 4274 Rollqnila
751 4232 766 4263 ι
776 4221 921 4263 Οιιὶιιίιιιιιιιι
930 4221 1063 4267 asaroticis.
1073 4231 1134 4260 anno
1145 4218 1202 4264 laos.
1211 4221 1304 4261 enmbn-
