2946 4798
263 305 328 369 500
530 320 569 366 nx
594 319 640 368 ss.
666 314 832 366 rnnonoao
856 318 894 364 nr
918 316 1106 365 rusoruattx
1129 317 1185 364 ux.
1326 293 1400 359 bnt.
1422 295 1447 356 ι’.

220 412 253 476 Is
273 419 388 476 autem
405 404 514 474 dixit:
541 426 559 470 ιι
581 407 619 472 In
643 401 893 492 componendis
921 401 1078 471 versibus
1099 413 1167 472 tam
1190 409 1338 469 accurate
1358 419 1449 466 sumus

220 493 466 574 exercuerint
493 492 575 563 satis
607 493 652 562 sit
681 492 725 562 ad
750 514 808 563 eos
832 490 1079 560 irridendos.»
1108 495 1147 560 Et
1169 489 1243 558 ideo
1264 485 1390 574 quidam
1409 507 1449 570 qn

220 583 348 664 aderat,
368 581 412 652 ad
428 581 575 673 gratiam
593 579 752 668 loquens,
774 581 806 650 ei
822 579 928 650 dixit:
945 603 964 646 ιι
981 584 1028 652 lle
1047 577 1146 680 digni
1166 576 1301 667 quidem
1320 589 1388 648 sunt
1400 575 1447 642 isti.

220 696 241 744 o
268 672 421 754 bomine,
454 681 493 742 ut
516 670 586 741 sint
608 669 725 740 lambi
750 669 953 761 pulcriores.
986 691 1004 736 ιι
1031 673 1146 739 Satius
1169 679 1222 738 est
1239 677 1363 746 eutem,
1383 663 1450 731 illos-

220 763 313 852 ipsos
337 762 395 840 ita,
421 769 460 830 ut
475 781 512 830 se
528 758 715 842 habebant,
738 758 890 830 inserere
914 757 1118 830 narrationi.

495 901 621 964 Cunctis
642 901 679 965 ad
702 899 810 965 urbem
833 902 919 964 edire
945 917 1014 964 eam
1035 899 1221 976 volentibus,

496 981 614 1044 Stetere
636 981 689 1044 ubi
711 981 797 1043 verbi
818 981 873 1044 liei
894 983 968 1043 casti
991 979 1101 1060 pedes,

495 1061 662 1124 Terrarum
684 1070 719 1124 ut
740 1061 821 1124 orbis
843 1077 898 1140 per
921 1061 950 1122 id
973 1068 1064 1140 queat
1078 1061 1259 1134 consistere,

497 1141 715 1219 Apparuemut
736 1143 785 1203 isti
808 1140 986 1204 honorando
1007 1141 1040 1202 in
1064 1140 1142 1210 loco,

497 1221 617 1283 Erroris
639 1221 727 1300 impii
749 1219 826 1284 mala
848 1237 917 1284 vasa
938 1227 969 1284 et
990 1219 1130 1296 reproba.

496 1299 575 1363 Cum
597 1299 694 1364 multa
715 1301 858 1364 fecissent
881 1299 923 1362 ibi
945 1300 1113 1379 perturpia,

498 1377 680 1459 Graviaque,
702 1379 781 1460 quod
802 1377 921 1441 deesset
942 1381 986 1441 eis
1007 1385 1088 1440 reeta
1112 1378 1197 1452 fides,

498 1458 584 1522 illinc
606 1459 703 1522 abacti
727 1465 801 1521 sunt
821 1460 901 1520 sicut
921 1463 1092 1538 apostatae:

495 1537 710 1616 confugientes
730 1546 833 1602 autem
855 1539 891 1602 ad
915 1539 1025 1602 urbem
1047 1537 1182 1618 imperii,

494 1617 661 1682 Stultitiam
685 1617 763 1680 baud
785 1619 982 1697 reliquerunt
1004 1617 1165 1679 nefariam.

494 1697 593 1770 Quare
614 1699 710 1760 notati
733 1703 764 1759 et
785 1698 921 1774 inscripti
944 1704 977 1758 ut
997 1695 1140 1770 malefici,

497 1777 690 1840 Damuautur
711 1779 944 1856 exigunturque
964 1775 1096 1854 improbi
1119 1777 1245 1838 iterum.

264 1915 375 2000 518.
399 1933 417 1978 ιι
442 1910 502 1982 His
520 1910 633 1992 lectis,
656 1910 763 2000 jussit
784 1933 846 1982 nos
870 1909 997 1980 abduci
1026 1911 1062 1978 in
1094 1909 1326 1999 praetorium;
1350 1917 1377 1975 et
1390 1914 1446 2022 pai·

220 2022 325 2090 quam
337 2001 467 2092 egressi
479 2021 646 2082 essemus,
665 2009 698 2069 et
712 1999 755 2068 ad
769 2021 857 2080 eam,
876 2020 965 2087 quae
981 1999 1109 2070 dicitur
1127 1999 1377 2068 Thermastram
1411 2009 1446 2074 pt

222 2091 448 2170 venissemus
476 2089 643 2159 accedens
666 2088 822 2177 quidam,
841 2087 943 2176 jussit
964 2109 1027 2158 nos
1052 2089 1186 2170 reverti,
1213 2099 1247 2156 et
1273 2107 1350 2158 cum
1370 2097 1436 2166 negt

222 2177 393 2250 celeritate
410 2177 499 2248 sistit
519 2199 581 2246 nos
599 2188 678 2248 ante
701 2182 960 2266 imperatorem.
988 2177 1052 2259 Qui
1077 2199 1158 2246 curn
1183 2197 1248 2246 nos
1274 2175 1407 2246 vidisset,
1423 2187 1446 2230 ι’

224 2267 356 2354 iuquit:
383 2265 611 2336 «Verisimile
628 2278 690 2348 est,
711 2287 781 2348 vos,
804 2287 885 2336 cum
905 2265 1127 2344 recesseritis,
1151 2287 1229 2334 esse
1253 2265 1403 2336 dicturos,
1416 2259 1447 2322 ln·

224 2367 415 2446 peratorem
437 2353 632 2446 illusimus.
655 2353 719 2424 Sed
736 2377 799 2446 ego
814 2377 894 2425 cum
912 2376 971 2425 vos
992 2355 1089 2444 prius
1105 2353 1263 2436 illusere,
1283 2351 1447 2422 dimittam·

142 2463 147 2472 ·
224 2449 306 2516 Cum
326 2445 375 2514 sic
390 2443 532 2514 dixisset
549 2443 657 2534 jussit
671 2466 733 2513 nos
753 2444 844 2514 exui.
864 2446 948 2513 Cum
966 2443 1070 2513 ambo
1086 2454 1201 2513 autem
1220 2443 1316 2514 exuti
1332 2449 1442 2534 essent-³

223 2533 428 2604 verberabar
451 2554 526 2622 ego,
545 2533 595 2602 sic
619 2532 759 2602 assidue
778 2531 949 2603 clamante
968 2536 1188 2620 Imperatore,
1210 2545 1246 2601 et
1270 2553 1328 2602 eos
1349 2549 1395 2616 qu
1410 2520 1448 2587 lt·

223 2622 398 2712 gellabant
420 2621 624 2711 adjuvante:
653 2620 748 2691 «Sic
774 2634 804 2691 te
828 2621 863 2690 in
885 2642 940 2692 me
957 2621 1074 2710 geris?
1092 2620 1137 2690 da
1174 2619 1285 2692 ulcre.
1303 2644 1320 2686 ι
1336 2613 1449 2710 ferben-

222 2713 324 2782 batur
340 2710 455 2798 itaque
471 2723 503 2780 et
523 2721 670 2801 tergum,
697 2722 729 2780 et
747 2721 865 2800 pectus
882 2708 1013 2797 absque
1037 2709 1110 2780 ulla
1132 2641 1320 2780 clementia
1340 2719 1368 2776 et
1387 2715 1450 2800 utiq

226 2800 386 2870 ricordia.
406 2805 475 2888 Ego
499 2821 577 2870 vero
601 2821 683 2869 cum
699 2798 761 2868 diu
785 2799 904 2890 flagris
928 2798 1100 2882 caederer,
1123 2797 1352 2869 vociferabar:
1368 2785 1450 2858 ιιιιιι·

225 2888 444 2978 peccavimus
461 2889 496 2956 in
516 2901 614 2958 tuum
636 2887 836 2988 imperium.
861 2911 878 2954 ι
897 2891 936 2956 Ει
951 2909 1094 2957 rursus:
1114 2911 1131 2954 ι
1150 2889 1307 2969 bomine,
1327 2884 1450 2974 misereri?

223 2988 257 3045 et
285 2987 403 3046 sancta
427 2977 594 3065 Deipara,
621 2997 699 3046 veni
723 2975 764 3046 ad
791 2989 948 3046 nostrum
981 2975 1163 3046 auxilium.
1195 2999 1214 3042 ι
1242 2974 1364 3046 Deinde
1388 2979 1449 3037 ιιιιῑ·

223 3063 450 3135 verberarunt
472 3064 611 3136 fratrem
629 3064 790 3135 similiter
813 3064 1022 3148 clamantem
1053 3075 1087 3135 et
1113 3065 1308 3135 dicentem:
1334 3063 1450 3130 «sanci

224 3153 380 3244 Deipara,
401 3153 477 3312 ispsa
492 3176 630 3242 quoque
654 3153 774 3244 fugisti
799 3154 834 3222 in
858 3158 1061 3244 Aegyptum,
1082 3167 1224 3244 portans
1250 3168 1346 3224 tuum
1367 3145 1451 3240 filiun·

225 3242 405 3334 Respicea
447 3265 513 3326 me,
539 3244 599 3331 qui
617 3256 756 3333 propter
778 3241 927 3313 similem
955 3243 1017 3312 tibi
1042 3243 1161 3335 fugam
1186 3243 1445 3334 puniceosque

225 3333 377 3414 Domine,
395 3331 456 3419 qui
481 3332 607 3404 liberas
625 3353 813 3422 pauperem
831 3353 851 3400 a
867 3353 975 3401 mauu
991 3331 1067 3422 ejus
1087 3331 1249 3420 quisunt
1272 3351 1311 3402 eo
1330 3327 1446 3397 fortiore

224 3443 266 3491 ue
290 3421 352 3492 din
372 3419 511 3490 differas
537 3433 633 3492 tuum
660 3422 761 3492 uobis
785 3419 867 3490 dare
892 3420 1075 3490 auxilium.
1104 3424 1182 3489 »nt
1198 3443 1280 3491 cum
1306 3418 1352 3488 sic
1371 3407 1452 3482 ambo

224 3509 432 3582 concidisset
446 3522 616 3597 quantum
635 3509 780 3590 volebat,
798 3508 904 3597 jussit
921 3530 984 3580 nos
998 3509 1101 3582 exire.
1129 3507 1224 3581 llius
1240 3519 1351 3580 autent
1371 3507 1452 3571 rursui

225 3620 397 3688 egressus,
416 3597 460 3668 ad
478 3621 541 3668 nos
557 3599 720 3682 accurrit,
744 3598 872 3686 jubens
899 3599 1033 3668 reverti.

271 3689 376 3775 §lib
395 3711 413 3754 ιι
432 3687 578 3772 Quidam
601 3709 679 3758 vero
697 3689 825 3758 missus
840 3685 882 3756 ab
896 3691 1117 3778 Imperatore,
1140 3686 1271 3777 rogavit
1289 3665 1439 3780 quantem,l

225 3799 333 3848 causa
355 3790 463 3848 morte
480 3775 601 3848 Leonis
618 3776 733 3847 laetati
749 3776 843 3858 estis,
862 3787 894 3844 et
909 3799 984 3857 eur,
996 3797 1076 3848 cum
1094 3773 1138 3846 ad
1155 3797 1234 3846 eum
1253 3773 1447 3844 accessisset&

224 3886 290 3936 non
310 3865 459 3957 amplexi
475 3867 556 3936 estis
569 3865 739 3946 eamdem,
758 3886 864 3952 quam
879 3863 948 3946 ille,
962 3865 1087 3935 fidem?
1100 3863 1147 3934 td
1162 3865 1245 3934 haec
1258 3885 1334 3934 nos:
1346 3883 1361 3924 ι
1374 3859 1448 3932 ,sequ

227 3968 333 4026 morte
350 3955 471 4024 Leonis
486 3953 600 4025 laetati
614 3977 749 4036 sumus,
760 3952 819 4024 sed
837 3975 947 4041 neque
964 3953 1137 4044 adipsum
1156 3952 1448 4026 accessimusneu

226 4043 329 4114 fidem
350 4055 488 4133 propter
518 4065 587 4125 vos,
614 4044 769 4130 quicum
786 4055 938 4132 tempore
960 4043 1157 4124 mutamini,
1184 4042 1322 4113 omnino
1343 4027 1446 4131 abolen-

225 4147 285 4203 eut
311 4133 414 4202 etiam
439 4133 603 4202 innovare
630 4131 856 4204 sustinemus.
888 4155 906 4198 »
937 4135 1021 4202 Cum
1046 4133 1076 4200 is
1100 4143 1214 4202 autem
1235 4123 1444 4229 subjunxisset

226 4242 243 4285 <t
262 4226 334 4291 Non
351 4221 492 4292 venistis
507 4221 698 4312 imperante
714 4223 845 4290 Leone?
862 4243 880 4288 ι
898 4243 972 4287 -ιι
989 4225 1226 4311 Nequaquam,
1243 4217 1395 4288 diximus:
1408 4191 1444 4268 sel

225 4328 265 4375 eo
287 4309 479 4398 imperante
503 4310 562 4398 qui
594 4323 625 4379 te
657 4311 852 4400 praecessit.
882 4333 901 4378 ιι
929 4307 994 4380 Ille
1018 4331 1116 4382 vero:
1144 4332 1163 4376 ιι
1193 4313 1307 4385 ιιιιιι,
1332 4307 1444 4370 recte*

250 4431 263 4458 a
277 4432 347 4476 Forte
357 4435 527 4486 asponensium
538 4437 579 4479 aut
588 4437 686 4480 termae.
