2946 4798
233 307 296 372 tto
546 323 584 370 nr
609 323 637 370 s.
663 323 783 370 somne
807 324 858 370 av.
885 321 922 370 ar
946 321 1098 370 rvtncrt.
1305 255 1381 366 llllss.
1403 301 1433 364 et

187 413 293 478 lleam
312 429 462 477 reverere
477 407 651 490 canitiem,
671 431 710 478 ac
727 407 822 478 floris
835 407 957 478 aetatis
974 419 1052 478 tuae
1069 407 1250 475 miserere:
1267 404 1373 474 adbuc
1388 405 1435 472 tibi

188 519 266 587 spes
290 497 377 566 vitae
402 495 620 583 relinquitur,
647 519 709 586 ego
731 519 791 587 pro
817 510 847 567 te
872 499 1038 566 rationem
1058 495 1223 564 reddam:
1251 494 1391 563 consiste
1410 494 1435 560 in

188 585 274 666 loco,
298 585 365 654 lili:
393 585 547 656 Christus
572 607 625 654 me
654 586 747 655 misit
766 585 808 656 ad
834 598 918 655 te.»
946 589 1035 655 llaec
1059 605 1138 654 cum
1164 581 1325 652 audisset
1346 581 1441 658 adole:

187 695 297 754 scens
320 675 469 764 primum
483 672 622 761 quidem
636 675 800 757 constitit,
823 689 931 744 terrae
948 673 1180 764 pavimentum
1194 672 1340 740 intentis
1350 669 1436 738 oculis

186 764 335 842 intuens,
365 783 444 850 prae
470 761 599 853 pudore
623 762 741 835 oculos
767 785 833 833 non
854 777 973 853 potens
998 785 1137 833 sursum
1154 760 1303 851 erigere.
1321 758 1435 830 Deinde.

187 852 347 942 projectis
364 853 397 920 in
418 864 540 921 terram
567 852 686 930 armis,
715 852 904 924 miserabili
928 852 1077 939 quodam
1102 849 1204 919 modo
1230 871 1314 919 cum
1341 867 1438 936 magno

186 940 302 1010 dolore
325 939 485 1028 ejulatur,
505 963 544 1010 ac
562 941 752 1011 venientem
773 941 988 1032 amplexatur
1003 961 1132 1018 senem,
1153 951 1300 1029 propter
1315 939 1436 1028 gemitus

185 1029 326 1116 quidem
351 1027 516 1109 efficiens,
534 1051 576 1098 ne
594 1030 730 1100 lletibus
747 1030 876 1121 diguus
891 1043 999 1108 esset;
1021 1043 1159 1119 propter
1179 1026 1359 1118 lacrymas
1372 1046 1433 1093 vero.

185 1139 228 1188 ne
247 1116 298 1186 vel
317 1115 495 1198 lamentis;
522 1118 631 1188 solam
646 1118 795 1189 occultat
807 1119 999 1190 dexteram:
1017 1117 1196 1187 verebatur
1212 1119 1310 1185 enirn
1329 1127 1360 1184 et
1373 1115 1435 1182 hauc

187 1206 254 1362 ipsi
280 1207 464 1297 porrigere,
483 1228 586 1294 quam
607 1220 652 1278 tot
669 1207 857 1278 sceleribus
873 1231 912 1276 ac
930 1206 1120 1276 latrociniis
1136 1203 1348 1274 foedaverat.
1362 1209 1440 1271 Porro

126 1353 128 1358 .
186 1295 244 1364 ile
269 1295 374 1364 veluti
399 1308 494 1396 pater
518 1297 708 1366 vehementi
734 1317 851 1366 amore
878 1296 1067 1368 visceribus
1096 1295 1292 1376 sauciatus,
1321 1289 1442 1384 spondet

185 1383 333 1463 veniam,
361 1385 618 1455 misericordem
644 1385 827 1475 pollicetur
836 1385 1003 1475 Judicem,
1022 1396 1055 1453 et
1069 1381 1295 1473 apprehensa
1312 1381 1438 1451 dextera.

183 1471 414 1554 deosculatur,
432 1473 523 1544 etad
548 1473 729 1544 ecclesiam
755 1473 888 1545 reducit
904 1473 1168 1544 adolescentem.
1197 1471 1333 1543 Deinde
1355 1469 1441 1538 ebun-

185 1560 281 1660 dapti
299 1573 399 1631 utens
413 1562 578 1646 oratione,
599 1575 791 1652 perseveret
811 1563 956 1655 jejuniis
979 1562 1151 1642 annitens
1178 1573 1212 1630 et
1233 1559 1441 1630 adolescentis

184 1670 337 1749 ammam
363 1651 465 1721 variis
486 1673 685 1722 sermonum
711 1651 893 1722 cantilenis
917 1649 1010 1721 velut
1032 1650 1221 1742 unguentis
1246 1647 1441 1737 quibusdam

184 1736 366 1819 deliniens,
394 1741 579 1898 nonprius
595 1739 772 1822 abscessit,
791 1763 896 1828 quam
911 1741 1004 1811 bunc
1018 1740 1124 1829 priori
1140 1739 1293 1809 sanitate
1308 1737 1437 1808 donaret.

184 1847 351 1916 magnum
372 1829 462 1916 quod
491 1851 547 1899 am
572 1829 660 1899 vitae
686 1829 884 1917 relinquens
907 1829 1106 1920 exemplum
1126 1827 1169 1897 ad
1196 1826 1438 1917 poenitentiam.

183 1919 222 1985 Et
237 1914 302 1986 hoc
319 1917 459 2004 quidem
485 1917 551 1988 tale
567 1931 629 2000 est,
655 1929 688 1988 et
711 1917 796 1988 adeo
821 1918 980 2009 dignum,
998 1917 1089 2006 quod
1117 1938 1184 1985 non
1206 1915 1409 1986 occultetur.

229 2007 246 2092 ξ
271 2009 345 2076 18.
365 2011 468 2077 Porro
493 2005 579 2077 illud
600 2006 702 2097 longe
722 2008 835 2165 map'us
858 2019 921 2087 est,
948 2007 1119 2097 longeque
1143 2005 1259 2094 magis
1285 2005 1439 2074 admirar-

183 2091 291 2174 dum,
318 2106 413 2164 etex
437 2094 555 2164 eadem
589 2096 739 2185 benigna
766 2095 825 2165 ila
853 2096 970 2165 anima
995 2093 1276 2184 compassionem
1303 2091 1438 2163 simulet

183 2182 371 2270 potentiam
389 2182 585 2254 osteudens.
609 2185 739 2254 Dicitur
757 2185 850 2255 enim
868 2183 1011 2270 quidam
1027 2181 1138 2254 fidelis
1154 2205 1193 2252 eo
1215 2196 1382 2273 tempore,
1397 2199 1438 2264 qut

183 2271 281 2358 prius
303 2271 387 2340 vitae
413 2273 606 2344 necessaria
631 2272 841 2344 sufficienter
860 2273 1052 2364 habuerat,
1079 2292 1143 2341 nec
1173 2270 1297 2360 aliqua
1323 2287 1462 2389 pressusp

183 2356 513 2460 lueratindigentla‚
533 2361 575 2430 ad
601 2374 785 2432 extremam
804 2362 956 2520 inopiam
980 2360 1200 2452 postmodum
1219 2361 1393 2438 recidisse,
1415 2367 1438 2422 ut

182 2458 215 2516 et
232 2447 425 2518 debitorum
444 2449 665 2520 multitudine
683 2451 856 2521 circumve
875 2451 1015 2532 laretur,
1037 2461 1071 2520 et
1094 2450 1294 2520 innumeris
1310 2448 1437 2518 loenen-

183 2536 315 2608 toribus
332 2551 514 2626 suspectus
537 2553 637 2620 esset,
657 2560 696 2608 ac
725 2540 815 2609 velut
838 2539 910 2610 lere
932 2537 1102 2627 quaedam
1127 2559 1146 2606 a
1171 2549 1270 2629 tergo
1296 2535 1436 2627 sagaciter
1460 2599 1461 2620 ἶ

182 2625 445 2716 investigaretur
459 2627 503 2696 ab
521 2626 589 2697 illis
606 2639 639 2698 et
654 2628 896 2716 inquireretur,
916 2651 956 2698 ac
973 2627 1009 2697 in
1031 2629 1184 2718 ipsarum
1201 2648 1322 2697 rerum
1345 2643 1436 2692 neces·

182 2715 351 2784 seriarum
377 2715 529 2806 inopiam
557 2730 748 2806 vagaretur.
772 2723 809 2786 tt
825 2718 918 2787 enim
938 2737 1018 2786 cum
1039 2715 1183 2806 pudore,
1201 2737 1310 2802 quem
1326 2715 1369 2784 ob
1385 2710 1435 2778 loe·

183 2814 378 2872 neratorum
404 2805 598 2876 exactiones
623 2807 747 2876 misere
771 2807 973 2886 sustinebat,
988 2805 1063 2894 jam
1087 2804 1189 2874 etiam
1216 2803 1433 2874 necessitatem

182 2911 224 2989 ex
248 2890 439 2980 indigentie
460 2914 527 2962 non
557 2893 669 2965 serens
699 2895 813 2974 homo,
847 2895 889 2964 ad
915 2906 1057 2963 mortem
1084 2892 1232 2963 decrevit
1256 2891 1363 2963 conlu
1397 2907 1433 2986 'rc

182 2978 285 3066 idque
303 2982 503 3062 conabatur,
531 2997 569 3053 ut
593 2981 676 3052 baec
696 2985 903 3074 quantocius
927 2983 969 3052 ad
996 3003 1032 3053 se
1056 2982 1195 3062 veniret,
1218 2981 1248 3050 si
1276 2981 1359 3050 lorte
1385 2993 1434 3045 nm

181 3081 216 3168 et
232 3081 429 3158 egestatem,
449 3084 481 3140 et
498 3069 691 3141 debitorum
710 3071 968 3143 multitudinem
984 3070 1196 3141 dissolveret.
1213 3075 1353 3149 Verum,
1370 3083 1434 3162 qut·

182 3177 276 3256 nram
302 3155 385 3226 haec
411 3158 500 3230 ultro
519 3181 586 3229 non
606 3159 772 3242 veniebat,
799 3159 1081 3250 compendiosam
1109 3159 1197 3228 vium
1224 3157 1268 3227 ad
1290 3160 1375 3228 hanc
1396 3172 1434 3248 m·

183 3255 287 3326 vemt,
305 3258 337 3314 et
351 3267 454 3333 quem
475 3259 558 3318 tunc
577 3249 825 3338 peritissimum
843 3271 917 3320 esse
935 3247 1063 3320 sciebat
1078 3247 1308 3318 conficiendis
1321 3259 1434 3315 venenis
1458 3263 1459 3270 ¹

181 3355 221 3402 ec
240 3336 546 3425 praestigiatorem.
573 3337 671 3408 cultu
697 3338 895 3418 hebraeum,
917 3336 1009 3406 bunc
1033 3337 1188 3414 accessit,
1214 3335 1318 3422 eique
1335 3327 1433 3428 rercltl

182 3422 265 3509 quid
293 3423 325 3492 in
353 3424 469 3494 animo
495 3425 646 3506 heberet,
666 3449 705 3496 ac
726 3438 799 3496 orat
822 3447 915 3506 eum,
947 3438 984 3495 ut
1010 3425 1071 3513 qui
1100 3425 1207 3514 possit
1237 3425 1304 3496 sibi
1329 3417 1433 3493 aunlu
1458 3411 1459 3489 l

181 3533 256 3581 esse
281 3512 315 3580 in
341 3535 381 3582 eo
398 3513 488 3599 quod
518 3528 629 3584 mente
646 3527 860 3605 conceperat,
880 3529 913 3584 et
936 3535 1020 3584 suae
1038 3513 1157 3585 mortis
1174 3514 1250 3584 lieri
1271 3513 1428 3604 particeps
1457 3559 1458 3588 ,

184 3689 190 3700 ι
246 3623 289 3669 ue
314 3601 369 3670 hic
394 3601 573 3672 confestim
600 3605 781 3692 promptus
805 3603 980 3672 invenitur
1004 3603 1185 3683 minister,
1220 3623 1261 3672 ac
1288 3611 1430 3672 venenum

182 3687 232 3757 rlr
254 3689 367 3770 tradit,
391 3691 546 3777 vitaeque
567 3693 825 3763 subversionem
850 3692 1011 3763 consulit.
1043 3697 1146 3761 Porro
1176 3690 1283 3762 miser
1305 3689 1368 3766 ille,
1390 3701 1429 3750 at·
1457 3743 1458 3758 .

179 3789 278 3878 cepto
295 3799 435 3860 veneno,
455 3781 596 3849 domum
616 3780 714 3850 redit.
742 3785 824 3850 Cum
852 3781 955 3850 variis
980 3791 1094 3850 autem
1120 3779 1258 3849 luctans
1281 3772 1429 3868 cogitatio·
1457 3761 1458 3855 l

181 3867 297 3948 nibus
324 3868 488 3956 curisque
512 3868 712 3958 duplicibus
728 3869 864 3950 anxius,
884 3882 916 3939 et
941 3891 1034 3938 nunc
1057 3867 1197 3956 quidem
1217 3861 1427 3959 praesentum
1456 3879 1457 3882 ¹

180 3955 466 4026 delectationibus
490 3956 599 4046 hujus
625 3981 666 4026 ue
691 3959 777 4028 vitae
796 3958 1078 4048 concupiscentia
1094 3957 1252 4038 allectus,
1273 3963 1426 4027 nunctett

181 4043 432 4115 foeneratorum
461 3979 743 4126 multitudinem,
771 4046 927 4134 aliasque
950 4067 990 4116 ex
1015 4045 1207 4137 indigentia
1236 4041 1426 4137 procedente-5

182 4132 357 4204 molestias
393 4133 639 4216 considerans,
672 4135 807 4206 medius
840 4135 951 4206 stabat
985 4135 1073 4204 inter
1101 4147 1289 4204 extremam
1318 4120 1423 4201 constltt

181 4220 348 4310 inopiam.
368 4221 542 4310 Siquidem
569 4245 647 4292 cum
674 4222 717 4292 ad
742 4223 879 4293 dulcem
906 4224 996 4292 banc
1020 4224 1132 4294 lucem
1157 4221 1363 4314 respiciebat,
1385 4230 1424 4278 tt·
1455 4245 1456 4256 ²

182 4329 310 4378 nervum
341 4311 542 4400 respuebat:
569 4311 708 4398 quando
728 4333 807 4382 vero
827 4312 868 4382 ad
894 4313 1176 4382 circumstantem
1202 4312 1348 4399 undique
1366 4317 1423 4389 ege·

183 4405 315 4472 statem,
330 4398 515 4488 animoque
528 4399 736 4470 insidentem
749 4401 965 4483 anxietatem,
982 4423 1107 4472 ausum
1119 4399 1279 4472 sumebat
1291 4397 1422 4470 adverstu

1449 4625 1455 4794 l
