2946 4798
193 289 258 352 472
504 305 543 351 nc
566 305 595 352 s.
621 300 743 352 rosana
767 304 818 350 rr.
844 303 882 350 ar
904 301 1059 350 svmens.
1262 282 1340 348 DEC.
1363 285 1402 347 27

151 411 210 460 sus
239 389 365 470 icioni,
387 388 574 476 quamdam
600 388 702 458 etiam
729 388 872 475 requirit
905 386 1027 458 fidem:
1058 385 1198 456 cuidam
1224 383 1313 455 illius
1333 386 1404 454 cani

149 413 272 548 tradito
296 498 437 556 veneno,
459 475 552 546 hunc
572 477 730 568 protinus
745 475 924 546 interimit.

196 571 309 649 515.
337 564 514 636 Hebraeus
539 579 651 634 autem
678 564 794 634 nullas
817 564 970 654 amplius
999 563 1179 651 requirens
1209 563 1405 632 demonstra·

150 657 270 736 tiones,
290 655 449 744 abJ'urata
470 655 579 744 patria
597 667 700 736 secta,
727 654 768 723 ad
789 654 962 724 veritatem
980 651 1124 722 accedit.
1143 651 1252 738 quue
1268 651 1402 740 primum

150 744 235 815 tollit
258 765 421 824 errorem,
447 758 480 812 et
506 764 676 813 venenum
704 744 747 824 ei,
769 744 830 830 qui
863 741 931 812 alio
955 741 1057 810 modo
1082 762 1168 811 usus
1196 739 1317 821 fuerat,
1339 761 1403 808 vere

150 832 362 902 mortiferum
384 843 559 902 ostensum
586 844 637 902 est
662 831 787 920 prioris
812 830 979 907 veneficii,
1006 829 1118 919 ipsius
1142 829 1282 919 signum
1308 839 1402 897 muta-

148 921 250 991 tionis
268 920 442 990 idoneum.
470 920 606 990 Accedit
623 919 665 988 ad
684 921 806 990 Christi
823 919 1049 1008 discipulum,
1070 916 1193 987 ducem
1211 917 1397 988 errantium:

147 1011 249 1080 tubae
266 1009 437 1078 variarum
455 1010 599 1100 spiritus
614 1009 813 1098 linguarum
834 1009 958 1078 mentis
982 1018 1186 1095 conceptum
1204 1005 1398 1084 indicauer-

148 1097 222 1188 guil
243 1098 490 1187 insipientiam,
518 1097 672 1189 publicat
696 1119 839 1188 pravum
866 1096 952 1167 illud
979 1096 1196 1186 mysterium,
1224 1093 1401 1164 manifestet

147 1187 272 1274 prioris
291 1187 417 1256 erroris
434 1187 745 1258 insensibilitatem.
769 1192 871 1256 Porro
896 1185 954 1254 ille
970 1197 1002 1254 et
1019 1182 1237 1254 accedentem
1260 1182 1401 1271 suscipit.

148 1288 180 1344 et
197 1274 313 1344 laudat
329 1276 614 1364 resipiscentiam,
635 1277 820 1365 ipsumque
836 1272 1135 1345 adhortationibus
1153 1273 1267 1341 munit
1282 1295 1322 1341 ac
1337 1293 1405 1340 cou-

147 1363 245 1434 siliis.
276 1364 401 1432 Deinde
434 1377 466 1434 et
496 1365 701 1454 baptismate
727 1378 914 1454 regenerat,
940 1377 974 1432 et
998 1363 1239 1431 universorum
1274 1361 1404 1430 Domino

145 1451 318 1522 conciliat.
346 1458 468 1522 Verum
496 1475 605 1540 neque
629 1455 826 1522 communis
851 1452 972 1522 salutis
996 1451 1214 1541 dispensator
1237 1471 1331 1528 eum,
1355 1449 1406 1536 qui

147 1542 299 1611 Hebraeo
324 1541 435 1610 fuerat
458 1544 591 1612 occasio
617 1543 829 1621 mutationis
858 1542 902 1610 ita
930 1539 1018 1610 male
1042 1540 1223 1608 habentem
1251 1538 1405 1629 neglexit:

147 1629 204 1699 sed
231 1653 336 1700 causa
359 1630 507 1721 cognita,
527 1653 615 1718 quae
639 1632 753 1720 ipsum
779 1629 874 1700 adid
894 1628 1038 1718 periculi
1057 1627 1210 1708 duxerat,
1229 1639 1262 1696 et
1281 1639 1407 1716 propter

147 1741 251 1805 quam
272 1719 362 1790 ultro
378 1721 516 1810 propria
531 1741 668 1806 quoque
685 1719 753 1788 vita
775 1719 897 1787 misere
912 1717 1100 1807 privandus
1115 1730 1198 1796 erat,
1220 1729 1253 1784 et
1268 1719 1407 1805 paternis

149 1809 261 1897 ipsum
289 1809 412 1878 refovet
431 1808 624 1896 colloquiis,
651 1821 683 1878 et
703 1806 797 1876 illius
822 1808 988 1884 animam,
1015 1806 1187 1894 quaejam
1207 1805 1405 1882 conciderat,

146 1896 258 1986 erigit,
278 1919 317 1966 ae
344 1898 516 1966 tristitiam
541 1911 572 1967 et
596 1896 868 1986 desperationem
885 1895 1011 1981 abjicit.
1037 1894 1163 1963 Deinde
1187 1915 1289 1982 opere
1314 1895 1405 1962 etiam

147 1985 244 2055 affert
263 1985 543 2062 consolationem,
571 1985 852 2075 quandoquidem
878 1999 910 2054 et
934 1986 997 2053 hoo
1016 1997 1145 2073 poterat
1160 1981 1307 2052 efficere.
1328 1988 1407 2064 Quo·

149 2075 241 2143 niam
278 2075 369 2144 enim
405 2087 437 2144 et
469 2075 662 2144 debitorum
689 2073 912 2164 repetitione,
939 2085 971 2142 et
998 2094 1113 2142 rerum
1144 2073 1406 2141 necessariarum

146 2163 263 2253 inopia
279 2184 481 2253 oppressum
507 2163 605 2232 illum
630 2163 723 2244 vidit,
746 2176 778 2231 et
801 2163 845 2232 ob
871 2163 903 2230 id
930 2162 1042 2251 ipsam
1067 2161 1169 2230 vitam
1189 2161 1313 2230 misere
1329 2161 1406 2248 abji-

148 2252 306 2332 cientem,
333 2250 416 2339 quid
441 2251 546 2320 facit?
569 2257 674 2338 Atque
700 2251 779 2320 hinc
807 2251 891 2320 mihi
911 2250 1136 2331 considerate,
1165 2250 1295 2336 quibus
1319 2249 1407 2316 donis

150 2339 207 2409 ille
227 2339 363 2410 dotatus
388 2339 509 2408 fuerat.
529 2341 623 2422 Quod
649 2341 742 2409 enim
767 2353 866 2409 antea
889 2344 1020 2421 Petrus,
1043 2361 1122 2408 eum
1149 2338 1225 2427 ipso
1250 2337 1406 2427 templum

149 2430 369 2520 ingressurus
393 2429 434 2498 ad
457 2429 576 2498 horam
603 2430 809 2518 precationis
834 2449 972 2508 nonam,
998 2449 1068 2514 qua
1084 2432 1136 2512 (at
1159 2428 1273 2514 inquit
1297 2423 1407 2508 Lucas)

146 2539 232 2588 usus
256 2533 306 2588 est
331 2517 365 2587 in
390 2517 525 2599 claudo,
548 2518 607 2604 qui
632 2517 674 2587 ad
701 2519 895 2608 Speciosam
916 2516 1033 2606 templi
1061 2530 1192 2606 portam
1210 2515 1361 2592 sedebat,
1377 2535 1407 2582 ac

145 2605 398 2696 eleemosynam
426 2607 571 2695 petebat,
587 2607 725 2676 dicens:
747 2611 931 2696 Arpcnlum
955 2617 987 2674 ct
1010 2627 1133 2674 curum
1157 2615 1290 2674 nonest
1313 2605 1406 2672 mihi:

147 2697 235 2786 qaod
258 2709 371 2766 autem
389 2697 503 2776 haheo,
521 2696 579 2764 hoc
604 2697 667 2764 tibi
688 2696 728 2765 do
746 2697 833 2785 (Act.
852 2695 915 2782 ru),
940 2693 1043 2764 simul
1059 2706 1091 2763 et
1109 2692 1211 2783 pedes
1233 2694 1300 2782 ipsi
1316 2712 1406 2762 sanos

148 2783 311 2854 reddens:
339 2785 402 2852 hoc
427 2796 564 2874 sancet
588 2785 652 2854 iste
669 2785 724 2852 hic
739 2784 831 2852 facit.
851 2785 969 2853 Sciens
983 2783 1077 2852 enim
1099 2780 1183 2851 nihil
1201 2782 1268 2851 sibi
1284 2779 1406 2872 argenti

146 2893 220 2942 esse
246 2873 298 2941 vel
330 2873 425 2954 auri,
453 2871 595 2942 uthina
624 2873 719 2942 illius
746 2872 954 2962 indigentiae
986 2871 1221 2940 necessitatem
1249 2869 1407 2941 consolari

147 2975 271 3049 posset,
293 2960 430 3040 herbae,
448 2963 587 3051 quaein
606 2963 762 3050 proximo
776 2975 859 3042 erat,
879 2973 1047 3048 quantum
1066 2959 1236 3028 ambabus
1257 2959 1407 3029 manibus

146 3049 437 3138 comprehendere
453 3064 575 3139 posset,
593 3049 697 3137 jussit
714 3051 845 3120 homini
863 3051 1029 3138 accipere.
1049 3048 1110 3117 llle
1130 3070 1303 3118 varocum
1323 3049 1406 3138 igno·

147 3151 247 3218 reret,
266 3160 435 3225 quaenam
454 3153 542 3209 esset
556 3161 673 3221 causa,
696 3153 727 3208 et
746 3139 914 3226 quidnam
934 3140 997 3207 hac
1023 3159 1058 3206 re
1077 3138 1141 3206 sibi
1162 3136 1261 3206 vellet
1277 3141 1405 3226 Aposto-

145 3226 221 3308 lus,
249 3249 286 3295 ac
313 3227 474 3308 herbam,
496 3241 664 3314 quantum
692 3229 769 3298 totis
791 3227 952 3298 manibus
968 3226 1237 3314 assequebatur,
1264 3245 1406 3314 compre-

151 3315 336 3398 hendisset,
364 3317 448 3406 ipse,
475 3318 564 3386 facta
588 3317 765 3386 dumtaxat
789 3319 940 3386 oratione
960 3338 1000 3384 ac
1024 3315 1123 3404 signo
1148 3315 1278 3394 Crucis,
1307 3316 1403 3403 ipsam

149 3405 309 3486 restituit,
328 3419 360 3475 et
377 3407 533 3494 protinus
557 3419 748 3496 correptam
774 3405 913 3475 herbam
940 3425 1064 3474 aurum
1082 3424 1157 3474 esse
1172 3404 1332 3483 ostendit,
1356 3425 1405 3470 au-

149 3515 294 3584 rumque
321 3495 566 3583 purissimum:
594 3509 695 3581 atque
711 3496 804 3563 hune
827 3493 1006 3562 confestim
1030 3491 1145 3562 tollere
1160 3491 1279 3580 jussit,
1297 3489 1404 3560 simul·

147 3604 214 3670 que
238 3601 270 3653 et
294 3583 430 3654 consilii
455 3583 607 3673 inopiam
637 3606 676 3653 ac
701 3582 972 3672 desperationem
1005 3603 1045 3650 ex
1078 3581 1248 3671 praesenti
1272 3589 1403 3670 egestate

146 3684 356 3742 contractam
382 3671 579 3754 dissolvere,
607 3684 639 3742 et
662 3671 777 3742 debita
794 3671 947 3750 reddere,
968 3693 1006 3739 ac
1027 3669 1184 3740 residuae
1210 3671 1297 3740 vitae
1320 3689 1403 3739 occa·

146 3759 303 3830 sionibus
330 3761 517 3850 providere,
540 3765 671 3847 [leoque
688 3761 875 3850 gratiarum
898 3761 1048 3830 actiones
1073 3758 1226 3827 reddere.
1245 3759 1331 3841 Quid
1351 3755 1401 3850 igi

147 3860 204 3919 tur
218 3849 292 3918 heri
308 3865 430 3938 posset,
442 3849 532 3936 quod
548 3849 629 3918 huic
640 3861 843 3936 aequaretur
859 3847 1047 3918 miraculo?
1058 3846 1234 3934 Siquidem
1250 3850 1286 3916 in
1300 3842 1401 3931 templ

147 3939 288 4010 introitu
306 3937 420 4008 forsan
438 3952 471 4007 et
495 3939 550 4006 hic
574 3937 830 4025 quodammodo
850 3937 961 4007 fuerat
984 3942 1081 4007 Petro
1098 3935 1239 4016 auxilio,
1261 3949 1293 4004 et
1308 3936 1401 4004 abun·

144 4025 334 4098 dantiorem
357 4027 459 4096 ambo
476 4027 620 4114 spiritus
641 4029 786 4116 gratiam
804 4025 1077 4117 postulaverant:
1096 4025 1158 4094 llic
1174 4037 1287 4094 autem
1306 4021 1398 4094 sclam

145 4118 290 4186 loannis
322 4116 389 4184 vim
420 4139 459 4184 ac
482 4114 718 4185 fortitudinem
742 4130 793 4185 est
817 4115 954 4194 intueri,
981 4125 1178 4202 quantaque
1202 4135 1283 4203 erga
1309 4116 1397 4180 Deum

145 4205 287 4292 spiritus
304 4202 537 4273 familiaritate
562 4204 691 4275 ditatus
717 4204 773 4274 sit.

190 4294 207 4376 ἓ
232 4299 305 4364 w.
335 4292 396 4361 Sed
417 4291 501 4362 haec
517 4292 657 4378 quidem
674 4293 865 4372 exhibebat,
885 4292 969 4361 dum
991 4291 1104 4360 adhuc
1121 4292 1157 4359 in
1177 4305 1264 4360 terra
1278 4305 1398 4359 conaer-

147 4391 290 4458 saretur,
308 4401 440 4448 errores
456 4381 611 4469 abigens,
634 4397 666 4450 et
692 4381 825 4470 pietatis
853 4380 1140 4471 praedicationem
1168 4379 1393 4450 disseminans.
