2946 4798
227 269 291 332 lbb
545 286 582 330 ee
607 285 634 331 s.
663 277 824 330 strenuae
849 281 1094 330 naereusnrme
1299 262 1371 326 neit.
1389 262 1424 324 26

185 373 336 439 resistcre
360 371 547 459 sapientiae
572 379 603 436 et
627 370 773 469 Spiritui
799 370 862 458 prii
891 369 1099 458 loquebatur.
1135 371 1206 434 Non
1238 364 1333 444 dixit,
1364 367 1424 432 ben

185 459 353 538 velebant,
372 457 462 545 quod
490 457 746 526 rationabilium
769 469 820 525 est
843 469 875 524 et
900 455 1153 545 perlectorum:
1180 454 1251 533 sed,
1272 475 1332 522 nen
1351 465 1426 542 pete-

187 561 273 624 rant,
301 547 361 616 ubi
387 547 493 615 menti
520 547 629 615 niolae
654 545 799 614 facultas
831 543 972 624 tollitur,
1003 566 1070 613 non
1102 543 1259 614 noluntas
1289 553 1424 610 mutatur.

187 637 494 726 liciter-puellarum,
515 635 573 716 ait,
593 637 634 703 ol
651 659 693 734 eo·
707 657 782 703 cnm
796 637 887 702 ontrn'
902 635 1040 722 sirlncie.
1060 632 1279 701 Fiducieliter
1295 631 1366 720 agit,
1381 650 1426 696 nee

186 739 305 806 mutat,
321 745 382 792 nec
401 737 553 792 mutetur
570 745 666 792 inens
686 726 926 813 imperterrita,
944 743 1033 810 quae
1051 721 1161 811 magis
1177 734 1271 790 amat
1284 719 1425 810 justitiam

184 837 287 900 elnam
316 813 439 892 vitam,
470 813 571 880 tidem
601 834 705 899 qnam
741 812 965 900 sangninem,
997 825 1139 880 mertem
1171 833 1276 896 quam
1301 808 1425 898 justitiae

187 902 465 971 taciturnitatem.
486 905 733 970 concurrentes
747 903 887 990 rapiunt
903 923 994 976 enirn,
1010 899 1192 968 adducunt
1206 899 1238 966 in
1256 897 1425 970 concilium,

185 1005 217 1058 et
241 989 392 1078 gaudent
416 1011 495 1058 eum
523 989 610 1058 inlre
629 1013 690 1059 sue
718 989 880 1058 retiacula
898 989 1122 1058 conclusisse.
1140 989 1206 1058 Sed
1224 991 1349 1076 lrttstre
1361 985 1428 1076 jeri-

186 1090 241 1147 tnr
266 1089 332 1147 rete
357 1089 434 1147 oute
459 1083 569 1147 oculos
592 1089 814 1169 petrrtotornrn
839 1079 952 1167 (l’ror.
975 1078 1012 1164 1).
1035 1083 1130 1146 Tunc
1157 1099 1218 1146 vox
1250 1077 1387 1145 liberior.
1407 1084 1427 1138 et

188 1167 322 1236 illorum
354 1167 488 1236 cotibus
520 1191 634 1246 sermo
657 1168 836 1237 exacuitur
861 1168 1031 1246 veritatis,
1064 1177 1243 1252 totumque
1272 1179 1427 1252 martyro

188 1258 276 1346 rapit
292 1257 358 1324 sibi
377 1257 524 1344 Spiritus
544 1257 609 1333 oet,
627 1270 710 1324 etex
726 1257 802 1346 ejus
815 1277 872 1324 ore
891 1256 1078 1325 sonantiori
1097 1277 1227 1344 organo
1247 1253 1428 1322 modulatur.

187 1353 331 1434 Apparet
348 1345 376 1413 ei
397 1367 466 1414 une
483 1345 586 1414 facies
611 1345 875 1433 scripturarum,
896 1358 927 1414 et
944 1345 1066 1412 veteris
1085 1343 1305 1412 instrumenti
1320 1341 1431 1429 dispen-

186 1434 243 1502 dia
261 1435 293 1500 in
314 1433 594 1522 compendiosam
616 1434 739 1522 redigit
754 1433 965 1502 brevitatem.
987 1432 1141 1521 Replicat
1166 1432 1399 1522 promissiones
1411 1439 1431 1492 et

187 1522 353 1592 beneticia
380 1523 448 1603 llei,
469 1523 760 1592 murmurationes
776 1537 809 1590 et
834 1522 1002 1592 malellcia
1021 1521 1152 1611 pepuli,
1174 1521 1262 1590 bena
1286 1519 1430 1609 praestito.

187 1609 319 1680 reddita
345 1611 446 1690 mala,
477 1625 509 1680 et
535 1611 576 1679 ad
602 1625 791 1680 extremum
819 1611 928 1679 divini
960 1611 1142 1700 sanguinis
1167 1610 1350 1699 exprobrat
1370 1607 1433 1675 etlu-

187 1701 343 1770 sienem:
371 1712 467 1768 vocnt
492 1699 706 1769 refractarios
741 1700 895 1789 Spiritui,
922 1701 1010 1768 dura
1033 1701 1176 1775 cervice,
1199 1696 1433 1767 incircumcisos

186 1789 288 1858 corde
311 1803 343 1857 et
362 1789 519 1868 airribus3
539 1802 571 1857 et
595 1789 738 1858 sublimi
764 1811 844 1858 voce
869 1787 1061 1858 homicidas
1078 1801 1110 1856 et
1135 1788 1326 1876 proditores
1343 1782 1432 1874 appel·

187 1879 242 1947 lat.
264 1882 335 1946 Non
360 1891 494 1947 veretur
510 1876 750 1946 conventicula
770 1891 975 1966 congregata
992 1877 1034 1946 de
1051 1878 1296 1968 sanguinibus,
1316 1889 1348 1944 et
1370 1877 1432 1941 ieter

186 1989 312 2036 manus
337 1967 576 2054 quaerentium
602 1967 754 2035 animam
780 1968 877 2056 ejus,
904 1966 1152 2036 deliberatione
1174 1967 1330 2050 justitiae
1357 1983 1431 2031 cece·

187 2077 263 2125 men
291 2057 441 2124 veritatis
458 2055 624 2124 ascendit.
645 2057 866 2126 ltissecnetur
880 2055 1055 2134 cordibus,
1074 2067 1106 2124 et
1128 2054 1275 2124 strident
1298 2051 1432 2122 dentibus

185 2145 219 2212 in
239 2167 330 2224 eum,
350 2145 552 2233 concipiunt
571 2143 736 2224 delorem,
756 2158 788 2214 et
813 2166 918 2234 prope
937 2157 987 2213 est
1012 2158 1051 2213 ut
1076 2146 1210 2233 parient
1228 2143 1431 2230 iniquitaten.

187 2234 309 2302 Mirum
336 2234 415 2322 quia
448 2255 512 2300 nen
540 2247 743 2302 revocantur
776 2235 900 2302 insueti
927 2234 1073 2303 novitate
1098 2231 1271 2308 miraculi,
1291 2231 1379 2318 qued
1401 2229 1432 2294 lu·

187 2323 319 2390 minosn
347 2323 608 2410 protomartyris
632 2321 737 2391 laeies
762 2345 828 2392 nen
856 2322 1003 2390 refrenet
1027 2323 1180 2391 insanos.
1213 2323 1379 2390 lidebant.
1399 2319 1432 2384 in·

185 2413 270 2496 ‹1uit.
292 2413 415 2500 sociem
430 2413 503 2500 ejus
519 2422 690 2500 temonem
716 2416 847 2481 vetrum
867 2413 988 2502 ⁴tripoli
1004 2413 1124 2480 stertis
1149 2414 1237 2479 inter
1255 2413 1341 2480 illos.
1367 2401 1432 2501 Quid

184 2514 246 2576 est,
266 2500 409 2568 ludaei?
433 2501 578 2568 Lumine
604 2501 718 2569 vultus
739 2505 791 2568 oet
821 2501 1008 2590 insignitur
1024 2499 1196 2590 gloriosus
1221 2501 1344 2579 Levita,
1362 2511 1434 2590 etu-

187 2589 299 2658 brenti
324 2586 507 2677 splendore
529 2588 723 2677 Stephanus
748 2603 937 2670 serenatur,
956 2591 1217 2658 reverberantur
1232 2589 1325 2656 oculi
1345 2599 1433 2654 reste.

184 2691 353 2746 ettamen
380 2676 530 2746 invidiae
557 2678 771 2768 magnitude,
793 2678 934 2750 visionis
963 2677 1175 2766 majestatem
1205 2676 1365 2746 occludit.
1391 2679 1435 2740 Re·

185 2766 377 2855 spondeant
399 2765 482 2835 mibi
499 2765 696 2836 divinornm
716 2767 932 2836 voluminum
951 2768 1153 2842 evolutores,
1168 2765 1227 2834 ubi
1244 2764 1433 2834 revolverint.

186 2854 360 2924 bominem
387 2855 421 2922 in
449 2856 547 2924 terris
574 2856 736 2944 positum,
757 2855 889 2926 vultum
911 2857 1113 2946 ,tngelieum
1140 2854 1310 2934 induisse,
1329 2867 1358 2922 et
1375 2871 1434 2918 curn

185 2946 218 3011 in
245 2944 401 3033 utrisque
419 2943 553 3032 legibus
571 2943 621 3012 rel
639 2967 728 3025 rere,
749 2945 798 3013 vel
826 2967 1005 3034 nunquam
1029 2944 1234 3022 invenerint,
1254 2943 1435 3032 adstupenet

184 3031 313 3122 gloriae
333 3031 592 3121 triumphantia.
1294 3059 1296 3066 ·

229 3123 247 3206 ξ
271 3125 314 3192 5.
343 3122 522 3206 Sequitur:
552 3127 634 3190 tlnm
657 3133 771 3190 tentent
797 3133 879 3190 esset
897 3125 1018 3212 plenus
1037 3123 1167 3212 Spiritu
1191 3125 1327 3200 Sancto,
1354 3123 1436 3187 inten-

185 3211 264 3278 dens
286 3212 319 3278 in
338 3213 478 3290 coelura,
499 3211 583 3280 utilit
602 3213 748 3301 ptortem
772 3213 843 3290 Dei,
863 3223 925 3278 etc.
945 3213 1068 3279 Mirum
1090 3210 1196 3287 dictu,
1216 3223 1249 3278 et
1275 3212 1375 3280 tetius
1396 3226 1436 3272 sn-

186 3299 380 3388 pergressie
395 3311 583 3368 creaturae.
612 3300 762 3368 Intendit
780 3301 813 3366 in
840 3299 987 3378 eoelum,
1007 3299 1097 3368 videt
1117 3299 1188 3386 jam
1218 3321 1286 3368 non
1313 3297 1434 3368 coelum.
1471 3320 1472 3323 ¹

186 3388 244 3456 sed
262 3387 376 3457 coelos
391 3399 538 3478 apertos,
559 3389 649 3458 videt
665 3389 810 3478 gloriam
837 3389 906 3464 Dei,
929 3401 962 3457 et
984 3395 1101 3458 testum
1128 3401 1275 3457 stentem
1299 3381 1436 3456 adertris

186 3478 322 3546 virtutis
348 3478 416 3545 oet.
436 3482 543 3546 Movet
570 3501 623 3546 me
644 3478 727 3546 baec
752 3479 907 3553 intentio,
925 3499 1013 3564 quae
1037 3477 1079 3546 de
1108 3476 1222 3545 cerdis
1244 3479 1434 3566 peritane-

186 3567 274 3648 l'usa,
295 3567 363 3634 vim
389 3567 469 3634 lacit
485 3565 601 3645 coelis,
621 3579 653 3634 et
677 3567 719 3635 ed
746 3567 856 3655 ipsius
872 3566 1062 3636 divinitatis
1085 3566 1331 3635 consistorium
1357 3579 1435 3653 pene·

187 3668 251 3724 trat
274 3669 305 3724 et
325 3655 473 3744 attingit.
503 3655 591 3724 Coeli
616 3657 832 3745 aperiuntur,
864 3655 974 3744 gloria
1000 3657 1056 3724 Dei
1081 3655 1227 3735 videtur,
1254 3659 1355 3724 lesus
1377 3667 1436 3720 ceo·

186 3744 343 3833 spicitur,
375 3757 469 3813 stans
498 3765 564 3813 nen
591 3744 703 3814 solnm
729 3767 749 3812 a
772 3743 899 3813 dextris
926 3745 994 3824 oei,
1024 3743 1082 3814 sed
1108 3765 1127 3812 a
1151 3742 1281 3812 dextris
1313 3737 1433 3831 virtutis.

188 3838 279 3902 tlane
299 3835 520 3902 intentionem
550 3833 675 3902 lecerat
701 3833 844 3920 abjectio
868 3833 1002 3914 urendi,
1022 3845 1241 3920 contemptus
1262 3833 1328 3912 sui,
1346 3823 1434 3899 cente

187 3922 369 4001 munditia,
396 3921 534 3992 dilectio
559 3923 627 4004 Dei,
654 3943 752 3991 amor
777 3921 936 4011 proximi,
965 3921 1115 3990 veritatis
1139 3920 1306 4010 delemie,
1327 3913 1435 3987 deside·

187 4013 275 4080 rium
302 4011 437 4082 eluisti.
459 4011 698 4098 Reterq'uenda
722 4025 836 4080 essent
861 4011 1079 4080 haecomnia
1105 4009 1147 4078 ad
1168 4031 1368 4080 communes
1390 4004 1433 4070 tlo-

184 4100 299 4170 scules
319 4099 532 4176 moralitatis,
555 4101 621 4170 nisi
646 4114 735 4168 esset
758 4098 957 4169 excellentia
984 4099 1145 4188 martyris
1165 4090 1430 4168 commendandu-

188 4189 311 4257 Felices
345 4187 448 4268 oculi,
472 4188 610 4258 subtilis
635 4184 740 4268 visus,
772 4191 857 4258 visio
889 4187 1049 4276 gloriosa.
1077 4187 1258 4275 Simulque
1282 4189 1433 4275 signanter

187 4277 345 4372 recollige
370 4276 572 4364 positionem
601 4280 794 4347 verborum.
816 4277 940 4348 Plenus
959 4291 1010 4346 est
1034 4277 1176 4367 Spiritu,
1196 4277 1294 4346 etsie
1312 4266 1432 4362 intendit

188 4382 221 4427 m
259 4364 418 4432 coelum:
450 4366 531 4450 quin
571 4365 631 4450 qui
665 4367 794 4454 Spiritu
829 4366 1019 4434 divinitatis
1052 4365 1208 4439 alllatur.
1250 4361 1432 4434 conotrlenns
