3046 4838
55 265 123 330 ult.
149 265 161 327 l
449 281 488 328 ns
512 231 655 331 sutoro
679 285 729 330 ar.
757 283 886 331 novrou.
1210 267 1252 331 23

53 369 155 456 digitos
169 366 302 436 direxit.
314 367 453 436 Deinde
468 365 539 436 oleo
553 367 649 436 allato
662 389 805 438 manum
818 391 1024 460 pei-ungens,
1034 369 1294 458 quamprimum

50 477 107 524 eam
126 457 166 525 ita
190 455 338 526 solidam
368 477 493 527 sanam
518 477 560 525 ue
578 457 696 538 effecit,
714 470 754 528 ut
769 470 842 527 erat
860 457 977 528 altera.
996 463 1077 528 Cum
1096 472 1209 528 autem
1229 457 1292 540 illi,
1374 525 1376 530 ,

48 545 92 631 qui
112 545 144 613 id
167 543 344 626 ridebant,
364 545 398 614 ei
422 544 457 613 id
474 477 715 628 alscrtberent,
734 546 791 615 ille
830 548 915 616 ratia
932 546 1138 617 humilitatis
1157 559 1296 616 eonten-

48 647 98 713 tus,
115 647 208 703 caute
231 635 320 704 satis
348 633 524 704 occultare
550 637 699 718 tentavit,
730 637 777 704 ita
801 569 943 707 dicens:
973 641 1042 727 Ego
1072 637 1188 726 putari
1220 635 1296 706 ideo

44 721 123 791 illum
140 722 280 812 lingere,
302 735 345 792 ut
371 745 465 792 ame
488 722 622 795 facilius
645 724 898 813 eleemosynam
925 738 1039 815 posset
1055 725 1271 815 percipere...

74 813 90 896 ξ
112 816 186 882 25.
212 817 307 881 luter
329 811 400 881 alia
418 812 585 882 bonorum
602 834 745 902 operum
768 814 932 916 insignia,
953 813 1079 884 multas
1096 825 1298 882 sanctorum

41 921 69 966 er
91 920 193 982 auro,
224 913 376 990 argento
398 915 500 987 atque
522 903 667 992 gemmis
691 901 869 972 fabricant
894 903 1009 972 thecas
1033 903 1103 972 sive
1133 904 1293 972 tumbas:

41 999 107 1072 puta
130 991 289 1058 Germani
307 989 513 1060 Parisiensis
537 991 707 1081 Episcopi,
735 991 883 1061 Seterini
910 991 1048 1061 hbbatis
1068 991 1294 1148 epaunensis,

39 1076 170 1146 Platonis
193 1077 392 1168 presbyteri
415 1090 448 1147 et
476 1078 647 1168 martyris,
674 1081 854 1162 Quinum,
881 1081 1022 1150 Luciani
1047 1085 1089 1148 Be
1119 1079 1296 1150 ovaoensis

39 1165 180 1252 lpostoli,
200 1167 408 1248 Genovelae,
424 1167 619 1248 Columbae,
642 1168 849 1248 Maximiani,
872 1169 1015 1251 tuliani,
1036 1167 1295 1255 multorumque

38 1253 190 1324 aliorum:
217 1257 278 1326 sed
307 1257 424 1346 praeci
453 1277 494 1326 ue
513 1256 600 1326 beati
627 1257 761 1325 hlartini
785 1257 876 1348 apud
902 1263 1078 1338 Turones,
1107 1258 1296 1348 Dagoberto

39 1347 114 1432 Rege
136 1344 316 1501 impensas
342 1279 535 1435 praehente,
562 1345 649 1414 miro
670 1346 808 1434 opificio
831 1367 870 1414 er
894 1367 978 1416 auro
1002 1359 1034 1415 et
1051 1347 1197 1436 gemmis
1221 1347 1296 1414 the-

38 1451 99 1498 ram
118 1453 178 1501 con
193 1433 273 1503 ecit.
304 1435 421 1503 Sancti
439 1454 575 1520 quoque
597 1434 713 1503 Brictii
730 1433 807 1504 lecit
824 1436 991 1516 tumbam,
1010 1435 1158 1521 itemque
1175 1435 1293 1515 aliam,

38 1521 66 1586 in
88 1543 149 1605 qua
171 1543 303 1612 eorpus
330 1522 419 1592 beati
444 1522 578 1591 hlartini
595 1537 693 1594 antea
706 1525 873 1614 jacuerat,
899 1523 1072 1614 eleganter
1088 1523 1293 1612 composuit.

39 1611 181 1706 llagnum
206 1623 388 1700 praeterea
414 1611 620 1680 beneficium
645 1612 754 1681 eidem
779 1611 943 1682 ecelesiae
966 1613 1057 1702 apud
1085 1617 1209 1768 Regem
1234 1612 1296 1681 ob·

40 1698 140 1766 tinuit
162 1702 242 1768 llam
271 1721 340 1790 pro
364 1700 551 1769 reverentia
576 1703 684 1771 sancti
708 1701 913 1770 confessoris
938 1700 1085 1782 hlartini,
1112 1702 1220 1788 Rigio
1244 1721 1295 1768 ro·

41 1799 146 1872 gaure,
168 1809 316 1856 censum
335 1809 475 1857 omnem
494 1843 507 1876 ,Ι
531 1789 591 1875 qui
621 1789 829 1878 reipublicae
857 1788 1062 1871 solvebatur,
1088 1789 1296 1889 Dagobertus

43 1877 99 1942 Rer
112 1873 155 1942 illi
168 1875 337 1946 eeclesiae
351 1898 393 1946 er
416 1890 482 1946 toto
500 1876 714 1960 condonavit,
735 1879 929 1968 scriptoque
946 1878 1172 1947 confirmavit.
1190 1883 1296 1964 htque

44 1961 125 2030 abeo
140 1977 290 2054 ternpore
316 1987 421 2034 omne
433 1966 494 2063 jus
518 1965 646 2036 fiscalis
669 1989 794 2038 census
817 1966 962 2035 ecelesia
987 1967 1051 2035 sibi
1073 1965 1233 2047 vindieat,
1257 1979 1295 2036 ut

47 2051 187 2135 usquein
213 2075 403 2142 praesens,
432 2075 466 2122 rn
494 2053 610 2123 eadem
637 2056 721 2124 urbe
747 2078 806 2145 per
832 2055 1003 2146 pontificis
1028 2055 1156 2124 litteras
1178 2059 1296 2124 Comes

49 2139 251 2211 constituitur.
281 2143 478 2212 Fabrioarit
501 2143 600 2212 etiam
620 2143 751 2232 Eligius
768 2144 980 2213 mausoleum
1007 2143 1116 2212 saneti
1136 2143 1295 2231 martyris

49 2226 175 2327 Dionysii
196 2231 229 2299 in
257 2231 450 2301 Parisiensi
469 2231 613 2311 civitate,
632 2244 664 2301 et
680 2255 784 2322 super
806 2231 893 2300 illud
917 2245 1039 2300 tectum
1065 2237 1294 2300 marmoreum

47 2315 169 2387 mirifico
184 2341 291 2409 opere
310 2341 398 2390 auro
413 2331 447 2386 et
463 2320 608 2409 gemmis
632 2334 803 2402 ornatum,
830 2321 978 2407 itemque
1002 2321 1140 2390 aristam
1166 2333 1198 2388 et
1221 2341 1297 2408 spe-

45 2403 102 2470 cies
120 2405 154 2474 de
175 2407 291 2479 lronte
311 2407 497 2498 magnifiee
520 2410 736 2498 composuit:
764 2430 908 2479 necnon
927 2421 959 2477 et
982 2431 1061 2478 axes
1086 2408 1119 2477 in
1146 2409 1295 2478 circuitu

46 2489 140 2562 throni
160 2495 280 2567 altaris
307 2517 395 2566 auro
424 2497 580 2586 operuit,
605 2511 638 2567 et
666 2498 779 2588 posuit
804 2498 837 2566 in
863 2497 912 2566 eis
937 2519 1037 2586 poma
1061 2518 1165 2566 aurea
1196 2510 1296 2583 atque

41 2597 202 2666 gemmata.
230 2587 429 2656 Lectorium
455 2606 591 2672 quoque
615 2599 647 2654 et
671 2587 756 2656 ostia
776 2585 958 2677 diligenter
982 2598 1123 2676 argento
1150 2587 1295 2654 vestivit.

42 2669 92 2736 Sed
104 2684 132 2740 et
151 2686 276 2744 tactum
293 2673 413 2743 throni
429 2673 546 2744 altaris
565 2676 734 2766 argenteis
746 2677 881 2762 operuit
900 2675 1032 2744 axibus.
1056 2674 1146 2743 Fecit
1160 2693 1297 2830 quotpe

40 2777 139 2846 repam
161 2763 193 2832 in
222 2763 302 2833 loeo
329 2763 512 2832 anterioris
540 2762 675 2844 tumuli,
704 2776 736 2832 et
754 2762 859 2832 altare
883 2763 1094 2832 extrinsecus
1123 2763 1164 2832 ad
1194 2785 1233 2852 pe
1260 2781 1297 2830 es

40 2849 133 2917 sandi
159 2851 326 2941 martyris
355 2849 555 2920 fabricavit:
584 2865 785 2939 tantumque
809 2851 895 2928 illie,
925 2850 1165 2940 suppeditante
1193 2857 1295 2941 Rege,

39 2954 123 3004 suam
142 2941 297 3010 exercuit
315 2939 535 3020 industriam,
555 2953 656 3026 atque
673 2941 718 3010 ita
735 2961 836 3010 suurn
853 2939 1038 3009 declaravit
1062 2939 1239 3028 ingenium
1265 2952 1299 3009 et

39 3023 273 3108 minuamur
286 3049 375 3128 pene
388 3028 562 3119 singulare
578 3029 622 3097 sit
636 3029 671 3097 in
684 3027 802 3098 Galliis
814 3040 1067 3108 ornamentum,
1079 3043 1111 3098 et
1122 3030 1155 3096 in
1173 3049 1297 3116 magna

40 3115 179 3184 omnium
195 3116 431 3186 admiratione
446 3137 555 3204 usque
572 3117 607 3186 in
626 3116 831 3187 hodiernum
849 3117 954 3186 diem.

75 3203 91 3287 ξ
113 3208 191 3276 ²0.
218 3207 283 3276 llis
308 3205 472 3294 operibus
490 3205 634 3275 mirifice
652 3204 820 3295 perlectis,
842 3219 944 3292 atque
963 3206 1126 3276 omnibus
1145 3205 1298 3274 circum-

41 3307 161 3376 quaque
221 3294 344 3363 ntibus
368 3293 507 3376 sedatis,
528 3293 752 3365 ferocissimis
770 3294 871 3364 etiarn
890 3294 1026 3363 vacceis
1044 3294 1061 3330 *
1076 3293 1196 3362 ditioni
1216 3313 1297 3361 suae

41 3373 142 3447 hostili
192 3383 276 3452 adio
296 3382 461 3463 subactis,
481 3395 637 3454 mortuus
654 3397 705 3453 est
720 3387 789 3453 Rex
810 3403 956 3474 magnus
972 3395 1004 3452 et
1022 3381 1171 3471 inclytus
1192 3386 1298 3470 Rago-

43 3463 142 3538 bertus
200 3524 208 3556 ,
241 3483 275 3541 et
297 3471 454 3561 sepultus
480 3485 532 3542 est
558 3472 593 3540 in
614 3471 732 3541 eudem
754 3472 864 3541 saneti
886 3471 1034 3560 Dionysii
1064 3469 1205 3540 basilioa
1231 3467 1296 3537 sub

43 3557 158 3626 arruin
174 3558 284 3629 latere
299 3559 450 3630 dextero.
468 3560 527 3629 Cui
546 3561 711 3631 suecessit
724 3560 758 3628 in
777 3581 882 3650 regno
895 3557 989 3631 lllius
1005 3559 1080 3648 ejus
1089 3555 1299 3647 juvenculus

45 3655 147 3726 aetate,
164 3649 309 3719 nomine
333 3647 521 3719 clodoveus
534 3648 599 3715 *⁴⁸-
621 3649 691 3720 Sub
711 3649 816 3737 hujus
837 3649 932 3739 regni
959 3647 1127 3736 principio
1152 3644 1299 3714 nefanda

46 3727 177 3807 haeresis
201 3737 275 3774 ’Ψ
298 3737 335 3806 in
362 3737 517 3828 partibus
536 3739 683 3808 Orientis
709 3749 865 3826 coeperat
889 3736 1073 3828 pullulare,
1103 3734 1299 3804 Constantio

47 3829 113 3890 tune
131 3827 276 3895 Romani
305 3825 447 3915 Imperii
467 3826 599 3916 apicem
630 3825 854 3917 gubernante.
883 3826 911 3895 li
932 3847 1014 3914 ergo
1043 3824 1301 3894 haeresiarchae

50 3913 185 3994 nequiter
208 3913 485 3987 Ecclesiastioam
513 3915 590 3984 ausi
615 3927 697 3984 sunt
723 3914 849 3984 violare
875 3913 1043 4004 regulam,
1070 3927 1103 3982 et
1120 3913 1301 4004 peregrina

49 3999 195 4079 quaedam
212 4025 232 4074 a
249 4004 392 4074 veritate
410 4001 533 4072 dooere
549 4025 589 4072 ae
611 4002 821 4093 praedicare,
845 4014 1034 4072 asserentes
1061 4003 1242 4072 hominum
1268 4011 1301 4069 et

53 4119 152 4214 tilleium
167 4131 228 4177 eunt,
241 4141 303 4180 qnos
316 4133 418 4171 aurem
432 4127 516 4179 gallice
529 4125 681 4180 opportunus.
698 4127 746 4179 rpsi
764 4125 832 4175 enlm,
847 4137 908 4169 enno
922 4129 968 4174 batt.
984 4137 998 4168 ι
1011 4127 1143 4177 rigoberto
1157 4128 1168 4166 1
1187 4123 1301 4167 dabellstl

72 4225 92 4249 ''
105 4235 162 4274 tuno
171 4235 214 4276 tta
222 4237 281 4284 mna
290 4244 382 4284 corpus
392 4233 416 4274 ln
426 4235 531 4275 nectente
540 4235 562 4276 Β.
571 4233 677 4284 υίοιιμίί
687 4235 810 4276 aonuttum
819 4219 863 4275 eal.

74 4281 108 4308 m
280 4289 286 4298 ¹

73 4287 189 4382 'mlltushh'
196 4291 474 4385 imitandam-vaur
489 4341 585 4390 Paulus,
595 4341 732 4390 pntrlarohe
740 4337 1025 4391 contantinopolitanus.
1035 4339 1074 4390 qul
1087 4339 1117 4381 ab
1126 4339 1245 4380 haeretico
1256 4339 1299 4379 tm·

19 4421 21 4528 p
57 4389 146 4436 matare,
155 4393 283 4445 commu,
293 4396 327 4440 αἱ
336 4396 406 4436 tum
416 4394 495 4436 sedern
504 4396 625 4444 mentetua
635 4395 720 4436 ruant.
