3046 4838
63 295 131 360 oet.
156 297 166 359 l
454 315 491 360 ns
514 315 541 361 s.
562 315 664 362 sciero
689 317 740 362 nr.
768 313 900 362 novior.
1224 299 1266 361 is

61 397 232 486 hujusmodi
247 399 569 468 observationibus:
589 399 825 468 mathematici
849 398 1046 499 spernendi,
1065 399 1213 488 auguria
1229 399 1310 468 hor-

60 486 210 566 rescenda
221 489 359 557 somnia
375 487 643 558 contemnenda:
661 489 942 576 quoniam‚s1cut
960 488 1135 576 Scriptura
1155 500 1307 566 testatur,

61 598 127 644 rana
145 591 230 646 sunt.
258 576 358 646 Unde
385 590 420 645 et
450 597 508 665 per
536 583 671 666 Moysen
693 577 924 668 praecipitur:
952 582 1021 645 Non
1040 578 1307 666 deprimimini,

59 689 104 732 nec
125 665 333 734 observabilis
354 668 511 746 somnia,
540 690 644 757 oeque
661 667 707 736 od
722 689 839 758 mopos
861 667 1071 736 declinabitis
1090 667 1206 754 (lecit.
1230 666 1307 754 xur).

59 765 173 841 ttportet
196 754 310 844 igitur,
340 767 380 823 ut
406 755 490 824 haec
516 766 581 824 tota
607 769 719 824 mente
742 756 950 824 observetis:
977 755 1056 822 etsi
1078 775 1310 844 quoscogno-

60 842 136 910 scitis
148 841 195 911 rel
220 843 356 914 occulte
381 842 500 930 aliqua
527 844 735 932 phylacteria
751 864 917 924 exercere,
937 842 1072 932 expedit
1087 866 1165 912 cum
1183 844 1233 912 eis
1251 865 1311 913 nee

59 932 155 1000 cibum
172 953 319 1011 sumere,
339 953 402 1000 nec
428 933 612 1019 quicquam
639 933 764 1003 habere
780 933 990 1002 commercii.
1013 935 1081 1001 Ista
1098 953 1178 1020 ergo
1195 934 1311 1000 omnia

58 1033 247 1108 spernentes,
274 1022 318 1090 ad
349 1021 408 1090 Dei
436 1043 494 1090 vos
518 1021 684 1092 auxilium
707 1021 880 1102 conferte,
912 1021 953 1090 dc
977 1021 1052 1110 ejus
1076 1020 1311 1091 misericordia

59 1131 214 1195 uunquam
235 1109 432 1201 desperate.

94 1201 190 1282 §m
206 1222 222 1264 c
239 1200 343 1268 Omni
369 1199 428 1268 die
452 1200 625 1268 Doruinico
649 1198 691 1268 ad
717 1199 895 1270 ecclesiam
921 1199 1110 1278 convenite,
1130 1209 1162 1268 et
1177 1198 1224 1267 ibi
1245 1217 1312 1266 non

60 1288 184 1375 negotia,
212 1309 279 1357 non
309 1288 388 1356 lites
412 1300 472 1356 aut
489 1288 590 1368 rixas,
611 1287 661 1356 vel
682 1290 809 1358 otiosas
830 1286 964 1358 fabulas
985 1288 1153 1356 tractetis:
1182 1286 1239 1357 sed
1266 1286 1311 1356 le-

59 1377 168 1444 rriones
189 1375 326 1446 divinas
344 1397 427 1445 cum
456 1375 591 1446 silentio
614 1376 816 1456 auscultate,
843 1389 875 1446 et
900 1397 961 1464 pro
982 1399 1064 1466 pace
1088 1376 1258 1444 Ecclesiae
1281 1387 1313 1444 et

60 1467 266 1553 propeccatis
291 1467 418 1534 vestris
443 1479 546 1534 orate.
573 1467 636 1548 Qui
661 1467 753 1536 enim
774 1467 806 1534 iu
834 1464 978 1534 ecclesia
1004 1463 1151 1534 fabulari
1179 1486 1246 1532 non
1273 1467 1315 1532 ti-

62 1567 128 1631 met,
152 1565 180 1622 et
202 1577 260 1644 pro
286 1577 336 1632 se,
359 1567 393 1622 et
410 1575 471 1641 pro
486 1553 564 1622 aliis
578 1554 777 1624 redditurus
792 1568 842 1624 est
859 1555 1037 1635 rationem,
1056 1553 1138 1622 dum
1161 1575 1222 1622 nec
1242 1553 1314 1642 ipse

63 1641 182 1710 terbum
208 1642 393 1718 iterandis,
423 1663 483 1710 nec
511 1643 596 1712 alios
615 1643 737 1713 audire
765 1645 939 1732 permittit.
967 1647 1011 1710 De
1036 1642 1162 1711 talibus
1186 1643 1315 1732 quippe

64 1732 204 1800 Dominus
222 1734 255 1800 in
275 1730 465 1816 Evangelio
489 1731 594 1801 dicit:
627 1739 689 1802 Vae
705 1735 794 1802 ochis
815 1733 1021 1822 hypocritae,
1054 1733 1136 1822 quio
1156 1733 1315 1800 clauditis

64 1841 180 1908 rephun
195 1826 364 1890 coelorum
384 1831 464 1888 crtle
487 1822 734 1890 hominemne
758 1824 845 1890 enim
869 1845 933 1890 non
957 1823 1103 1900 intratis,
1134 1823 1312 1888 occ-t'nlro·

65 1919 157 1976 cuntes
176 1912 283 1978 sinitis
306 1912 438 1978 intrare
453 1909 585 1994 (llatth.
605 1909 712 1996 xxiii).
740 1911 804 1992 Qui
820 1910 966 1979 aliorum
979 1908 1117 1997 judices
1140 1909 1234 1990 estis,
1256 1909 1315 1997 ju-

69 1997 190 2092 stissime
200 1999 370 2086 judicate.
387 1997 531 2066 Nihilin
543 1998 676 2087 judicio
695 2001 813 2087 inique
827 2001 948 2088 agatis,
971 2021 1032 2066 nec
1053 2019 1197 2066 munera
1213 2019 1317 2086 super

73 2101 236 2156 innocentes
260 2087 469 2175 accipiatis:
499 2109 563 2154 uon
594 2109 772 2176 personam
799 2087 1001 2166 attendatis
1030 2108 1090 2155 nec
1112 2107 1166 2154 res
1185 2084 1316 2155 alienas

73 2171 98 2238 rt
112 2176 205 2330 rapaci
227 2175 372 2256 tollatis,
392 2175 531 2260 quando
552 2176 704 2262 quidem,
725 2176 807 2266 quid
831 2175 879 2242 vel
899 2189 996 2244 nocte
1019 2174 1172 2262 proxima
1197 2176 1316 2244 vestris

69 2262 128 2360 acci
150 2285 195 2332 ere
218 2265 356 2354 possit,
389 2263 566 2352 ignoratis.
599 2269 785 2421 Pauperem
808 2277 840 2332 et
868 2263 1034 2332 advenam
1062 2261 1259 2332 nullatenus
1281 2265 1314 2330 in

65 2349 174 2434 Judicio
186 2352 407 2442 opprimatis,
429 2353 584 2422 timentes
601 2353 664 2423 illu
694 2409 700 2432 ‚
719 2352 809 2439 quod
827 2352 956 2422 Veritas
970 2352 1005 2418 iu
1024 2350 1205 2440 Evangelio
1221 2351 1316 2420 dicit:

69 2441 99 2506 lu
113 2445 300 2531 prejudicio
311 2443 562 2531 judicaveritis,
576 2443 839 2531 judicabimini:
854 2451 883 2510 et
899 2443 934 2510 io
953 2463 1022 2531 quc
1038 2463 1196 2509 mensura
1213 2443 1320 2510 riensi

64 2531 197 2612 stterr'trs,
223 2533 423 2600 remetietur
449 2532 539 2599 vohis
563 2531 696 2618 (llutth.
723 2531 792 2619 vu).
819 2531 933 2599 Videte
961 2551 1003 2599 ne
1027 2529 1060 2598 in
1087 2550 1145 2598 vos
1172 2529 1318 2614 quadret

63 2615 134 2686 illud
152 2620 416 2710 propheticum:
447 2623 511 2688 Vae
530 2623 591 2709 qui
599 2622 798 2710 justificatis
822 2621 963 2709 impium
981 2641 1042 2708 pro
1062 2619 1266 2697 mulieribus,
1288 2629 1318 2686 et

56 2709 209 2792 justitium
227 2709 321 2799 justi
342 2710 487 2796 aufertis
502 2709 543 2776 ch
560 2732 608 2778 eo.
635 2714 699 2778 l'oe
714 2711 775 2799 qul
793 2709 903 2777 dicitis
926 2708 1203 2788 melancholiam,
1222 2718 1252 2775 cl
1267 2707 1320 2775 hc-

60 2817 128 2862 num
146 2801 284 2866 molum.
305 2798 409 2866 Lullia
427 2807 536 2866 cestra
552 2801 663 2867 tocotc
681 2809 758 2866 sunl
778 2797 1000 2877 mendacium,
1023 2806 1054 2865 et
1072 2797 1192 2886 liupila
1210 2807 1320 2864 vestra

60 2885 257 2974 r'nr'quilulem
276 2889 386 2974 satur.
407 2889 513 2954 Facto
536 2896 583 2956 est
600 2889 724 2955 veritas
741 2888 775 2954 in
795 2887 1003 2964 oblivionem,
1028 2895 1059 2954 et
1069 2887 1208 2975 justitio
1225 2890 1320 2974 lonpc

59 2977 139 3042 stelit
160 2977 241 3065 (lec.
268 2986 340 3044 rel
365 2973 442 3061 mr).
469 2979 582 3054 llaec,
614 2976 755 3054 lratreS‚
781 2974 1007 3054 considerate,
1037 2986 1070 3042 et
1095 2996 1164 3054 vos,
1191 2985 1223 3041 et
1242 2972 1319 3041 illos

59 3063 178 3148 quibus
202 3065 379 3152 praeestis,
404 3063 530 3152 pariter
551 3063 584 3130 in
610 3064 665 3132 Dei
687 3064 806 3133 timore
823 3062 1034 3132 confirmate.
1058 3062 1210 3131 Retinete
1233 3085 1320 3147 quae

59 3151 261 3222 dictasunt:
289 3151 391 3221 facite
414 3173 501 3240 quae
527 3165 705 3242 praecepta
725 3165 817 3222 sunt.
845 3150 972 3222 Habete
992 3172 1129 3239 semper
1148 3150 1319 3219 Christum

62 3240 89 3306 in
112 3255 229 3321 mente,
249 3253 282 3311 et
299 3243 439 3332 signum
458 3241 534 3332 ejus
549 3241 582 3309 in
605 3240 724 3311 fronte.
742 3239 964 3310 Memineritis
982 3239 1108 3308 multos
1122 3259 1180 3307 vos
1198 3238 1321 3306 habere

62 3329 285 3410 adversarios,
311 3332 372 3418 qui
398 3351 539 3400 cursum
561 3343 708 3398 vestrum
737 3329 904 3419 impedire
924 3341 1102 3398 conentur.
1130 3326 1262 3396 Idcirco
1287 3326 1320 3392 in

61 3419 146 3485 cmm
169 3419 252 3498 loco,
281 3419 377 3488 horis
400 3419 565 3488 omnibus
593 3419 709 3488 Crucis
733 3418 912 3510 signaculo
937 3439 995 3486 vos
1024 3427 1176 3496 armate,
1205 3415 1322 3484 Crucis

63 3505 171 3576 vexillo
187 3531 243 3578 ros
260 3508 487 3578 communite.
515 3513 584 3578 Hoc
601 3507 691 3576 enim
712 3507 759 3576 vel
785 3507 931 3576 maxime
954 3505 1005 3574 illi
1024 3505 1144 3574 timent
1164 3517 1196 3573 et
1220 3525 1323 3592 expa-

10 3655 11 3658 ,
63 3611 201 3664 sescum.
228 3603 298 3666 Hoc
323 3596 421 3666 vobis
445 3595 563 3666 datum
580 3609 631 3666 est
647 3608 795 3676 scutum,
817 3618 886 3683 quo
907 3595 1045 3685 possitis
1063 3592 1189 3684 ignitas
1206 3614 1322 3662 omnes

10 3729 11 3776 3
65 3681 193 3774 maligni
208 3687 352 3776 sagittas
368 3685 456 3754 extin
486 3707 576 3754 uere.
593 3685 744 3754 Proiecto
757 3705 880 3774 magna
895 3705 948 3754 res
963 3697 1014 3754 est
1030 3683 1168 3772 signum
1186 3682 1320 3762 Christi,

10 3811 12 3852 ᾗ
64 3783 93 3836 et
108 3793 182 3842 crux
198 3775 341 3844 Christi:
359 3773 417 3844 sed
436 3709 505 3842 iths
520 3773 602 3843 solis
622 3772 768 3864 prodest,
787 3774 848 3858 qui
863 3773 996 3842 faciunt
1010 3770 1172 3842 mandata
1186 3771 1320 3840 Christi.

10 3853 12 3928 ῗ
69 3861 104 3924 tlt
123 3881 196 3951 ergo
221 3865 324 3932 etiam
348 3863 444 3932 vobis
463 3863 589 3950 prosit,
615 3873 794 3951 praecepta
821 3861 897 3948 ejus
918 3860 995 3930 totis
1022 3861 1153 3930 viribus
1181 3859 1324 3949 implere

10 3973 12 4008 t
69 3951 261 4020 coutendite:
279 3965 313 4020 et
328 3951 400 4020 sive
424 3951 583 4029 sedeatis
610 3952 680 4020 sive
705 3949 900 4027 ambuletis
928 3949 998 4017 sive
1019 3949 1228 4029 comedatiS,
1256 3948 1340 4018 sire'

10 4011 12 4108 l
71 4031 177 4105 lectum
201 4040 409 4120 ascendatis
439 4040 546 4108 sicea
572 4039 659 4108 lecto
682 4039 844 4128 surgatis
874 4057 1009 4126 semper
1038 4037 1162 4106 Christi
1186 4037 1323 4125 signum

10 4145 11 4148 ¹
73 4125 188 4196 muniat
203 4127 348 4198 lrontem
364 4139 532 4197 vestram:
552 4141 588 4196 ut
609 4150 665 4198 ros
685 4149 821 4216 semper
838 4125 1003 4195 memoria
1022 4125 1077 4193 Dei
1097 4137 1129 4194 et
1146 4125 1326 4212 vigilantes

76 4225 220 4304 strengel,
245 4229 278 4286 et
303 4215 478 4286 custodiat
497 4215 726 4286 dormientes:
748 4228 781 4285 et
807 4215 941 4302 quoties
962 4225 1061 4282 nocte
1076 4213 1268 4301 evigilatis,
1294 4223 1327 4280 et

77 4317 200 4372 somnus
216 4306 259 4375 ab
278 4305 391 4376 oculis
415 4303 554 4384 recedit,
578 4325 655 4374 mor
676 4303 776 4374 labiis
794 4304 931 4393 signum
951 4301 1069 4370 Crucis
1093 4301 1324 4389 imprimatur.

81 4403 160 4459 inens
176 4394 387 4465 orationihus
412 4406 611 4484 occupetur,
635 4393 691 4462 Dei
710 4404 890 4482 praecepta
911 4390 1028 4459 auimo
1057 4388 1258 4470 volvantur,
1285 4407 1328 4454 ne
