2972 4826
60 313 156 380 llll-b
359 331 398 376 or
421 329 654 378 scansusrrorvx
679 331 706 376 s.
735 328 862 378 nicensi
886 331 937 376 ur.
1179 314 1241 378 ⁴89

58 415 148 482 habere
178 426 374 503 coeperunt.
408 419 477 484 Non
510 414 603 484 enim
629 413 699 483 illis
733 425 968 503 opportunum
1001 425 1073 482 erat
1109 426 1169 485 aut
1190 437 1285 484 com·

57 502 173 582 uadum,
198 502 255 570 sed
280 502 410 593 oppido
433 503 611 573 sinistrum
633 514 667 572 et
692 502 935 572 inconveniens
959 500 1105 572 ulterius
1129 524 1200 572 rem
1219 502 1286 571 dif-

55 590 123 659 ferre.
147 591 247 660 Solari
270 592 365 661 enim
395 591 554 681 lampade
580 591 622 661 ad
647 613 808 662 occasum
842 602 1001 680 vergente
1023 589 1096 678 jam
1123 591 1286 681 advespe-

53 679 187 750 rascebat:
213 701 335 768 resque
360 680 434 769 ipsa
457 693 490 750 et
513 680 609 749 locus
634 680 862 770 peregrinus,
890 678 1092 766 reditusque
1114 679 1156 750 ad
1183 701 1285 751 naves

51 767 212 838 dilationem
236 791 275 840 ac
313 770 528 839 securitatem
560 767 630 838 illis
655 769 798 838 minime
833 768 1083 858 permittebant.
1112 769 1172 838 His
1201 791 1283 859 ergo

51 858 251 926 convenienter
279 857 534 948 prudenterque
559 856 716 948 provisis,
747 877 848 946 saepe
876 857 1070 927 nominatos
1096 858 1284 927 monachos

49 947 131 1034 primo
151 945 491 1036 comprehenduntet
506 957 644 1017 tenent:
663 944 788 1016 deinde
803 945 1034 1035 speculatores
1056 947 1282 1024 constituunt,

46 1034 88 1120 qui
101 1035 240 1122 undique
260 1036 437 1105 venientes
460 1046 694 1125 prospectent,
722 1056 764 1104 ne
786 1034 871 1121 quid
895 1034 940 1104 ab
969 1035 1166 1124 improviso,
1192 1035 1284 1122 quod

44 1125 212 1211 neutiquam
230 1124 369 1204 veilent,
389 1123 458 1194 illis
475 1123 685 1194 incommodi
703 1123 883 1194 accideret.
912 1122 1053 1193 Stabant
1075 1125 1177 1193 etiam
1202 1125 1284 1196 hine

45 1211 106 1279 inde
118 1214 228 1282 armati
255 1235 318 1302 per
342 1213 510 1294 tramites,
544 1225 581 1282 ut
605 1212 743 1284 fortuito
767 1212 986 1282 advenientes
1016 1225 1189 1302 caperent,
1221 1235 1283 1282 nec

45 1300 116 1368 abira
135 1301 301 1371 sinerent:
323 1323 386 1372 nec
406 1301 489 1372 adeo
511 1301 623 1390 pavidi
647 1314 755 1381 erant,
783 1302 918 1372 tametsi
944 1323 1111 1372 numerus
1135 1315 1285 1371 armato-

45 1410 102 1458 mm
124 1411 181 1458 oon
198 1391 378 1461 excederet
400 1390 630 1479 quadraginta
648 1403 680 1460 et
701 1401 848 1478 quatuor
860 1391 1017 1478 juvenes,
1040 1390 1098 1460 sed
1124 1390 1285 1460 audacis-

43 1476 136 1558 simos
154 1479 232 1566 quin
250 1479 414 1550 hostibus
425 1477 620 1568 quadruplo
641 1478 800 1568 pluribus
813 1477 944 1548 fortiter
959 1478 1083 1548 vellent
1107 1479 1282 1560 obsistere,

43 1587 89 1634 uec
109 1581 263 1638 verterent
283 1583 391 1668 terga,
422 1581 481 1639 aut
504 1567 574 1638 illis
595 1589 720 1638 manus
745 1566 928 1637 traderent.
963 1567 1024 1638 His
1051 1580 1163 1638 autem
1189 1580 1288 1638 caute

44 1655 265 1744 prudenterque
290 1656 377 1726 forts
404 1657 591 1735 ordinatis,
621 1657 714 1726 intus
739 1657 916 1746 presbyter
945 1654 1021 1735 ille,
1055 1677 1156 1741 quem
1182 1679 1288 1746 supra

44 1744 280 1824 nominavimus,
302 1758 337 1816 et
356 1744 442 1815 alter
455 1745 651 1815 consodalis
666 1744 885 1816 Grimoaldus
902 1744 1053 1824 nomine,
1067 1766 1147 1814 cum
1166 1747 1285 1834 paucis

44 1829 103 1898 aliis
122 1834 152 1902 io
174 1834 322 1906 ecclesia
346 1847 475 1904 stantes
496 1855 612 1924 preces
629 1833 803 1914 inchoant,
829 1829 1067 1920 quae'usitato
1096 1855 1188 1903 more
1213 1834 1288 1904 lita·

47 1919 102 1988 niae
116 1936 283 1993 vocantur.
313 1922 379 1992 Sed
408 1923 529 1992 timore
557 1923 684 2012 pariter
707 1934 739 1992 et
764 1937 908 1992 tremore
932 1921 1100 2009 correpti,
1128 1943 1166 1991 ae
1196 1923 1289 1992 velut

52 2005 188 2082 dementes
203 2013 332 2093 effecti,
347 2011 485 2101 linguae
502 2014 732 2082 instrumento
749 2009 924 2100 impedito,
941 2030 1030 2096 quae
1045 2009 1289 2080 inchoaverant

54 2093 147 2168 clarius
159 2101 355 2191 exprimere
365 2121 433 2168 non
453 2099 622 2170 valebant.
641 2104 774 2170 Interea
788 2098 975 2170 Matthaeus
990 2119 1082 2168 unus
1103 2099 1286 2178 extractis,

56 2181 133 2280 ferreo
150 2203 280 2280 arrepto
309 2188 434 2258 malleo
454 2189 687 2278 pavimentum
716 2207 949 2258 marmoreum
975 2186 1144 2276 percussit
1167 2199 1199 2254 et
1222 2186 1289 2256 fre-

55 2283 99 2358 git,
118 2275 250 2365 subque
266 2291 487 2348 caementum
513 2277 699 2367 reperiunt.
726 2280 799 2359 Quo
815 2275 1027 2346 comminuto
1046 2287 1078 2344 et
1094 2275 1212 2363 ejecto,
1231 2296 1290 2346 ur-

56 2380 103 2429 nae
125 2364 249 2438 dorsum
278 2387 493 2436 marmoreae
521 2365 701 2436 confestim
735 2365 907 2454 apparuit.
933 2364 1021 2436 Hine
1057 2385 1138 2452 ergo
1174 2375 1290 2434 exorta

53 2445 156 2536 laetitia,
170 2457 284 2546 magis
303 2477 344 2524 ac
364 2454 474 2545 magis
489 2453 614 2534 fodere,
637 2466 852 2538 veteremque
866 2453 1066 2540 juncturam
1088 2451 1194 2522 calcis
1206 2475 1288 2524 cum

49 2540 144 2610 asciola
163 2544 320 2634 quadam
342 2564 501 2632 rumpere
517 2565 556 2611 ac
580 2542 761 2632 dissipare,
792 2541 1051 2630 fragmentaque
1072 2540 1195 2628 ejicere
1221 2563 1288 2610 non

47 2627 205 2704 tardabant.
225 2632 366 2716 Quibus
383 2631 510 2718 ejectis,
529 2630 679 2718 lorisque
694 2629 765 2721 pila
789 2630 930 2710 detecta,
947 2643 1049 2717 atque
1073 2652 1092 2697 a
1108 2631 1180 2719 jam
1198 2629 1289 2698 dicto

38 2715 138 2798 juvene
160 2722 286 2792 malleo
314 2721 495 2810 pereussa,
522 2718 818 2810 fragrantissimus
849 2719 963 2789 subito
987 2741 1027 2788 ac
1062 2718 1290 2788 suavissimus

41 2803 106 2962 'odor¹
126 2809 241 2908 exivit,
269 2809 332 2897 qui
358 2809 444 2880 mira
468 2830 526 2878 eos
566 2809 626 2898 qui
655 2808 825 2888 aderant,
853 2808 1030 2878 suavitatis
1067 2807 1291 2878 delectatione

40 2909 180 2980 imperit.

71 2984 140 3068 Μ.
165 2986 261 3056 ldem
281 3007 360 3056 vero
371 2985 510 3074 juvenis
533 2985 723 3054 immittens
741 3005 894 3064 manum,
921 2985 1101 3073 primoque
1117 2984 1289 3070 liquorem

42 3071 203 3163 attingens,
230 3075 343 3144 sensit
366 3095 439 3144 esse
463 3073 561 3142 valde
583 3073 775 3163 copiosum,
805 3073 850 3142 ita
874 3085 912 3142 ut
936 3095 1022 3142 urna
1043 3072 1175 3154 eadem,
1203 3093 1292 3158 quae

41 3178 95 3228 uon
111 3183 210 3249 parva
233 3174 333 3244 erat,
362 3163 462 3249 quasi
485 3183 594 3252 usque
618 3161 661 3232 ad
692 3160 844 3232 medium
877 3160 978 3250 plena
1001 3182 1076 3230 esse
1100 3160 1291 3230 videbatur.

40 3249 147 3344 ltainde
172 3253 387 3339 immergens
416 3250 601 3332 dexteram,
633 3251 831 3320 thesaurum
859 3237 1166 3339 pretiosissimum?
1189 3270 1292 3334 quem

39 3337 185 3408 meffabili
209 3339 382 3410 desiderio
409 3340 610 3429 quaerebat,
638 3339 786 3408 invenit:
820 3339 1067 3424 inventumque
1094 3335 1291 3436 impavidus

37 3424 171 3497 celeriter
194 3427 349 3498 extraxit.
370 3433 453 3498 Nam
470 3428 648 3518 sicutipse
669 3427 768 3498 nobis
785 3427 911 3507 retulit,
927 3426 1041 3496 verbis
1064 3424 1290 3496 credibilibus

39 3509 124 3608 idem
152 3517 311 3598 faciens,
337 3539 514 3604 nunquam
545 3537 581 3586 se
605 3528 675 3588 tam
698 3537 859 3588 securum
883 3527 985 3602 atque
1008 3514 1203 3585 interritum
1228 3525 1291 3584 ste-

40 3609 105 3672 trsse
126 3603 309 3676 fatebatur.
336 3605 431 3676 Unde
445 3605 524 3692 quis
543 3604 696 3695 ambigat
716 3617 808 3678 tanto
825 3603 859 3672 in
884 3625 998 3693 opere,
1015 3626 1058 3674 ne
1076 3601 1288 3702 formidaret,

38 3708 89 3776 ope
108 3693 269 3784 tngelioa
284 3715 363 3764 eum
387 3693 494 3766 fuisse
513 3693 777 3764 confirmatum?
800 3693 968 3783 Expositis
992 3705 1106 3762 autem
1127 3691 1295 3764 membrts

40 3782 163 3850 caeteris
185 3782 331 3854 confuse
365 3805 404 3852 ac
428 3795 576 3864 temere,
601 3795 706 3873 eaput
729 3781 845 3852 adbuc
869 3781 995 3852 deerat.
1029 3785 1102 3864 Quo
1134 3780 1290 3850 nondum

39 3881 165 3954 reperto,
190 3872 308 3944 tristes
332 3871 590 3960 aliquantulum
614 3883 696 3942 sunt
733 3870 856 3942 effecti.
881 3875 1095 3959 Quapmpter
1120 3868 1294 3939 inclinans

42 3974 69 4022 se
78 3956 209 4045 juvenis
225 3959 296 4044 ille,
316 3981 383 4033 uon
401 3973 440 4032 ut
463 3961 561 4050 prius
585 3959 667 4032 solis
685 3959 859 4030 immersis
880 3959 1042 4030 manibus
1061 3959 1097 4028 in
1119 3957 1227 4028 multo
1251 3957 1294 4028 li·

43 4062 130 4126 quore
156 4049 324 4135 quaesivit
347 4049 453 4130 illud,
481 4048 725 4120 verumetiam
758 4048 905 4118 audacia
937 4047 1118 4120 temeraria
1148 4047 1294 4137 pedibus

44 4127 220 4288 ingrediens
235 4138 300 4228 (sic
323 4139 415 4208 enim
443 4137 627 4209 necessitas
655 4137 861 4208 admonebat
900 4149 1058 4208 sanctum
1082 4148 1187 4225 eaput
1210 4138 1294 4208 binc

46 4237 69 4286 u
92 4243 108 4290 e
128 4227 315 4310 quaesivit:
342 4238 544 4318 repertoque
566 4232 726 4317 egressus
741 4240 803 4308 est,
822 4247 860 4296 sa
877 4226 998 4296 utifero
1012 4225 1055 4295 de
1069 4225 1169 4298 latice
1193 4231 1296 4296 vesti-

47 4299 95 4376 bus
115 4324 146 4381 et
170 4325 236 4383 toto
256 4337 399 4405 corpore
414 4313 637 4386 madefactus.
657 4319 796 4388 Factum
821 4314 855 4384 id
880 4328 931 4385 est
953 4313 1158 4398 duodecimo
1175 4314 1293 4384 Calen-

49 4389 94 4466 das
114 4402 200 4491 ltaji.
234 4408 363 4476 Interea
391 4403 533 4494 quidam
559 4427 600 4476 ex
622 4403 926 4476 circumstantibus
952 4403 1067 4476 nautis
1094 4402 1294 4474 clanculum
