2972 4826
206 291 270 358 Sil
457 311 496 357 nn
520 309 549 358 s.
574 307 732 357 avanano
756 309 805 354 sn.
834 305 959 354 aaaron.
985 307 1023 354 rr
1047 305 1136 356 noar.
1296 285 1407 372 bat,.t

205 397 223 482 ξ
249 399 324 466 25.
353 392 416 464 Sed
441 406 473 463 et
497 392 616 463 eodem
634 404 800 482 tempore,
821 413 890 480 quo
913 413 933 461 a
959 392 1059 462 nobis
1077 392 1237 548 mgravit
1254 388 1292 459 ad
1313 387 1409 458 bomi-
1477 401 1478 470 j

162 505 260 564 num,
278 483 321 552 ab
338 481 419 553 bora
436 483 572 552 circiter
594 481 779 551 undecima
803 481 884 562 diei,
905 481 1072 568 usquead
1099 479 1121 548 il
1139 502 1194 548 am
1218 481 1339 558 boram,
1354 497 1410 564 qua

161 572 277 642 emisit
300 571 474 660 spiritum,
497 573 658 660 expansis
676 571 838 641 manibus
862 571 896 638 in
925 569 1063 638 modum
1091 569 1205 638 crucis
1221 568 1334 639 oravit.
1357 569 1412 634 llos

161 683 239 730 vero
264 660 355 729 labia
379 659 474 728 illius
500 661 625 729 moveri
648 658 860 740 videbamus,
885 680 999 728 vocem
1031 670 1145 727 autern
1177 679 1242 727 non
1269 654 1412 726 audieba·
1477 673 1478 738 t

162 771 252 820 mus.
281 753 474 818 Honoratus
499 763 624 830 autern,
656 748 815 819 sacerdos
838 747 1003 818 ecclesiae
1026 746 1262 818 vercellensis.
1287 739 1363 814 cuni
1381 742 1409 840 in
1477 743 1478 838 p

162 837 333 927 superiori
347 837 449 907 domo
467 858 502 906 se
517 837 558 906 ad
576 837 723 925 quietem
746 839 1007 925 composuisset,
1029 836 1126 906 tertio
1147 857 1260 904 vocem
1280 844 1414 903 vocantis
1477 841 1478 848 ’

163 948 199 996 εε
218 925 360 1006 audivit,
380 925 593 1012 dicentisque
610 926 688 995 sibi:
709 948 727 992 a
745 931 862 1015 Surge,
886 924 1020 1004 lestina,
1040 925 1121 1012 quia
1139 924 1239 994 modo
1255 935 1305 994 est
1321 941 1416 990 reces-

163 1036 278 1085 surus.
298 1037 316 1081 ι
334 1015 400 1097 Oui
424 1014 648 1094 descendens,
667 1015 791 1084 obtulit
815 1020 937 1083 Sancto
963 1015 1098 1083 Domini
1113 1035 1252 1102 corpus.
1279 1018 1347 1095 Quo
1368 1029 1416 1076 ac-

161 1117 270 1192 cepto,
290 1103 349 1172 ubi
375 1102 522 1194 glutivit,
541 1103 655 1173 emisit
675 1103 836 1192 spiritum
852 1104 889 1183 *;
911 1104 1039 1172 bonum
1062 1103 1222 1172 viaticum
1242 1121 1352 1171 secum
1378 1096 1417 1166 le-

162 1213 264 1273 rens,
291 1207 329 1261 ut
353 1193 387 1260 in
414 1194 536 1262 virtute
560 1214 656 1261 escae
679 1194 797 1260 anima
822 1191 987 1272 refectior,
1010 1190 1211 1282 angelorum
1239 1211 1331 1260 nunc
1347 1207 1417 1256 con·

163 1281 278 1360 sartio,
304 1301 451 1367 quorum
477 1281 579 1350 vitam
607 1281 688 1350 vixit
715 1282 750 1348 in
780 1282 890 1357 terris,
909 1294 942 1350 et
970 1280 1062 1348 Eliae
1087 1281 1244 1351 societate
1265 1279 1415 1351 inetetur;

161 1370 254 1456 quia,
279 1384 316 1438 ut
340 1368 430 1438 Elias
456 1391 633 1456 nunquam
667 1369 805 1459 regibus
834 1369 883 1440 vel
910 1368 992 1438 ullis
1021 1370 1268 1458 potestatibus,
1299 1368 1343 1437 ita
1366 1385 1419 1432 nec

162 1461 225 1527 iste
256 1480 317 1547 pro
343 1459 397 1526 llei
424 1459 544 1527 timore
569 1458 662 1545 loqui
689 1459 817 1528 veritus
840 1471 902 1528 εει.
928 1463 1035 1544 Atque
1066 1459 1146 1526 inde
1180 1457 1222 1526 ad
1250 1454 1418 1526 ecclesiam

162 1548 325 1635 majorem
352 1547 557 1616 antelucana
576 1547 673 1627 lrord,
692 1569 760 1633 qua
785 1546 969 1617 defunctus
988 1559 1049 1628 est,
1066 1567 1193 1635 corpus
1219 1547 1329 1634 ipsius
1351 1563 1421 1633 por·

162 1647 269 1705 tatum
296 1647 370 1714 est,
398 1636 514 1721 ibique
537 1635 655 1705 eddam
682 1635 746 1704 luit
772 1649 884 1714 nocte,
910 1657 978 1722 qua
1004 1635 1189 1726 vigilamus
1217 1635 1251 1702 in
1278 1633 1418 1704 Pascha:

162 1745 263 1811 quem
281 1724 423 1814 plurimi
438 1723 585 1796 infantes
603 1725 775 1814 baptizati,
791 1747 870 1794 cum
887 1747 905 1793 a
923 1725 1014 1794 lonte
1027 1726 1192 1800 venirent,
1203 1724 1371 1800 viderunt,
1383 1719 1421 1786 ita

161 1827 198 1882 ut
217 1812 325 1900 aliqui
341 1813 514 1882 sedantem
534 1814 567 1882 in
586 1813 748 1882 cathedra
767 1811 929 1882 tribunali
946 1813 1114 1892 dicerent;
1142 1811 1200 1881 alii
1218 1834 1298 1881 vero
1317 1829 1423 1880 ascen·

162 1901 297 1971 dentem
324 1903 397 1972 suis
423 1903 623 1990 parentibus
647 1903 755 1992 digito
778 1903 1011 1972 ostenderent:
1039 1901 1096 1970 sed
1124 1901 1173 1969 illi
1196 1901 1360 1978 ridentes,
1381 1897 1422 1993 vi·¹

162 1990 242 2060 dere
260 2012 326 2059 non
353 2004 520 2079 poterant,
539 1990 622 2078 quia
647 1989 831 2060 mundatos
847 1991 966 2061 oculos
991 2011 1058 2059 non
1087 1991 1268 2060 lrabebaut.
1291 1988 1424 2058 Plurima

162 2091 275 2148 autem
295 2080 427 2148 stellam
455 2101 558 2168 supra
585 2101 710 2169 corpus
733 2080 809 2166 ejus
833 2101 870 2148 se
892 2080 1006 2148 videre
1024 2081 1221 2148 narrabant.
1243 2079 1320 2158 Sed,
1343 2078 1424 2144 luce·

161 2181 276 2238 scente
301 2168 356 2236 die
385 2169 585 2248 bominico,
619 2190 698 2237 cum
729 2189 856 2257 corpus
882 2167 994 2246 illius,
1030 2168 1176 2258 peractis
1207 2165 1426 2236 sacramentis

162 2256 306 2338 divinis,
334 2257 542 2327 deecclesia
570 2256 749 2336 levaretur,
782 2257 986 2344 portandum
1013 2256 1055 2325 ad
1088 2255 1267 2325 basilicam
1294 2253 1427 2324 Ambro-

162 2345 307 2426 sianam,
328 2347 361 2412 in
387 2366 454 2430 qua
473 2348 605 2434 positus
624 2359 685 2426 est,
707 2346 751 2414 ita
774 2346 820 2415 ibi
848 2345 1056 2415 daemonum
1083 2346 1180 2414 turba
1206 2342 1379 2413 clamabat
1397 2361 1427 2408 se

161 2434 205 2503 ab
223 2433 283 2504 illo
300 2434 463 2519 torqueri,
483 2448 520 2502 ut
543 2433 693 2520 ejulatus
711 2455 828 2504 eorum
851 2433 932 2502 lerri
959 2455 1025 2502 non
1053 2447 1176 2522 posset.
1206 2437 1301 2514 Quae
1324 2430 1428 2524 gratia

162 2522 353 2592 Sacerdotis
371 2543 437 2590 raon
457 2522 568 2591 solum
596 2523 628 2590 in
649 2522 708 2591 illo
732 2522 817 2602 loco,
841 2523 1076 2592 verumetiam
1104 2524 1138 2590 iu
1167 2521 1331 2611 plurimis
1357 2539 1427 2610 pro·

160 2611 285 2680 vinciis
304 2610 465 2697 usquein
492 2609 695 2680 hodiernum
721 2612 812 2680 diem
845 2624 970 2681 manet.
996 2611 1176 2680 lactabant
1198 2613 1300 2680 etiam
1334 2609 1428 2679 turba

160 2699 312 2769 virorum
334 2721 373 2768 ac
396 2697 580 2768 mulierum
599 2701 710 2768 oraria
728 2700 775 2768 vel
798 2699 1011 2769 semicinctia
1028 2721 1102 2778 sua,
1123 2711 1161 2767 ut
1175 2721 1303 2788 corpus
1318 2695 1429 2768 Sancti

160 2787 379 2874 aliquatenus
402 2789 445 2857 ab
470 2787 556 2876 ipsis
574 2789 843 2877 contingeretur.
866 2794 943 2858 Erat
966 2789 1057 2858 enim
1083 2788 1305 2874 exequiarum
1335 2785 1429 2856 turba

161 2875 438 2956 innumerabilis,
460 2877 562 2947 totius
578 2877 767 2967 dignitatis,
787 2879 958 2964 totiusque
975 2897 1087 2956 sexus,
1103 2877 1332 2966 omniumque
1350 2893 1430 2965 pana

160 2977 323 3046 aetatum,
352 2987 418 3034 non
444 2965 555 3034 solum
575 2966 859 3046 Christianorum,
879 2966 936 3036 sed
962 2967 1063 3035 etiam
1089 2965 1302 3034 ludaeorum
1327 2978 1362 3034 ει
1376 2985 1429 3052 pa·

160 3074 348 3212 ganorum:
372 3055 500 3144 majore
518 3068 584 3124 tam
604 3055 714 3145 gratia
731 3053 815 3124 ordo
833 3054 1057 3144 praecedebat
1070 3075 1202 3134 eorum,
1221 3053 1281 3141 qui
1300 3053 1429 3123 luerant

184 3155 334 3230 aptnan.
409 3165 411 3170 ’

203 3233 221 3318 ξ
247 3236 327 3303 20.
355 3230 493 3312 Eodem,
519 3253 588 3318 quo
613 3232 708 3312 obiit,
736 3230 803 3312 dic,
829 3231 919 3301 sicut
944 3243 1054 3300 textus
1077 3229 1241 3319 epistolae
1269 3230 1426 3317 loquitur,

183 3342 248 3390 uae
272 3343 289 3389 a
311 3341 508 3392 successore
524 3321 599 3410 ejus
624 3320 809 3390 venerabili
835 3321 905 3389 viro
933 3319 1158 3408 Simpliciano
1186 3333 1343 3409 suscepta
1367 3329 1426 3388 est.
1477 3329 1478 3398 l

159 3342 202 3480 ie
227 3411 383 3500 partibus
399 3409 547 3480 Orientis
570 3409 612 3478 ad
638 3409 765 3497 ipsum,
786 3421 962 3495 tamquam
988 3408 1103 3478 adhuc
1121 3409 1302 3478 nobiscum
1320 3407 1428 3476 viven·

161 3511 240 3580 tem,
259 3499 400 3578 directa,
417 3520 506 3585 quae
531 3519 750 3584 nuncusque
775 3496 957 3566 Mediolani
983 3497 1128 3566 liabetur
1155 3499 1188 3565 in
1213 3493 1427 3567 monasterio,
1477 3517 1478 3582 i

159 3587 368 3674 quibusdam
395 3587 477 3656 viris
503 3588 632 3656 sanctis
659 3586 837 3676 apparuit,
866 3607 969 3656 orans
993 3607 1071 3656 curn
1099 3584 1169 3656 illis
1192 3599 1225 3654 et
1249 3585 1428 3675 imponens

160 3675 229 3746 illis
251 3699 386 3748 manus.
410 3675 519 3746 Habet
532 3676 626 3744 enim
646 3675 737 3744 diem
754 3675 909 3762 epistola,
929 3696 998 3761 quo
1015 3674 1145 3744 directa
1164 3688 1226 3755 est,
1246 3696 1315 3760 qua
1330 3673 1425 3746 lecta,
1477 3699 1478 3758 3

160 3765 356 3836 invenimus
380 3767 470 3835 diem
489 3785 574 3845 esse,
593 3785 664 3852 quo
688 3763 745 3833 ille
769 3763 953 3833 defunctus
977 3776 1037 3832 est.
1057 3767 1150 3831 lntra
1170 3763 1327 3832 Tusciam
1349 3759 1429 3828 civi·
1477 3767 1478 3852 t

160 3863 226 3924 tate
247 3855 426 3934 Florentia,
447 3853 506 3924 ubi
529 3874 622 3922 nunc
640 3852 691 3921 vir
708 3866 860 3932 sauctus,
878 3852 1046 3922 zenobius
1075 3851 1227 3931 nominc,
1249 3852 1427 3940 episcopus
1477 3855 1478 3898 l

158 3953 221 4023 est,
238 3943 321 4028 quia
339 3943 554 4032 promiserat,
573 3940 767 4031 petentibus
785 3940 865 4021 illis,
885 3939 964 4010 illos
984 3961 1019 4009 se
1039 3940 1179 4030 saepius
1199 3941 1425 4010 visitaturum,

160 4029 356 4117 frequenter
374 4031 417 4101 ad
441 4030 560 4110 altare,
579 4028 672 4117 quud
695 4044 746 4099 est
771 4031 806 4099 in
831 4027 975 4098 basilica
1000 4028 1237 4108 ambrosiana,
1256 4047 1342 4115 quae
1362 4023 1426 4092 ibl-

159 4117 238 4188 dem
259 4120 303 4190 ab
327 4121 402 4278 igso
422 4118 608 4188 constituta
630 4130 694 4198 cst,
713 4119 823 4186 visum
848 4139 958 4197 orare,
979 4117 1054 4206 ipsc
1079 4131 1198 4187 sancto
1222 4117 1294 4187 viro
1321 4131 1427 4184 sacer·
1477 4171 1478 4180 2

159 4205 237 4278 dote
256 4213 343 4278 Zeno
370 4210 401 4277 io
424 4207 589 4278 referente
608 4205 807 4277 didicimus.
828 4211 865 4275 ln
891 4205 1009 4276 eadem
1035 4206 1138 4276 etiam
1162 4205 1277 4287 domo,
1304 4205 1335 4274 iu
1358 4218 1424 4288 qua
1477 4213 1478 4236 ³

159 4366 450 4467 ndulilllibi⁸blseil⁸³lmu⁸
464 4369 596 4419 Episcopus
610 4371 688 4416 nocte,
703 4379 762 4419 quse
776 4369 837 4410 atam
854 4372 966 4418 quartum
977 4367 1060 4418 aprilis
1070 4369 1275 4420 prrsaadimaao,
1287 4360 1423 4415 utsuprrtus
