2972 4826
266 305 328 370 teo
639 321 678 386 px
701 321 729 382 c,
755 318 888 370 nicoeno
912 319 987 366 nvn.
1011 319 1062 366 rr.
1087 365 1091 374 ,
1343 299 1451 364 libet

219 406 423 494 nequissimi
448 404 600 475 hominis
624 404 693 475 vim
718 415 820 491 etque
839 403 1016 491 injuriam.
1035 402 1257 472 Eustachium
1273 403 1355 472 enim
1372 407 1453 472 Prae·

219 495 345 566 lectum
380 493 477 564 urbis
507 514 592 562 auro
627 493 779 574 vietum,
810 505 878 562 tres
916 491 1215 564 innocentissimos
1246 492 1330 562 cives
1363 491 1453 580 capite

219 584 419 664 damnasse,
445 582 614 653 civitatem
640 602 776 654 munem
803 582 837 650 in
864 581 960 655 luctu
983 603 1080 662 esse,
1105 602 1211 653 unam
1235 579 1388 669 reliquam
1409 603 1455 650 su-

220 693 356 762 peresse
381 672 415 738 in
441 669 578 742 Nicolao
602 691 718 760 spem:
736 670 796 757 qui
820 670 849 739 si
872 669 1038 752 affuisset,
1056 669 1115 740 ille
1139 691 1315 757 nunquam
1331 681 1389 739 tam
1405 667 1455 736 im·
1480 693 1481 722 2

218 782 321 832 mane
345 759 479 830 lacinus
497 760 532 828 in
550 759 706 828 animum
732 758 942 839 induxisset;
962 781 1051 860 opus
1066 780 1141 828 esse
1158 769 1341 842 maturato;
1358 757 1390 826 ni
1402 757 1456 824 cito
1480 767 1481 844 t

219 848 417 930 accurrerit,
440 847 482 916 de
506 847 618 937 capite
641 859 673 916 et
697 845 844 917 lortunis
865 847 1053 917 insontium
1074 859 1189 918 actum
1215 869 1299 916 esse.
1317 851 1396 916 Haec
1417 844 1457 912 illi
1480 849 1481 918 i

220 959 301 1009 eum
319 937 439 1006 flentes
456 935 737 1016 lamentarentur,
756 937 807 1005 vir
831 937 900 1018 Dei,
920 936 1125 1022 divinaeque
1140 935 1386 1007 misericordiae
1398 933 1456 1002 imi·
1480 925 1481 1012 l

221 1037 318 1108 tator,
346 1026 395 1095 rei
415 1025 615 1110 crudelitate
639 1023 856 1094 vehementer
880 1025 1040 1115 percitus,
1060 1026 1124 1094 iter
1140 1026 1273 1114 arripit.
1295 1021 1457 1096 Constanti·

220 1116 325 1202 nique
349 1114 478 1204 legatos
501 1127 619 1184 contra
643 1113 804 1184 Praefecti
829 1115 918 1195 vim,
945 1114 975 1184 si
995 1125 1170 1204 oporteat,
1199 1115 1266 1186 sibi
1290 1113 1417 1184 comites
1435 1113 1481 1178 et*

220 1204 394 1291 adjutores
417 1202 586 1292 adjungit.
614 1207 732 1290 ltaque
755 1224 835 1272 cum
866 1203 900 1270 in
934 1202 1060 1282 locum,
1092 1203 1149 1274 eui
1184 1207 1249 1274 Leo
1275 1223 1388 1272 nomen
1410 1211 1456 1274 est,

222 1291 423 1373 advolasset,
445 1291 562 1362 obvios
585 1291 753 1379 quosdam
775 1302 888 1380 rogat,
910 1291 938 1358 si
958 1291 1040 1378 quid
1059 1291 1101 1362 de
1119 1291 1228 1361 tribus
1244 1286 1458 1362 bisdamoetis

221 1381 355 1450 civibus
378 1379 591 1469 exploratum
613 1381 787 1451 baberent.
807 1379 861 1450 llli
880 1379 1059 1466 reliquisse
1078 1401 1135 1450 eos
1159 1379 1271 1468 ajunt,
1291 1381 1322 1448 in
1339 1375 1459 1448 Castoris

222 1481 255 1540 et
288 1468 437 1538 Pollucis
460 1491 583 1558 campo
607 1481 753 1549 tractos,
781 1481 819 1538 ut
849 1481 1091 1538 mactarentur.
1126 1475 1211 1538 Tum
1249 1467 1399 1538 Nicolaus
1429 1463 1458 1532 ad

222 1557 336 1628 locum
362 1557 455 1626 velox
474 1557 660 1638 contendit,
675 1569 713 1628 ut
733 1557 870 1628 illorum
894 1558 1088 1645 praeveniat
1103 1579 1233 1628 necem.
1249 1558 1322 1627 lem
1343 1556 1460 1626 miseros

204 1645 300 1714 'illos
323 1645 474 1715 crudelis
498 1645 648 1716 carnifex
673 1646 809 1732 tyranni
829 1646 934 1735 jussu
958 1645 1000 1715 ad
1027 1658 1159 1734 portam
1184 1645 1251 1714 loci
1267 1655 1458 1737 pertraxerat.

223 1733 285 1804 ubi
308 1735 426 1824 capite
442 1733 622 1806 damnatos
657 1735 757 1834 plecti
789 1756 863 1804 mos
887 1747 970 1804 erat.
996 1739 1068 1817 Quo
1100 1733 1258 1805 Nicolaus
1295 1729 1460 1803 incredibili

222 1821 344 1892 ardore
372 1822 522 1924 flagrans
549 1845 629 1893 curn
659 1823 851 1912 irrupisset,
882 1824 973 1894 videt
1003 1845 1163 1914 maguam
1193 1823 1385 1892 mortalium
1411 1820 1459 1886 vin

224 1911 377 1998 undique
399 1910 659 1992 circumfusam,
681 1925 713 1980 et
737 1926 804 1980 tres
819 1912 1000 2001 (miserum
1018 1911 1144 2000 diotul)
1161 1933 1288 1982 manus
1304 1923 1375 2003 post
1389 1923 1460 2002 terga

224 2001 366 2082 vinctos,
392 2014 425 2070 et
448 2000 581 2070 lumina
606 1999 744 2070 linteolo
776 1999 917 2081 velatos,
950 2000 1043 2070 nuda
1067 2001 1153 2070 eolla
1178 2001 1351 2070 carnificis
1373 2017 1459 2069 securi

224 2089 436 2246 praebentes.
458 2093 484 2158 0
509 2090 673 2160 miserum
692 2088 942 2179 spectaculum,
960 2101 993 2159 et
1016 2089 1197 2158 indionum
1218 2089 1375 2178 profecte,
1392 2081 1459 2172 quod
1480 2107 1481 2142 t

248 2199 395 2248 umanos
420 2177 538 2248 oeulos
566 2200 648 2248 suae
673 2177 899 2248 immanitatis
927 2190 1027 2248 testes
1051 2143 1209 2247 haberet!
1236 2184 1313 2248 lam
1338 2171 1460 2247 camisos

223 2267 371 2335 securim
388 2277 550 2346 erexerat,
568 2279 600 2336 et
623 2265 749 2338 furenti
773 2266 909 2348 similis,
929 2266 1140 2338 truculentos
1156 2265 1275 2338 oculos
1292 2271 1326 2335 in
1347 2265 1461 2334 miseras

223 2355 371 2426 eervices
392 2355 566 2434 defixerat,
593 2354 678 2428 nihil
706 2353 800 2425 aliud
825 2376 929 2444 quam
954 2355 1191 2425 crudelitatem
1212 2369 1315 2456 etque
1330 2369 1459 2425 cruorem

223 2454 333 2532 gestu,
355 2443 465 2524 vultu,
484 2442 649 2532 foedaque
665 2465 744 2514 voce
768 2443 981 2532 significans.
1008 2449 1046 2514 m
1062 2443 1200 2512 divinus
1225 2444 1282 2514 hic
1308 2455 1422 2516 noster,
1437 2447 1461 2504 ut

225 2530 375 2630 primum
402 2531 458 2619 pia
482 2530 616 2601 lumina
643 2531 772 2602 nelarie
797 2531 912 2620 injecit
936 2532 1154 2620 spectaculo,
1179 2554 1245 2602 nou
1273 2532 1462 2602 tumultuans

222 2619 375 2706 quidem,
391 2633 450 2690 aut
470 2619 683 2702 temerariae,
703 2620 761 2692 sed
778 2621 933 2776 praviter
949 2619 1148 2702 admodum,
1168 2633 1297 2692 etcum
1315 2619 1462 2690 severitate

223 2709 420 2778 carnificem
445 2729 520 2778 com
548 2708 643 2778 ellat:
666 2732 685 2776 a
710 2709 774 2791 Qui
816 2709 902 2799 agis,
922 2708 1087 2780 sceleste?
1107 2711 1261 2779 Securim
1287 2709 1463 2783 eontinet

223 2794 396 2882 simulque
432 2729 598 2866 accedbos
633 2796 852 2887 intrepidus,
878 2810 911 2866 et
934 2797 1081 2868 fiduciae
1106 2798 1253 2886 plenus,
1288 2821 1364 2868 cum
1394 2791 1464 2881 regit

222 2883 372 3040 puadam
396 2885 607 2966 auctoritate,
630 2888 778 2956 securim
803 2909 822 2955 e
848 2887 1008 2958 manibus
1032 2900 1193 2957 extortam
1215 2888 1354 2976 abjicit;
1379 2883 1465 2953 tribus

249 2973 397 3044 amnatis
425 2973 558 3051 lumina
588 2989 620 3044 et
645 2997 768 3044 manus
793 2974 926 3057 reddit,
958 2975 1115 3062 bonoque
1139 2976 1257 3046 animo
1284 2997 1358 3046 esse
1377 2973 1462 3062 jubet

222 3063 313 3130 llaec
337 3083 416 3130 eum
442 3063 486 3132 ita
511 3063 641 3143 fierent,
670 3085 770 3132 nemo
794 3077 906 3132 tameo
925 3064 1109 3151 quisquam
1135 3087 1242 3134 ausus
1266 3079 1318 3136 est
1340 3075 1464 3134 excom

223 3151 458 3249 apparitorum
484 3151 596 3232 turba,
620 3174 686 3222 non
717 3151 817 3222 modo
843 3152 980 3223 Nicolao
1004 3153 1179 3234 obsistere,
1200 3154 1258 3222 sed
1286 3175 1327 3223 oe
1352 3154 1383 3221 io
1407 3164 1464 3242 eum

222 3239 360 3325 quidem
389 3239 437 3308 vel
463 3240 616 3310 attollere
639 3239 773 3312 oeulos:
803 3253 895 3310 tanta
910 3242 1152 3312 eratmoribus
1168 3244 1466 3327 auctoritasque

223 3338 324 3427 atque
355 3331 535 3415 majestas,
564 3341 724 3415 tantaque
755 3328 798 3398 de
831 3328 926 3398 illius
957 3330 1080 3400 virtute
1109 3331 1267 3400 omnium
1293 3326 1466 3398 rnortalium

221 3417 438 3516 existimatio.
463 3419 523 3488 Rei
549 3429 721 3507 praeterea
745 3417 933 3507 indignitas
959 3418 1028 3488 illis
1050 3419 1104 3508 (ut
1129 3419 1292 3508 arbitror)
1314 3434 1425 3487 manus
1443 3419 1467 3506 tl

223 3504 379 3594 linguam
408 3504 592 3577 ademerat.
628 3511 712 3575 Tum
745 3518 812 3576 tres
836 3506 912 3587 illi,
939 3507 1150 3577 sanctissimi
1176 3509 1239 3577 viri
1263 3504 1422 3577 beneficio
1441 3515 1466 3563 1ss

224 3593 336 3664 lucem
365 3593 524 3678 restituti,
550 3605 678 3682 quanta
702 3607 859 3686 poterant
881 3617 962 3666 voce
989 3617 1070 3667 cum
1095 3596 1260 3685 lacrymis
1284 3590 1467 3683 benefieiop

223 3681 440 3764 extollebant,
469 3684 642 3771 simulque
665 3684 847 3769 universus
871 3706 1028 3774 campus,
1055 3685 1091 3754 in
1121 3707 1223 3772 quem
1251 3683 1333 3754 sacti
1358 3682 1468 3750 miseri·

223 3769 341 3840 cordia
363 3773 532 3843 civitatem
559 3795 665 3864 prope
688 3795 825 3842 omnem
843 3773 1046 3854 conciverat,
1067 3773 1101 3841 iu
1122 3775 1198 3862 ejus
1217 3773 1339 3844 laudes
1354 3783 1467 3838 resona·

224 3857 292 3926 bat.
326 3863 418 3929 luter
453 3861 536 3932 haee
572 3861 764 3932 Praefectus
793 3861 891 3933 urbis
917 3884 996 3932 cum
1022 3862 1237 3944 advenisset,
1263 3861 1295 3931 ei
1330 3854 1466 3932 Nicolaus

225 3947 494 4046 peque'obviam
520 3951 592 4031 ire,
619 3973 730 4038 neque
753 3951 944 4020 venientem
975 3951 1146 4040 inspicere
1171 3973 1294 4041 passus
1317 3961 1376 4020 est.
1400 3947 1467 4009 Tum

224 4033 294 4133 ille,
320 4057 391 4104 sive
416 4037 555 4108 sceleris
580 4039 634 4110 sui
654 4039 874 4121 couscientia,
902 4040 973 4109 sive
993 4061 1122 4130 poenae
1146 4051 1250 4121 metu,
1272 4040 1302 4110 si
1326 4043 1467 4122 Constup-

225 4135 318 4192 trnus
341 4123 468 4196 sactum
487 4129 660 4210 resciscat,
682 4129 717 4197 in
743 4129 986 4218 poenitentiam
1008 4151 1139 4210 versus,
1165 4129 1369 4218 Episcopum
1388 4121 1467 4190 beot·

224 4232 291 4368 poe
314 4214 546 4303 congreditur.
577 4215 638 4286 llle
672 4218 850 4305 repulsum
875 4239 992 4287 severa
1015 4218 1170 4306 increpat
1201 4237 1302 4296 voee;
1328 4211 1463 4284 affirorat.

250 4321 314 4370 anc
334 4323 370 4370 se
388 4303 562 4402 publicam
578 4305 743 4395 injuriam
764 4327 832 4376 non
852 4327 1048 4395 passurum,
1072 4305 1396 4396 imploraturumque
1410 4310 1464 4386 110ss⁸

226 4388 326 4458 modo
350 4388 471 4462 ultoris
496 4392 565 4474 Dei,
584 4393 806 4466 verumetiam
832 4395 1045 4468 Constantini
1066 4394 1236 4486 justitiam
1260 4394 1295 4464 in
1319 4409 1401 4466 eum,
1416 4398 1464 4466 qm
