2932 4812
28 243 98 306 out.
122 245 163 309 29
326 263 365 308 na
389 263 417 309 s.
444 261 549 310 raoni
575 261 721 310 Ancurae.
748 261 959 310 carvanium.
1173 247 1236 310 559

27 345 117 416 noluit
143 347 255 416 statim
286 359 420 416 mutare
443 346 627 427 habitum,
654 346 762 416 donec
787 360 876 416 esset
899 347 933 414 in
956 347 1079 418 virtute
1096 347 1280 416 confirma·

26 435 86 502 tior.
110 439 191 506 Cum
208 445 322 504 autem
343 437 563 505 mussitarent
579 435 751 515 monachi,
773 435 864 522 quod
884 449 1002 506 contra
1022 457 1150 505 morem
1172 437 1207 504 in
1227 459 1279 506 se·

25 522 117 592 culari
143 523 263 594 habitu
292 523 441 592 visitaret
464 525 634 603 chorum,
670 523 811 611 quidam
837 546 877 594 ex
902 524 1099 594 domesticis
1129 525 1204 615 ejus
1234 525 1282 594 ait

24 611 76 691 illi,
100 611 274 682 adstetisse
294 612 360 701 ipsi
388 613 560 700 quendam
584 612 680 681 vultu
706 612 861 693 terribili,
885 625 917 682 et
946 613 1142 683 minacibus
1167 613 1281 684 verbis

23 699 60 768 ita
80 700 222 770 dixisse:
253 700 397 782 trade,
427 701 482 770 dic
507 700 714 770 cancellario
736 701 1053 792 (Archiepisccpum
1081 702 1172 771 enim
1201 724 1281 791 prae

23 787 242 878 indignatione
267 788 380 859 dicere
404 789 539 878 noluit),
567 803 605 859 ut
628 790 702 858 sine
727 791 944 862 cunctatione
969 802 1076 860 mutet
1100 790 1277 870 habitum;

22 875 136 966 alioqui
157 901 209 948 me
226 891 391 967 perpetuo
415 877 650 948 adversarium
675 879 868 948 habiturus
888 902 906 946 v
929 879 966 948 ld
989 879 1135 950 audiens
1160 879 1210 947 vir
1226 900 1280 948 ve·

22 966 197 1048 nerabilis,
223 967 441 1036 amarissime
468 966 680 1064 lacgvmatus
708 981 779 1047 est;
815 969 994 1068 coepitque
1018 981 1090 1037 tum
1124 967 1278 1054 quotidie

22 1076 195 1143 proponere
212 1055 279 1127 sibi
293 1056 336 1124 ob
351 1055 468 1125 oculos
492 1077 580 1126 onus
597 1057 745 1146 suscepti
764 1056 905 1125 honoris
918 1069 951 1126 et
967 1057 1133 1137 muneris,
1157 1056 1280 1126 acriter

22 1157 176 1232 urgereet
195 1143 415 1214 exstimulare
442 1145 593 1232 seipsum
625 1145 668 1214 ad
696 1143 977 1215 satisfaciendum
1001 1144 1113 1214 ossicio
1133 1166 1208 1227 suu,
1235 1145 1278 1214 ad,

23 1231 275 1317 praelucendum
295 1233 442 1302 subditis
457 1235 530 1302 suis
547 1233 709 1302 virtutum
730 1250 762 1305 et
778 1233 947 1302 bonorum
969 1234 1082 1324 operis
1099 1233 1277 1323 exemplis.

23 1320 146 1390 Dicebat
157 1322 241 1392 sibi:
260 1321 402 1391 «Fuerit
418 1321 630 1411 ignorantiae
647 1335 679 1391 et
692 1321 857 1410 juvenilis
870 1323 990 1404 animi,
1004 1323 1093 1411 quod
1114 1323 1280 1393 hactenus

21 1409 156 1479 viximus
179 1411 343 1490 remisse;
370 1409 532 1501 deinceps
553 1409 688 1480 nullum
715 1425 830 1480 manet
851 1411 949 1480 nobis
969 1412 1198 1482 excusationis
1223 1433 1278 1480 ve-

21 1495 168 1567 lamen.»
193 1504 414 1568 Praevenerat
435 1521 513 1569 eum
539 1501 704 1569 Dominus
730 1499 764 1567 in
789 1499 1088 1569 benedictionibus
1118 1501 1201 1583 suis,
1232 1501 1279 1570 ita

20 1599 50 1653 ut
73 1599 200 1658 terrena
217 1589 334 1657 omnia
350 1600 585 1670 contemnens,
603 1587 643 1656 ad
662 1587 822 1658 caelestia
845 1588 1076 1670 contenderet,
1100 1600 1132 1658 et
1156 1611 1279 1658 saevus

20 1675 49 1740 in
66 1677 210 1766 seipsum
227 1689 374 1756 exactor,
401 1675 546 1748 bustiam
566 1677 688 1757 vivam,
713 1689 878 1759 sanctam,
901 1682 964 1746 Deo
990 1677 1179 1768 placentem
1206 1699 1279 1748 sese

22 1777 171 1834 mactaret
186 1778 218 1835 et
232 1765 437 1834 immolaret.
458 1764 578 1834 Galam
597 1764 759 1836 domabat
773 1767 865 1836 victu
890 1767 996 1849 tenui,
1015 1765 1152 1836 illicitos
1169 1767 1277 1835 animi

22 1865 131 1935 motus,
151 1876 269 1923 sacrae
288 1853 445 1924 lectionis
464 1865 496 1922 et
515 1854 679 1924 orationis
706 1855 907 1925 assiduitate
926 1855 1187 1946 comprimebat,
1216 1875 1278 1922 na-

21 1943 126 2012 turalis
143 1942 294 2012 incendii
311 1943 469 2012 llammas
485 1964 606 2012 somno
623 1943 769 2013 breviori
789 1955 822 2012 et
835 1944 947 2014 cilicio
965 1944 1130 2034 asperiori
1145 1945 1279 2012 coerce-

21 2028 78 2098 bat.
102 2036 139 2100 Et
155 2043 193 2102 ut
211 2031 320 2101 multa
338 2044 559 2122 praeteream,
585 2053 723 2101 carnem
745 2053 844 2102 suam
866 2033 1074 2124 crucifigens
1088 2053 1166 2102 cum
1187 2031 1277 2102 vitiis

20 2129 47 2184 et
70 2120 375 2208 concupiscentiis,
409 2131 516 2190 totum
546 2142 581 2190 se
608 2121 697 2190 intra
722 2122 935 2191 necessitatis
961 2135 1068 2191 metas
1092 2119 1274 2200 continuit,

23 2217 99 2276 totus
113 2223 264 2279 mutatus
290 2209 322 2278 in
342 2209 452 2278 virum
472 2208 630 2278 alterum.
650 2209 818 2294 Quicquid
839 2223 1009 2288 sanctum,
1029 2208 1194 2297 quicquid
1216 2208 1277 2278 ho·

24 2309 139 2368 nestum
160 2311 193 2368 et
215 2298 350 2388 justum
376 2309 475 2378 esset,
503 2310 535 2366 et
559 2295 637 2366 lecit
660 2309 693 2368 et
717 2297 857 2366 docuit:
885 2299 927 2368 iis
947 2299 1117 2369 contraria
1137 2319 1277 2386 prorsus

22 2383 121 2471 rejecit
138 2400 171 2457 et
188 2386 420 2476 propudiavit.
440 2386 486 2454 Ab
508 2386 583 2475 ipsa
608 2409 685 2454 mox
708 2386 924 2456 ordinatione
948 2409 1011 2457 sua
1037 2399 1152 2456 tantus
1177 2386 1210 2454 in
1236 2407 1275 2454 ec

20 2474 112 2542 extitit
129 2497 227 2546 amor
246 2488 278 2545 et
294 2474 426 2544 devotio
443 2495 523 2576 erga
541 2479 659 2556 Deum,
680 2486 795 2544 tantus
807 2474 962 2564 justitiae
978 2475 1084 2555 zelus,
1111 2488 1150 2543 ut
1175 2474 1273 2556 nulli,

19 2575 284 2652 quantacumque
303 2563 469 2653 dignitate
490 2586 520 2634 rs
544 2575 643 2643 esset,
671 2575 835 2652 parceret,
864 2564 893 2633 si
923 2565 1005 2654 quid
1035 2575 1153 2634 contra
1173 2563 1277 2653 justi-

19 2649 87 2718 tiam
112 2665 317 2724 attentasset.
346 2652 408 2721 Sed
428 2673 537 2739 neque
556 2652 638 2740 Regi
657 2651 723 2741 ipsi
739 2666 858 2722 contra
879 2654 1006 2722 summi
1028 2653 1130 2742 Regis
1155 2651 1277 2720 volun·

17 2747 105 2808 tatem
126 2741 198 2811 ulla
215 2742 248 2809 in
266 2763 301 2811 re
318 2741 458 2827 obsequi
479 2740 597 2821 voluit,
617 2761 728 2827 neque
744 2753 781 2810 ut
797 2741 831 2809 id
851 2741 960 2823 vellet,
983 2741 1064 2811 ullis
1090 2740 1139 2810 vel
1160 2741 1285 2821 minis·

17 2825 59 2893 vel
76 2827 250 2899 blanditiis
266 2829 394 2899 adduci
412 2831 532 2919 potuit.
560 2829 684 2916 Ecquis
703 2851 780 2898 vero
802 2851 862 2930 pro
879 2830 1046 2920 dignitate
1065 2829 1274 2920 praedicare,

17 2914 111 2986 immo
134 2919 184 2988 vel
211 2917 376 2988 admirari
401 2918 507 3009 possit
534 2916 671 2987 divinae
696 2918 952 2988 misericordiae
976 2920 1117 3000 viscera,
1145 2919 1179 2988 in
1206 2931 1276 2988 tam

17 3005 128 3086 subita,
148 3019 216 3077 tam
243 3006 389 3096 perlecta
407 3007 592 3076 mutatione
608 3006 782 3076 humanae
808 3008 958 3078 mentis?
982 3007 1152 3095 Quicquid
1178 3021 1278 3080 antea

17 3095 219 3165 mundanum
235 3109 267 3165 et
283 3096 414 3165 llurum
434 3107 585 3168 senserat
602 3095 807 3165 venerabilis
821 3095 943 3165 Christi
966 3111 1095 3186 martyr
1114 3097 1274 3177 Thomas,

17 3177 97 3272 largo
114 3184 345 3274 lacrymarum
363 3183 473 3253 imbre
488 3183 601 3264 diluit,
614 3197 647 3254 et
660 3184 708 3273 pii
719 3185 847 3255 amoris
865 3184 1024 3255 incendic
1040 3185 1074 3254 in
1089 3208 1147 3254 ara
1161 3184 1275 3254 cordis

17 3273 244 3354 concremavit,
271 3294 442 3364 graveque
463 3272 528 3342 sibi
553 3271 681 3342 bellurn
703 3272 872 3353 indicens,
899 3295 958 3344 exe
985 3274 1009 3343 it
1035 3274 1191 3364 aseipso
1217 3293 1277 3362 per

18 3361 259 3444 poenitentiam,
278 3360 443 3450 quicquid
466 3362 499 3430 in
522 3383 557 3430 se
574 3361 696 3462 culpae
721 3362 924 3432 meminerat
940 3296 1145 3432 almisisse:
1172 3382 1277 3449 quae-

16 3465 71 3529 que
88 3451 182 3539 prius
199 3451 369 3520 desiderio
388 3448 588 3540 complexus
612 3450 804 3531 videbatur,
826 3451 899 3540 jam
926 3464 1119 3540 opportune
1148 3450 1275 3539 impur-

16 3543 87 3603 tune
109 3539 316 3627 praedicavit
343 3537 606 3610 contemnenda.
633 3538 735 3639 Regis
759 3560 896 3629 quoque
928 3540 1052 3609 terreni
1082 3539 1277 3629 posthabita

16 3622 174 3699 voluntate
198 3643 230 3699 et
253 3627 439 3716 obsequiis
467 3649 647 3698 summum
674 3628 740 3698 stbi
761 3633 886 3718 Regem
913 3627 1097 3698 conciliare
1117 3628 1277 3697 studebat

17 3715 111 3783 sacris
136 3716 285 3806 vigitiis,
314 3716 473 3807 jejuniis,
501 3717 685 3806 precibus,
712 3716 940 3800 lectionibus,
969 3717 1272 3798 rneditationibuS,

17 3793 208 3892 largissimis
236 3806 475 3896 eleemosynis.
503 3809 562 3874 lot
594 3805 686 3874 enim
719 3805 931 3896 pauperibus
959 3806 1113 3892 quotidie
1145 3806 1274 3874 victum

18 3891 227 3982 vestitumque
250 3894 503 3985 suppeditabat,
521 3907 559 3964 ut
580 3893 658 3964 licet
671 3894 846 3964 innumeri
863 3893 905 3964 ad
926 3915 1004 3964 eum
1028 3894 1178 3964 mendici
1192 3914 1275 3963 con-

19 3973 158 4064 llnerent,
186 3982 287 4053 citius
313 3998 424 4054 tamen
449 3982 566 4053 deesse
590 3983 789 4052 viderentur
806 3983 935 4070 quibus
956 3986 1142 4073 praeberet,
1169 4003 1273 4070 quam

17 4067 128 4144 ‘itibus
159 4073 320 4161 praebere
349 4073 422 4164 ipse
442 4070 552 4148 vellet.
588 4077 628 4141 Ut
657 4086 770 4142 autem
803 4084 1010 4231 suppeteret,
1038 4074 1130 4143 unde
1155 4071 1274 4161 largiri

18 4170 127 4238 posset,
153 4161 388 4250 possessiones
408 4160 579 4232 Ecclesiae
600 4160 833 4243 conservabat,
857 4184 874 4230 a
902 4161 1067 4234 alienatas
1092 4181 1274 4250 recupera-

16 4235 78 4318 bat,
98 4248 345 4336 pristinumque
360 4250 529 4322 Ecclesiae
548 4271 631 4320 suae
649 4251 704 4338 jus
722 4249 906 4320 reformare
922 4251 1172 4321 connitebatur.

58 4331 131 4412 lb.
157 4337 241 4407 lnde
262 4336 386 4409 lactum
413 4352 473 4422 est,
501 4351 539 4409 ut
564 4323 721 4430 sacrilegi
747 4338 888 4427 quidam
914 4352 1136 4430 usurpatores
1157 4361 1271 4411 rerum
