2972 4826
60 287 155 350 otte
307 307 345 353 or
368 307 394 352 s.
420 304 577 354 nuunosm
603 307 650 353 aa.
679 308 806 354 nenton.
833 307 870 354 nr
895 305 984 353 noer.
1172 290 1229 354 eol

59 390 161 470 licerio,
186 401 220 458 ut
243 390 408 460 insisteret
437 392 540 461 rebus
566 390 799 480 perficiendis.
826 391 892 473 Qui
917 391 1073 479 iuJunota
1106 391 1171 460 sibi
1198 415 1276 462 curii

56 476 124 546 ullet
139 477 283 568 implere,
301 480 471 569 proposito
490 479 615 560 edicto,
638 481 798 550 convenit
817 501 949 561 omnes,
969 492 1007 549 ut
1023 481 1052 548 si
1070 479 1194 550 vellent
1210 482 1278 552 sibi

52 565 191 636 consulere
227 567 393 655 rebusque
429 569 512 650 suis,
537 567 720 659 proderent
739 570 863 637 virum.
892 567 1084 639 Productus
1109 570 1224 657 itaque
1248 583 1281 640 ct

51 654 183 725 adductus
201 657 438 738 Mediolanum,
457 677 537 726 curn
564 657 770 747 intelligeret
793 660 884 726 circa
909 679 945 726 se
970 657 1028 726 llei
1053 656 1276 739 voluntatem,

52 764 93 812 nec
110 765 139 813 se
160 743 286 814 diutius
307 767 405 834 posse
429 747 597 825 resistere,
619 747 803 848 postulavit
827 769 864 816 se
890 768 957 815 non
978 747 1045 816 nisi
1065 769 1084 815 a
1109 747 1279 816 catholico

51 833 178 922 Episcopo
197 834 371 924 baptizari.
394 835 542 904 Sollicite
573 857 665 905 emm
690 837 830 905 cavebat
856 835 1035 926 perfidiam
1061 836 1276 904 arianorum.

50 921 203 1009 Baptizatus
221 923 239 957 ⁴*
263 925 388 1014 itaque,
410 923 518 994 lertur
549 925 666 994 omnia
694 924 933 995 Ecclesiastico
961 923 1074 994 officia
1102 925 1277 1015 implesse,

46 1021 120 1096 atque
139 1025 250 1081 octava
272 1012 327 1082 die
351 1013 541 1104 Episcopus
568 1014 748 1084 ordinatus
772 1025 822 1084 est
846 1035 985 1084 summa
1008 1033 1087 1084 curn
1114 1014 1224 1103 gratia
1248 1029 1280 1084 et

45 1095 142 1168 laetitia
164 1113 377 1172 cunctorum.

75 1189 141 1273 §d-
169 1193 183 1258 1
209 1190 277 1260 itur
305 1203 521 1280 post.annos
544 1191 674 1279 aliquot
705 1190 932 1262 ordinationis
962 1213 1043 1261 suae
1076 1191 1119 1260 ad
1156 1193 1277 1260 urbem

45 1213 253 1359 lionamltoc
276 1279 393 1349 estad
419 1280 598 1370 proprium
625 1279 751 1362 solum,
784 1281 941 1369 perrexit,
978 1279 1095 1366 ibique
1123 1294 1276 1352 sanctam

43 1363 172 1448 puellam,
190 1367 232 1438 de
251 1389 320 1454 qua
336 1390 442 1458 supra
457 1370 738 1450 memoravimus,
766 1369 821 1438 cui
845 1391 986 1438 manum
1012 1369 1133 1438 offerre
1158 1369 1280 1440 solitus

41 1465 110 1533 erat,
139 1455 168 1522 in
191 1457 294 1526 domo
325 1459 463 1548 propria
486 1480 565 1528 cum
592 1479 776 1548 germana,
800 1458 890 1528 siout
915 1456 1110 1544 reliquerat,
1135 1458 1275 1541 invenit,

41 1555 123 1612 matre
139 1544 205 1634 jam
230 1545 405 1616 defuncta.
424 1550 529 1633 Atque
549 1569 628 1617 cum
654 1546 713 1616 illa
734 1547 906 1616 dexteram
929 1546 1025 1616 illius
1049 1547 1275 1630 oscularetur,

40 1631 191 1701 subridens
213 1636 260 1704 ait
284 1634 359 1704 illi:
387 1658 405 1702 a
432 1640 527 1716 Ecce,
555 1648 593 1705 ut
616 1636 774 1706 dicebam
805 1636 889 1714 tibi,
923 1635 1110 1706 sacerdotis
1135 1658 1276 1706 manum

41 1719 185 1791 oscularis.
205 1729 304 1794 »Per
325 1723 414 1793 idem
437 1737 573 1814 tempus
597 1747 676 1794 cum
704 1738 797 1794 trans
823 1724 969 1792 Tiberim
989 1723 1082 1813 apud
1103 1725 1277 1812 quandam

41 1804 231 1881 clarissimam
251 1813 430 1892 invitatur,
458 1827 494 1882 ut
518 1813 728 1883 sacrificium
759 1814 792 1881 in
819 1813 920 1882 domo
940 1813 1087 1893 ollerret,
1106 1814 1276 1900 quaedam

41 1893 205 1982 balneatrix,
222 1924 314 1989 quae
337 1901 527 1992 paralytica
552 1904 586 1971 in
613 1902 699 1972 lecto
719 1903 867 1987 sacebat,
887 1923 965 1971 cum
984 1904 1198 2058 cognovisset
1216 1905 1277 1974 ibi-

45 1982 176 2058 danesse
199 1991 336 2060 Domini
362 1991 586 2073 sacerdotem,
607 1992 639 2060 in
666 1991 713 2060 sel
734 1991 789 2060 ula
819 2013 854 2060 se
878 1991 920 2060 ad
946 2013 1020 2060 eam
1049 2011 1101 2058 em
1120 1989 1276 2074 domum,

47 2071 74 2138 td
90 2096 175 2161 quam
201 2079 257 2149 ille
280 2080 445 2150 invitatus
470 2093 619 2161 venerat,
640 2079 767 2168 portari
789 2079 878 2160 lecit,
898 2093 1000 2168 atque
1015 2081 1127 2148 oranti
1154 2094 1187 2148 et
1213 2081 1278 2148 im-

50 2167 148 2256 ponenti
165 2191 301 2249 manus
329 2170 529 2238 vestimenta
553 2169 676 2260 attigit.
703 2174 898 2251 Quaeram
924 2169 1192 2248 exoscularetur,
1210 2181 1279 2238 sta-

52 2258 91 2345 lttn
102 2255 225 2327 sanitate
241 2270 392 2346 recepta,
415 2256 593 2328 ambulare
617 2259 740 2346 coepit,
762 2271 801 2327 ut
826 2258 1028 2347 impleretur
1052 2257 1138 2326 illud
1167 2257 1279 2326 [lomi-

52 2355 132 2432 otton
150 2345 278 2417 dictum
307 2346 347 2415 ad
373 2347 569 2436 Apostolos:
590 2349 702 2416 Etiam
725 2349 857 2438 majora
882 2347 934 2416 lits
948 2349 1093 2436 (ocielt's,
1111 2347 1279 2416 credentes

53 2445 78 2520 tn
94 2436 191 2504 nonme
210 2457 286 2506 meo
302 2435 349 2503 ⁸.
375 2436 470 2519 Quod
491 2449 602 2505 tannen
622 2436 760 2526 signum
783 2436 939 2504 sanitatis
965 2447 1002 2504 ut
1018 2435 1176 2504 mirabile
1200 2434 1275 2516 luit,

49 2525 82 2612 ¹¹³.
98 2519 173 2590 etiam
199 2547 263 2594 nec
280 2523 469 2594 occultum.
490 2530 573 2595 llam
599 2546 661 2615 ego
686 2525 750 2592 boc
773 2537 847 2613 pust
867 2546 975 2593 annos
1001 2525 1182 2616 plurimos,
1198 2545 1277 2593 san-

47 2613 92 2671 cus
109 2609 175 2681 viris
207 2614 461 2694 referentibus,
487 2614 621 2714 positus
645 2614 679 2682 in
706 2613 793 2682 Urbe
826 2614 982 2704 cognovi.
1011 2614 1174 2683 Sirmium
1201 2633 1278 2682 vero

42 2711 98 2760 cun
118 2699 155 2768 ad
182 2702 419 2773 ordinandum
447 2724 649 2792 episcopum
679 2703 897 2771 dnemmium
927 2703 1139 2792 perrexisset,
1163 2701 1279 2788 ibique

39 2783 163 2857 lustinae
179 2791 241 2871 Ψ,
263 2804 348 2861 tuno
374 2791 537 2881 temporis
555 2791 717 2882 Reginae,
739 2791 888 2879 potentia
903 2805 936 2860 et
961 2791 1182 2862 multitudine
1202 2813 1279 2860 coa·
1370 2842 1375 2854 .

39 2866 152 2969 lunata,
182 2880 330 2950 ecclesia
355 2879 550 2970 pelleretur,
578 2894 708 2950 utnon
742 2880 908 2969 abipso,
936 2880 995 2951 sed
1027 2881 1071 2951 ab
1097 2880 1279 2951 haereticis

37 2963 339 3064 trrauisepiscopus
364 2970 398 3039 in
423 2969 542 3039 eadem
568 2967 713 3039 ecclesia
729 2969 958 3051 ordinaretur,
978 2981 1134 3057 essetque
1150 2971 1279 3040 consti·

38 3055 109 3120 tolus
125 3076 155 3124 tn
172 3057 352 3140 tribunali,
380 3057 428 3127 nil
453 3079 581 3128 curans
605 3079 736 3137 eorum,
764 3079 852 3148 quae
875 3080 895 3127 a
920 3057 1065 3128 muliere
1080 3059 1278 3129 excitaban-
1371 3128 1376 3138 ,

38 3145 86 3218 tor,
102 3163 163 3213 una
184 3146 226 3216 de
249 3147 447 3236 virginibus
466 3147 670 3216 ltrianorum
696 3147 932 3236 impudentior
951 3147 1105 3227 caeteris,
1125 3146 1277 3217 tribunal

37 3232 263 3316 conscendens,
292 3257 310 3304 a
341 3236 508 3325 prehenso
534 3238 735 3305 vestimento
758 3236 968 3317 sacerdotis,
998 3257 1077 3305 cum
1106 3235 1203 3304 illum
1229 3249 1279 3304 at-

38 3315 142 3409 trahere
163 3321 261 3393 vellet
286 3259 336 3393 ad
352 3337 481 3414 partem
502 3324 700 3403 mulierum,
720 3338 756 3395 ut
782 3325 825 3394 ab
847 3325 931 3415 ipsis
958 3345 1080 3394 caesus
1100 3323 1142 3392 de
1170 3322 1278 3392 eccle-

37 3407 290 3503 aapetteretur,
317 3413 365 3483 ait
388 3414 418 3483 ei
441 3413 496 3504 (ut
528 3414 602 3503 ipse
632 3413 755 3482 solitus
780 3427 853 3485 erat
880 3413 1041 3502 reserre):
1067 3413 1178 3481 «Etsi
1215 3433 1278 3503 ego

38 3491 173 3592 indignus
196 3513 291 3571 tanto
316 3502 505 3572 sacerdotio
529 3525 624 3584 sum,
651 3513 763 3572 tamen
792 3515 822 3571 te
848 3523 913 3572 non
939 3501 1098 3572 convenit
1123 3499 1171 3570 vel
1199 3523 1278 3589 pro-

40 3574 188 3657 fessionem
212 3602 334 3672 tuam,
360 3591 395 3659 in
420 3592 711 3692 qualemcumque
736 3590 944 3662 sacerdotem
973 3611 1097 3660 manus
1121 3587 1276 3690 injicere,

40 3669 108 3740 nude
127 3675 225 3749 debes
249 3680 360 3750 vereri
384 3684 442 3749 Det
466 3679 650 3768 judicium,
672 3699 715 3748 ne
736 3679 796 3750 tibi
817 3679 947 3768 aliquid
979 3678 1062 3749 mali
1087 3690 1232 3747 eveniat.
1259 3701 1278 3746 »

40 3757 110 3834 Quod
136 3763 263 3838 dictum
290 3770 401 3838 exitus
427 3768 656 3839 confirmavit.
683 3773 766 3838 llam
792 3769 860 3839 alio
883 3769 940 3838 die
966 3780 1134 3838 mortuam
1160 3766 1203 3836 ad
1228 3789 1279 3839 se-

41 3845 169 3996 pulcrum
193 3878 306 3945 usque
328 3855 481 3940 deduxit,
509 3857 655 3948 gratiam
682 3879 744 3947 pro
774 3856 985 3928 contumelia
1008 3855 1212 3946 rependens.
1241 3861 1280 3925 Et

57 3952 85 4001 oo
108 3938 225 4012 lactum
259 3967 328 4016 non
360 3945 466 4017 levem
492 3946 701 4016 adversariis
732 3947 879 4018 incussit
909 3957 1062 4024 metum,
1090 3965 1279 4033 pacemque

43 4035 170 4115 magnam
194 4033 365 4106 Ecclesiae
387 4035 576 4106 catholicae
600 4036 635 4102 in
655 4035 848 4106 ordinando
868 4036 1036 4123 Episcopo
1057 4033 1188 4104 tribuit.

55 4114 86 4204 ,l
104 4123 142 4188 ὅ.
161 4121 322 4194 Ordinato
345 4124 460 4211 itaque
483 4121 653 4194 catholico
684 4124 878 4204 sacerdote,
911 4121 1140 4192 Mediolanum
1167 4144 1278 4192 rever·

47 4203 112 4283 llus,
138 4207 249 4300 ibique
273 4212 490 4304 supradictae
520 4211 679 4286 Iustinae
712 4212 868 4282 mulieris
901 4212 1102 4280 innumeras
1134 4211 1279 4282 insidias

64 4359 133 4434 Lunna
145 4373 283 4418 meinorato,
296 4375 343 4414 ³¹14.
645 4373 679 4431 ᾗ*
693 4373 720 4413 Iu
735 4375 798 4414 ὅσση.
815 4383 864 4414 xiv.

84 4417 94 4441 ⁸
105 4419 192 4470 luttizi,
201 4427 271 4468 nau
279 4427 408 4478 mount
418 4427 520 4477 minut.
531 4427 697 4467 valentiniano
709 4427 719 4465 1
729 4433 842 4476 nupserit
855 4433 916 4466 annu
926 4425 975 4466 8⁶⁰.
