2960 4824
245 297 310 362 298
511 315 550 362 or
574 315 601 362 s.
629 311 797 361 sernmonn
820 313 966 362 accurre.
993 313 1164 360 rnnrurru.
1311 279 1385 358 DEC'.
1407 295 1438 356 ta

203 399 257 470 Sic
274 399 366 468 enim
385 402 479 470 risus
498 397 610 467 luerat
627 399 657 467 ei
679 399 799 468 adesse
815 398 849 466 in
871 398 1013 480 somnis,
1032 411 1065 468 et
1080 409 1177 467 erant
1198 396 1310 468 omnia
1329 396 1437 476 eadem,

202 490 311 579 virga,
334 488 431 570 tiara,
455 509 514 556 vas
543 509 562 556 e
592 487 681 558 collo
705 487 915 576 dependens,
941 502 975 557 et
999 487 1112 558 vestis.
1144 491 1227 554 Eum
1251 507 1327 575 ergo
1348 486 1439 553 statim

202 578 360 678 cognovit
377 599 417 645 ex
437 576 522 646 alto:
540 577 770 666 Triphyllium
789 592 903 646 autem
926 598 992 647 non
1013 589 1142 666 poterat
1157 576 1339 664 conjicere3
1356 595 1441 660 neque

202 689 294 735 eorm
315 667 459 734 curabat
478 667 553 755 ejus
578 667 725 756 speciem
743 667 879 735 curiose
904 667 1088 752 inquirere,
1114 667 1276 751 quoniam
1300 686 1371 733 eum
1389 685 1439 731 nou

203 755 339 824 videbat
356 755 577 844 Episcopum,
597 757 687 825 sicut
703 777 847 826 somnus
863 755 893 822 ei
910 755 1139 845 significabat.
1158 755 1375 837 Quamobrem
1393 765 1443 820 sta·

204 844 263 913 tim
290 865 437 934 surgens
459 865 479 912 e
502 843 593 924 sede,
621 843 712 913 vadit
736 843 778 912 ad
807 865 971 932 magnum
998 842 1228 933 Spiridonem.
1263 841 1441 912 Desideriun

203 931 295 1000 enim
315 932 569 1021 recuperandae
586 934 742 1003 sanitatis
759 932 903 1002 faciebat
922 955 1000 1002 eum
1019 933 1087 1002 alia
1104 945 1331 1001 contemnere.
1348 929 1444 1018 Splen-

203 1020 320 1089 dorem
342 1035 432 1092 certe
453 1022 711 1111 imperatorium
736 1035 769 1092 et
792 1022 929 1110 imperii
961 1020 1235 1111 magnitudinem
1267 1033 1445 1108 postponens

204 1109 326 1179 honori
342 1111 457 1199 magni
474 1111 678 1199 spiridonis,
699 1133 735 1180 se
750 1111 937 1180 admodum
955 1111 1132 1180 humiliter
1145 1121 1178 1178 et
1196 1108 1325 1198 abjecte
1340 1109 1370 1176 in
1384 1127 1443 1176 eum

204 1198 302 1299 gerit,
334 1199 528 1268 humilitate
556 1213 699 1290 captans
723 1200 1006 1280 misericordiam,
1032 1213 1066 1269 et
1092 1197 1277 1269 ostendens
1305 1210 1444 1292 quantun

204 1287 338 1356 intersit
356 1289 443 1356 inter
459 1293 597 1378 Regem,
623 1291 683 1374 qui
707 1303 758 1358 est
777 1288 818 1357 ad
842 1300 989 1376 tempus,
1011 1299 1043 1356 et
1066 1309 1159 1368 eum,
1180 1288 1240 1372 qui
1268 1287 1364 1356 servit
1385 1291 1445 1370 Regi

204 1389 352 1446 aeterno.
371 1376 432 1445 Ille
448 1399 541 1468 erg0,
561 1377 725 1447 inclinato
741 1377 863 1464 capita,
888 1377 1044 1466 placabat
1062 1399 1141 1446 eum
1160 1376 1334 1464 lacrymis,
1350 1374 1447 1460 atejus

205 1467 340 1555 petebat
368 1487 495 1554 preces,
524 1479 697 1552 tamquam
725 1466 977 1536 validissimum
1003 1464 1141 1554 aliquod
1171 1465 1444 1536 medicamentum,

203 1553 294 1641 qnod
320 1575 455 1624 omnem
475 1555 665 1625 molestiam
694 1568 801 1644 potest
816 1553 916 1624 sacile
936 1554 1077 1624 solvere.
1099 1559 1282 1641 Postquam
1299 1575 1375 1644 ergo
1396 1570 1449 1620 ma·

205 1665 273 1712 nus
291 1642 385 1711 illius
403 1645 511 1734 tetigit
528 1659 632 1734 caput
647 1645 881 1736 imperatoris,
901 1645 1014 1713 statim
1035 1643 1175 1734 lagatus
1198 1655 1250 1712 est
1274 1646 1413 1720 morbus,
1428 1649 1449 1705 et

205 1730 380 1800 convaluit
397 1738 600 1820 Imperaton
1445 1813 1448 1822 ,

251 1828 269 1900 ἓ
294 1825 369 1892 w.
396 1823 491 1905 Quis,
511 1844 598 1909 quae
623 1834 736 1910 postea
761 1833 945 1890 consecuta
970 1833 1061 1902 sunt,
1080 1821 1253 1901 narrabit,
1276 1841 1387 1890 eornm
1407 1836 1449 1903 qu

206 1909 401 1995 aderant,et
419 1912 528 2000 ipsius
541 1911 773 2000 Imperatoris,
791 1909 1083 1998 quemadmodum
1106 1923 1173 1980 toto
1189 1910 1246 1978 die
1259 1908 1378 1979 festum
1392 1925 1449 1993 age·

206 1997 299 2080 bant,
322 2012 354 2068 et
379 1999 626 2089 propemodum
643 1999 837 2072 exiliebant.
856 2012 888 2067 et
906 2022 1016 2084 nequa
1029 2021 1065 2066 se
1078 2021 1158 2090 prae
1179 1998 1309 2088 gaudio
1327 2003 1451 2087 poterant

206 2089 405 2157 continere?
446 2088 546 2159 Solus
571 2089 729 2177 Spiridon
754 2088 877 2156 eratin
896 2089 1001 2158 labris
1024 2089 1200 2167 omnium;
1223 2085 1451 2178 adspiciebatut

208 2177 386 2266 Spiridon;
414 2178 573 2266 Spiridon
600 2191 672 2248 erat
697 2177 730 2245 id
754 2177 846 2264 quod
863 2177 977 2247 studio
993 2189 1064 2246 erat
1080 2177 1257 2246 omnibus.
1278 2182 1451 2264 Imperatori

208 2265 323 2352 itaque
346 2267 411 2334 luit
434 2267 572 2352 quidem
598 2288 725 2354 eorpus
746 2267 939 2335 restitutum
957 2266 1116 2334 sanitati:
1135 2279 1174 2334 ut
1189 2278 1305 2334 autem
1327 2285 1403 2334 sana
1418 2279 1451 2326 es·

207 2367 258 2424 set
274 2356 349 2442 ejus
370 2355 497 2436 anima,
526 2355 681 2442 nunquid
709 2368 747 2424 ut
773 2377 913 2443 parvum
939 2367 971 2422 et
990 2377 1009 2422 a
1031 2354 1163 2424 medico
1186 2349 1450 2424 contemnendum

207 2442 272 2512 luit
291 2443 516 2532 despectum?
543 2446 684 2513 Ubinam
713 2465 789 2512 vero
815 2444 878 2512 hoc
902 2441 980 2513 lecit
1003 2457 1218 2513 sacrosancta
1250 2443 1310 2512 illa
1341 2438 1451 2530 animat*

209 2531 271 2600 Sed
287 2535 318 2601 ei
334 2553 471 2619 quoque
487 2535 628 2602 omnino
641 2533 849 2602 conveniens
868 2532 1028 2600 adhibuit
1048 2532 1351 2612 medicamentum,
1366 2541 1398 2598 ut
1412 2543 1452 2614 qut

208 2622 355 2690 suaserit
369 2621 521 2707 quidem,
541 2634 579 2691 ut
594 2623 805 2690 meminisset
824 2622 876 2689 Dei
901 2621 1068 2701 beneficii,
1085 2621 1119 2688 in
1134 2642 1192 2690 eos
1206 2635 1322 2689 autem
1336 2615 1452 2707 quiajos

208 2711 374 2798 parebant
392 2711 547 2800 imperio,
569 2711 610 2778 iis
629 2711 768 2799 quidem
785 2710 846 2797 qui
866 2709 1095 2790 offendebant,
1122 2723 1154 2778 et
1177 2709 1333 2796 aliquam
1358 2701 1452 2776 attule-

209 2811 287 2868 rant
308 2798 510 2880 molestiam,
533 2799 735 2868 clementem
753 2820 789 2868 se
808 2801 982 2887 praeberet
998 2812 1031 2867 et
1048 2797 1321 2879 misericordem,
1341 2797 1381 2866 iis
1399 2807 1453 2884 rem

208 2887 269 2972 qui
294 2909 393 2955 secus
418 2910 454 2956 se
477 2901 673 2976 gesserant,
701 2889 890 2977 benignum
921 2901 955 2958 et
982 2886 1182 2969 liberalem,
1210 2888 1254 2956 iis
1284 2900 1393 2956 autem
1413 2896 1454 2966 qut

209 2975 331 3064 privati
349 2988 446 3045 erant
463 2977 564 3046 rebus
582 2978 796 3057 necessariis,
849 2977 930 3045 atris
954 2989 986 3044 et
1005 2975 1174 3046 curatoris
1200 2997 1332 3045 munus
1353 2973 1456 3042 obeun-

210 3075 290 3144 tem,
314 3085 525 3152 manumque
547 3077 579 3134 et
604 3067 730 3135 viscera
757 3067 799 3135 iis
824 2999 1072 3154 benignissime
1088 3065 1313 3154 aperientem.
1333 3086 1350 3130 a
1368 3067 1456 3140 (tuan-

210 3163 282 3220 tum
303 3154 409 3233 enim,
428 3154 551 3240 inquit,
572 3166 724 3243 praestas
743 3155 897 3232 caeteris,
918 3167 1050 3223 tantum
1069 3165 1100 3223 te
1117 3175 1191 3224 esse
1210 3166 1345 3242 oportet
1361 3151 1457 3218 virtute

208 3240 441 3314 excelsiorem.
461 3243 525 3326 Qui
540 3244 631 3312 enim
650 3265 715 3312 non
734 3246 784 3312 sic
808 3256 859 3312 est
879 3243 1022 3312 allectus
1038 3243 1070 3311 in
1089 3244 1277 3331 subjectos,
1298 3251 1457 3332 tyrannum

209 3351 287 3400 eum
309 3344 440 3418 oportet
466 3332 578 3420 potius
603 3354 722 3402 vocare
738 3353 841 3421 quam
859 3336 1123 3421 Imperatorem:
1150 3332 1210 3418 qni
1236 3353 1304 3400 non
1329 3341 1376 3400 est
1397 3343 1458 3419 cen·

210 3419 341 3488 sendus
362 3421 481 3489 beatus
497 3433 634 3511 propter
656 3434 866 3510 potestatem,
890 3421 946 3490 sed
965 3423 1023 3509 qui
1042 3433 1203 3490 censetor
1221 3422 1327 3489 miser
1349 3431 1380 3486 et
1399 3411 1458 3483 odit

210 3508 357 3578 babetur
373 3523 510 3598 propter
526 3511 737 3597 superbiam.
756 3515 960 3578 »Postremo
977 3509 1180 3579 adhortatus
1195 3521 1258 3590 est,
1272 3523 1310 3578 ut
1325 3513 1459 3598 accurott

210 3609 338 3668 teneret
361 3610 394 3667 et
417 3598 611 3668 observaret
633 3621 672 3667 ea
694 3619 784 3685 quae
801 3600 972 3688 pertinent
995 3598 1037 3666 ad
1062 3598 1233 3688 pietatem,
1253 3612 1286 3666 et
1307 3618 1348 3666 ne
1367 3586 1458 3661 tantil-

212 3685 282 3754 lum
301 3685 440 3774 quidem
455 3685 659 3769 admitteret,
683 3686 774 3777 quod
794 3709 859 3756 non
881 3688 937 3757 Dei
954 3687 1127 3758 rideretur
1143 3686 1326 3757 Ecclesiae.
1345 3689 1381 3754 Et
1395 3680 1459 3750 haer

211 3773 351 3861 quidem
379 3781 534 3866 Magnus.

255 3865 274 3949 ἓ
299 3867 382 3935 ²⁰.
411 3869 601 3954 Imperator
624 3876 737 3933 autem
760 3862 878 3934 volens
894 3884 973 3934 eum
995 3863 1209 3933 remunerari
1231 3873 1367 3953 propter
1386 3871 1460 3926 acce

211 3963 304 4041 ptam
323 3952 366 4020 ab
385 3974 425 4022 eo
447 3955 674 4032 curationem,
706 3952 809 4022 dabat
836 3953 867 4022 ei
900 3951 967 4042 vim
993 3953 1068 4021 auri
1093 3951 1390 4022 innumerabilem.
1414 3939 1460 4010 llle

212 4061 291 4110 vero
315 4042 345 4110 ei
370 4041 456 4110 dixit
479 4042 611 4131 lapide:
638 4065 656 4110 «
678 4047 748 4112 Non
775 4043 825 4110 sic
848 4042 1036 4130 oportebat,
1063 4064 1083 4110 o
1107 4047 1308 4130 Imperator,
1331 4035 1403 4108 odio
1423 4048 1461 4098 re·

212 4131 389 4198 munerari
411 4131 612 4200 amicitiam.
632 4136 725 4213 Quae
745 4131 836 4198 enim
854 4153 873 4199 a
893 4152 946 4200 me
964 4141 1102 4219 propter
1126 4142 1158 4198 te
1182 4129 1269 4200 laeta
1293 4138 1380 4222 sunt,
1397 4126 1460 4190 sunt

212 4239 329 4286 revera
350 4219 509 4300 amantis,
527 4219 669 4288 domum
688 4219 893 4306 relinquere,
910 4231 944 4288 et
962 4231 1092 4288 tantum
1115 4219 1220 4288 maris
1239 4223 1458 4286 transmittere.

212 4318 245 4374 et
270 4306 402 4375 bremis
427 4307 514 4376 serre
538 4307 788 4388 difficultatem,
808 4322 841 4377 et
860 4321 1038 4377 ventorum
1061 4308 1095 4375 in
1113 4328 1203 4397 aqua
1219 4303 1477 4398 immanitatem.p

213 4397 277 4462 Pro
292 4375 419 4463 lrorum
436 4417 517 4486 ergo
533 4397 811 4466 remuneratione
835 4419 959 4468 aurum
981 4396 1164 4487 accipiam,
1186 4394 1276 4484 quod
1295 4405 1345 4462 est
1364 4398 1459 4456 omntt
