2920 4810
267 335 331 400 628
661 352 699 398 na
723 351 751 399 s.
778 350 903 399 annana
927 349 1055 399 nomana
1305 326 1400 393 butt

265 438 284 525 ξ
307 441 382 509 16.
410 441 492 506 Cum
523 447 636 506 antem
662 460 681 506 a
707 436 822 507 Sicilia
846 448 937 506 reeta
966 437 1002 506 in
1033 436 1171 526 Libyam
1194 446 1224 506 et
1243 431 1414 518 carthaginen

220 539 334 597 essent
355 526 560 685 navigaturi,
580 525 721 616 qnidam
747 526 931 596 vehemens
954 538 986 596 et
1009 547 1132 595 saevus
1151 538 1259 594 ventus
1276 521 1416 608 eosereipn

221 629 253 687 et
270 627 367 686 vexat
381 639 443 685 mu
459 617 502 687 tis
518 615 652 697 diebus,
675 615 760 685 adeo
779 628 817 686 nt
836 638 926 704 aqna
941 615 1103 685 defecerit
1120 612 1344 708 navigantibus:
1356 621 1416 678 erant

222 729 300 776 vero
320 706 354 775 in
377 707 455 774 navi
477 705 576 775 multi
594 717 753 775 vectores.
772 711 855 775 Cum
872 715 986 775 antem
1010 706 1060 774 eis
1078 717 1203 776 tantum
1221 702 1416 786 immineretpe·

221 796 385 876 rienlnm,
406 795 477 864 visa
493 808 545 865 est
556 816 673 864 corum
690 795 860 884 navigatio
875 815 1032 864 nonesse
1053 800 1119 864 Deo
1136 807 1236 885 grata.
1251 791 1335 862 lubet
1347 789 1416 873 itanu

223 885 366 964 Melana,
384 894 423 953 ut
443 883 556 954 velum
573 895 818 965 convertentes,
845 884 941 955 ssanti
963 897 1063 954 vento
1086 885 1350 973 obtemperarent,
1367 897 1415 971 qno

222 995 371 1062 eumque
393 995 512 1042 navem
533 972 684 1043 duceret.
712 978 830 1061 ltaque
853 996 932 1044 curn
958 973 1152 1044 secundum
1171 985 1294 1042 rentum
1309 970 1338 1038 in
1353 985 1415 1056 pnppt

222 1065 437 1143 habuissent,
461 1061 640 1153 appellunt
656 1063 689 1132 in
707 1061 895 1151 quamdam
912 1063 1075 1134 insulam.
1095 1069 1176 1132 Eam
1193 1083 1263 1131 vero
1278 1075 1416 1151 genennae

222 1153 301 1222 dam
322 1151 479 1233 barbara,
505 1163 538 1221 et
560 1173 649 1240 qnae
670 1152 794 1244 praeda
811 1165 844 1222 et
863 1163 960 1244 rapto
983 1151 1128 1232 vivebat,
1157 1150 1253 1242 paulo
1272 1161 1337 1219 ante
1354 1145 1418 1214 lntrnt

223 1241 397 1402 populata.
418 1245 499 1311 Cum
519 1241 618 1311 multi
639 1255 752 1312 antem
773 1241 869 1311 illine
894 1242 1034 1312 abducti
1048 1255 1139 1312 esset
1154 1241 1270 1343 captivi
1287 1238 1338 1307 viri
1349 1247 1372 1305 et
1381 1253 1419 1300 nn·

237 1333 323 1401 ieres
347 1343 380 1400 et
404 1329 513 1421 pueri,
541 1331 675 1401 insulae
700 1326 823 1401 incolis
847 1331 1046 1422 significant
1069 1331 1218 1413 barbari,
1244 1330 1270 1398 si
1287 1325 1420 1419 proeisnt-

222 1419 396 1491 dimendis
427 1429 595 1507 quantum
628 1422 711 1493 satis
739 1433 828 1492 esset
851 1421 927 1490 auri
954 1422 1191 1511 accepissent,
1222 1420 1305 1510 ipsos
1325 1415 1421 1508 neptun*

222 1532 297 1582 esse
320 1507 537 1591 reddituros,
564 1509 697 1580 insulae
720 1523 834 1580 antem
860 1531 1036 1600 parsuros.
1063 1511 1121 1579 Sin
1146 1529 1222 1580 vero
1245 1529 1305 1578 non
1326 1521 1421 1590 anceps·

223 1612 309 1700 ¹sent,
330 1621 366 1668 se
385 1599 535 1670 insulam
554 1599 693 1686 quidem
708 1610 900 1681 exustnros,
917 1599 1061 1688 captivis
1086 1611 1198 1670 antem
1214 1598 1318 1690 gladio
1333 1605 1421 1665 merten

223 1689 391 1759 rllatnros.
410 1692 518 1775 Atque
539 1688 672 1758 insulae
695 1689 836 1776 quidem
861 1689 993 1762 incolas
1015 1711 1067 1771 ea,
1086 1711 1174 1778 quae
1194 1687 1421 1780 significabunt.

223 1777 348 1849 dubios
366 1776 554 1848 reddebant
568 1790 600 1847 et
617 1779 806 1869 perplexos.

266 1869 284 1954 ξ
308 1869 373 1940 12.
402 1871 484 1968 Cum
511 1867 604 1956 ipsos
628 1881 741 1938 antem
767 1870 880 1958 justos
904 1868 1090 1940 accessisse
1112 1867 1322 1938 intellexisset
1342 1861 1422 1952 Epise-

224 1977 301 2048 pus,
324 1956 389 2026 hoo
413 1977 447 2024 ιιι
475 1955 571 2026 luero
595 1958 730 2047 posuit;
757 1969 789 2027 et
803 1957 845 2028 ad
866 1979 924 2027 eos
941 1959 1091 2038 veniens,
1114 1959 1208 2048 ipsos
1230 1947 1422 2037 oravitnpln

224 2047 369 2138 adeptus
386 2047 552 2136 pecuniae
577 2068 679 2133 qnam
699 2048 844 2136 petebat,
871 2059 903 2115 et
921 2047 1081 2137 praedam
1100 2047 1289 2118 nniversam
1305 2044 1421 2134 liberant

223 2149 256 2206 et
270 2135 420 2204 insulam
438 2135 565 2226 eripuit
581 2159 600 2204 a
623 2137 784 2225 periculo.
804 2137 935 2206 Melana
952 2157 1030 2206 vero
1047 2159 1126 2206 oum
1152 2137 1224 2207 snis
1239 2157 1272 2206 se
1285 2133 1424 2206 clementa·

223 2237 256 2296 et
276 2224 461 2314 benignius
486 2238 641 2314 gerentes
665 2226 698 2293 in
718 2227 881 2316 captivos,
901 2226 950 2296 eis
974 2225 1144 2294 dederunt
1166 2226 1265 2295 etiam
1282 2225 1423 2314 quingent-

224 2335 357 2395 aureos,
379 2335 572 2402 panemque
592 2315 824 2404 praebuerunt
840 2327 872 2384 et
895 2327 1026 2385 caetera
1045 2314 1173 2402 quibus
1198 2337 1282 2406 opus
1303 2309 1425 2382 babebat.

224 2405 289 2474 boo
305 2413 456 2494 agentes
479 2416 517 2473 ut
540 2403 710 2474 donorum
730 2404 968 2495 magnitudine
987 2403 1270 2474 obliviscerentur
1283 2411 1426 2492 magnaut

224 2494 472 2563 calamitatum.
499 2493 663 2584 Deinceps
683 2507 795 2562 antem
817 2515 896 2563 curn
922 2495 1050 2563 bonurn
1074 2505 1213 2563 ventum
1238 2491 1373 2568 asseonti,
1389 2479 1427 2550 al·

227 2584 353 2652 vissent
368 2581 410 2651 ab
436 2581 562 2661 insula,
589 2583 795 2672 navigarunt
818 2583 904 2651 citra
919 2583 1027 2652 ullam
1046 2581 1249 2664 molestiam,
1268 2579 1424 2672 placidnstt·

224 2695 319 2742 eosa
345 2683 439 2762 tergo
460 2671 639 2761 impellens
665 2685 797 2754 ventos,
824 2673 890 2741 cito
917 2673 1105 2742 transmisit
1130 2672 1365 2764 Carthaginem.
1383 2669 1421 2732 tu

224 2783 345 2830 errave
369 2774 481 2840 autem
507 2760 775 2842 descendissent,
803 2784 901 2832 snam
927 2761 1061 2830 solitam
1091 2763 1245 2852 aggressi
1272 2773 1341 2830 snnt
1360 2769 1428 2847 opti·

226 2851 378 2932 tionem,
406 2851 572 2940 pecunias
595 2863 627 2918 et
651 2873 751 2941 agros
777 2852 899 2940 partim
926 2851 1065 2940 quidem
1096 2852 1204 2920 saeris
1228 2851 1357 2920 aedibus
1377 2843 1429 2932 dnl-

224 2951 360 3020 eantes,
393 2941 516 3029 partim
542 2961 620 3010 vero
643 2953 882 3010 consecrantes
908 2941 1146 3020 monasteriis,
1174 2941 1296 3030 partim
1324 2937 1398 3007 etiem
1414 2945 1425 2992 t

206 3047 395 3186 ‘pauperes
426 3029 651 3099 ellnndentes.
688 3029 740 3098 Sin
772 3051 806 3099 se
839 3030 989 3098 levantes
1019 3031 1114 3098 omni
1143 3051 1247 3100 onere
1270 3027 1429 3098 divitiano

238 3137 315 3189 eves
339 3129 370 3186 et
394 3117 542 3208 expediti
568 3119 755 3209 pergebant
778 3119 820 3188 ad
846 3141 942 3188 veras
970 3118 1117 3198 divitiae,
1144 3140 1233 3206 qnae
1256 3129 1392 3189 emuntur
1405 3129 1430 3168 n.

225 3206 316 3296 quod
336 3207 422 3275 nilril
448 3207 664 3298 possideatur
686 3207 730 3278 ab
754 3207 808 3289 iis,
836 3210 895 3298 qni
921 3207 1119 3277 thesaurum
1145 3209 1200 3298 pie
1221 3199 1432 3280 recondunttl·

227 3298 313 3368 vitas
337 3308 462 3378 autem,
492 3297 527 3365 in
556 3319 625 3386 qna
654 3297 889 3378 versabantur,
912 3296 1151 3386 appellabatur
1167 3297 1344 3388 negasset
1362 3293 1431 3370 ittlll

226 3401 298 3459 erat
321 3407 458 3457 sacrum
486 3386 675 3476 templum,
702 3401 734 3457 et
758 3387 916 3456 sacerdos
940 3385 1077 3455 dicendi
1103 3387 1250 3476 peritus,
1277 3398 1308 3457 et
1331 3383 1377 3472 qni
1394 3393 1432 3443 nra

227 3479 317 3548 tione
341 3476 468 3546 multos
494 3488 623 3566 poterat
648 3477 810 3546 inducere
834 3467 876 3546 ad
902 3475 1058 3555 salutern,
1078 3476 1432 3568 nominellypius1rnn

226 3588 295 3655 qno
314 3578 498 3647 versantes,
517 3587 613 3635 sacra
631 3566 885 3636 meditabantur
901 3565 1048 3652 eloquia.
1068 3565 1248 3654 Templum
1268 3587 1349 3643 vem,
1364 3561 1433 3640 tran

226 3655 348 3758 agebat
371 3655 524 3746 Alypius,
551 3655 737 3726 admodum
764 3655 927 3725 munifice
951 3667 983 3725 et
1006 3655 1121 3724 aureis
1145 3655 1357 3731 ornamentis,
1377 3642 1433 3734 etlt·

226 3745 313 3816 ordis
337 3746 483 3836 gemmis
500 3756 532 3813 et
553 3744 712 3833 plurimis
736 3759 903 3815 ornarunt
927 3765 1088 3834 agrorum
1116 3745 1340 3833 proventibus.
1362 3737 1434 3806 lbra

226 3857 362 3925 quoqne
378 3846 457 3906 snnt
471 3834 649 3904 aedificata
665 3834 734 3904 dno
752 3833 969 3915 monasteria,
987 3853 1076 3921 qnae
1099 3834 1183 3902 satis
1199 3833 1358 3904 habebant
1372 3839 1433 3913 optt

225 3933 506 4017 etproventnum.
525 3929 677 4007 Quorum
693 3924 837 3994 alterurn
856 3923 994 4010 quidem
1010 3922 1157 3993 habebat
1172 3923 1312 3994 eborum
1325 3921 1426 3988 virorntt

228 4035 371 4084 numero
399 4015 593 4103 octoginta;
620 4013 764 4083 alterum
795 4025 906 4083 autern
934 4013 1080 4082 babebat
1104 4013 1266 4102 virgines,
1286 4031 1362 4101 qnae
1379 4010 1434 4072 erat

228 4125 372 4173 numero
388 4115 525 4172 centnm
550 4115 582 4172 et
610 4103 748 4192 triginta
768 4102 813 4168 ⁸.
1403 4179 1406 4188 δ

270 4195 287 4277 ξ
312 4195 378 4264 18.
403 4196 483 4260 Cum
503 4192 585 4260 baec
604 4193 722 4280 pnlrre
740 4193 788 4262 sic
803 4191 1029 4282 disposuisset
1043 4191 1185 4273 llelana,
1204 4213 1318 4264 rursns
1333 4200 1428 4256 mentm

254 4386 265 4410 *
281 4388 350 4426 rtxtat
360 4391 381 4429 S.
394 4389 517 4439 nrrgnetini
528 4389 638 4439 Epistola.
648 4393 691 4431 bne
704 4394 824 4432 ‹retrastono
836 4394 961 4442 scriptaad
973 4394 1096 4434 Piniennm
1105 4393 1128 4434 et
1138 4392 1268 4433 Melaniam.

228 4439 579 4538 Alxssgvcrpprpmpppappppiantrra
593 4453 617 4485 et
631 4446 755 4487 Metnuiam
770 4448 901 4497 Hipponem
921 4446 1052 4498 perrexisse
1071 4449 1099 4488 ad
1117 4447 1266 4489 invisendum
1282 4447 1301 4486 S.
1316 4437 1428 4490 ιιιιὲῑῑῑῐππ
