2960 4824
198 342 261 406 340
561 358 601 404 nn
624 359 654 406 s.
679 355 797 406 runoco
821 356 1021 405 courussorur
1268 336 1347 402 DEC.
1369 337 1404 400 l3

155 465 260 524 mare,
280 441 424 513 salutem
444 440 567 510 mentis
591 454 623 511 et
647 441 811 532 corporis.
832 441 1012 528 Frequenti
1037 463 1077 511 ac
1101 440 1220 510 devota
1241 436 1403 509 nonnullo-

155 553 232 602 rum
247 531 289 602 de
309 531 404 602 robis
421 528 650 619 postulatione
666 530 801 610 devicti,
818 542 852 599 et
872 552 940 599 non
956 531 1075 600 minus
1089 529 1266 600 charitatis
1282 539 1404 597 mutuae

154 617 336 691 dilectione
359 618 455 688 vobis
478 618 638 700 devincti,
665 618 835 691 devotioni
853 632 983 689 restrae
1005 619 1250 709 compendiose
1273 616 1404 686 scrihere

155 708 299 800 dignum
318 708 492 789 duximus,
512 707 613 796 cujus
629 709 790 787 nationis,
809 707 909 796 cujus
929 708 1209 788 conversationis,
1235 705 1406 794 quantique

155 799 267 867 meriti
282 796 383 867 luerit
399 795 492 885 apud
517 801 623 865 Reum
643 796 727 866 dum
753 796 868 866 adbuc
891 809 980 866 esset
999 799 1034 866 in
1061 797 1170 879 terris,
1190 795 1338 882 inclytus
1359 792 1407 862 ille

154 909 194 956 ac
210 885 380 987 gloriosus
404 885 578 955 consessor
601 885 737 954 Domini
762 885 929 966 Judocus,
961 887 1021 973 qui
1045 885 1111 956 sibi
1137 883 1367 963 servientibus,
1382 893 1409 949 et

153 975 249 1045 vobrs
270 973 383 1064 ipsum
409 974 587 1043 annuatim
610 974 865 1062 requirentibus
883 996 949 1044 non
975 975 1109 1044 desistit
1132 973 1285 1061 quotidie
1309 983 1406 1063 patro·

154 1063 282 1133 cinari:
301 1085 381 1132 cum
398 1062 530 1132 Christo
548 1083 697 1153 regnans
716 1063 750 1131 in
769 1061 885 1144 coelis,
911 1075 944 1132 et
968 1065 1088 1132 merito
1106 1065 1139 1130 in
1158 1061 1296 1133 coelesti
1319 1079 1408 1150 regno

153 1175 234 1242 prae
257 1151 399 1222 caeteris
415 1151 545 1221 obtinet
569 1151 814 1242 principatum,
833 1153 893 1239 qui
911 1173 972 1241 pro
996 1151 1141 1232 Christo,
1163 1151 1273 1222 Patris
1296 1151 1347 1220 sui
1366 1169 1407 1217 re

153 1262 260 1332 gnum
286 1241 320 1309 in
347 1241 457 1321 terris,
483 1253 517 1310 et
539 1253 712 1311 terrenum
738 1241 944 1330 contempsit
960 1239 1192 1311 dominatum.

197 1421 215 1506 ξ
231 1426 268 1491 1.
284 1425 373 1487 Vtra.
384 1455 426 1467 -
437 1425 513 1509 lpse
531 1441 679 1506 namque
698 1419 846 1490 eximius
867 1419 990 1489 Christi
1007 1419 1183 1488 consessor
1198 1418 1362 1496 ludocus,
1376 1413 1410 1482 de

126 1539 131 1551 ·
154 1507 280 1577 illustri
298 1507 485 1597 procedens
509 1507 708 1609 genealogia
732 1507 876 1588 Riovali‚
898 1509 957 1595 qui
980 1507 1245 1598 principabatur
1263 1508 1296 1574 in
1315 1519 1409 1574 trans·

153 1596 287 1664 marina
307 1597 377 1666 sive
401 1597 725 1684 numerianus,
749 1619 836 1684 quae
853 1596 954 1667 modo
978 1597 1106 1666 dicitur
1121 1595 1256 1754 anglia,
1285 1609 1317 1665 et
1334 1602 1410 1683 post·
1473 1667 1474 1672 ,

155 1684 294 1754 modum
312 1686 345 1753 in
365 1685 502 1775 copiosa
521 1687 659 1755 navium
679 1685 901 1755 multitudine
917 1707 957 1754 ac
975 1707 1079 1756 manu
1096 1685 1162 1753 vali
1190 1708 1207 1754 a
1223 1683 1409 1754 exteriorem
1443 1762 1447 1770 Ι

153 1773 219 1843 sibi
243 1773 389 1865 subjecit
415 1773 663 1844 Britanniam*
687 1773 781 1860 filius
805 1773 869 1843 luit
902 1774 1055 1844 Rethaeti
1088 1773 1191 1864 Regis
1221 1773 1409 1848 Britonum,

152 1862 341 1949 habuitque
354 1862 492 1932 fratrem
519 1864 681 1951 majorem
700 1874 784 1932 natu
797 1863 935 1932 beatum
952 1861 1213 1941 Rodiclraelurn,
1229 1862 1292 1950 qui
1306 1879 1412 2018 regna·
1469 1863 1472 1873 '

152 1951 199 2020 vit
216 1964 291 2040 post
307 1966 435 2042 patrem
454 1953 607 2042 ipsorum
634 1951 848 2022 Retlraiilum.
876 1951 933 2021 lsti
959 1951 1029 2021 duo
1053 1951 1185 2032 fratres,
1207 1952 1320 2021 immo
1359 1968 1413 2017 uae
1470 1951 1473 2018 ἕ

176 2060 308 2110 emmae
321 2040 494 2122 coelestes,
505 2039 735 2110 Rodicbaelus
752 2039 907 2110 videlicet
919 2040 1128 2119 etJudocus,
1143 2035 1412 2130 contemporanei

152 2063 292 2199 luerunt
313 2129 489 2230 bagoberti
508 2129 598 2220 regis
623 2133 855 2200 Francorum:
882 2151 962 2198 curn
988 2151 1057 2216 quo
1077 2142 1153 2217 post
1173 2151 1298 2252 graves
1322 2126 1410 2222 adin-¹

154 2216 259 2286 vicem
279 2219 489 2298 inimicitias,
509 2217 772 2306 pacificatusest
788 2217 821 2285 in
841 2216 966 2306 palatio
983 2217 1173 2307 Rippiaco*
1204 2219 1342 2287 amicus
1366 2215 1413 2282 [let

124 2309 128 2315 ’
153 2327 209 2375 rer
231 2306 412 2375 Rritonum
443 2305 684 2386 Rodicbaelus,
716 2307 920 2397 magnisque
944 2305 1133 2377 honoratus
1154 2307 1360 2376 muneribus
1380 2301 1414 2370 ab

154 2395 228 2483 ipso
242 2416 321 2486 rege
337 2395 535 2485 Dagoberto.
556 2401 706 2485 Rogatus
723 2407 835 2464 tamen
857 2417 876 2463 a
896 2396 1083 2484 [legoberto
1101 2399 1315 2478 Francorum
1332 2412 1410 2481 rege.

152 2493 190 2552 ut
210 2483 393 2573 pranderet
408 2505 487 2552 eum
512 2505 563 2565 eo,
589 2483 754 2553 voluntati
772 2483 846 2572 ejus
870 2495 902 2552 et
925 2497 1001 2552 voto
1020 2505 1085 2552 non
1105 2483 1281 2570 acquievit
1306 2504 1340 2551 re
1365 2482 1410 2550 io:

154 2571 210 2640 sed
237 2571 367 2663 eligens
395 2593 549 2642 mensam
582 2572 741 2652 badonis,
768 2573 828 2659 qui
851 2586 882 2642 et
902 2571 1085 2641 dadoenus
1109 2571 1172 2654 Ψ,
1203 2505 1412 2661 postmodum

152 2659 437 2750 Rothomagensis
450 2661 621 2751 Episcopi,
641 2661 717 2749 ejus
732 2661 895 2750 dignatus
919 2673 971 2730 est
987 2661 1150 2730 interesse
1170 2661 1341 2742 convivio,
1356 2677 1414 2726 ma·

153 2747 227 2817 lens
251 2749 339 2818 inter
354 2749 488 2821 diversa
513 2749 642 2819 fercula
666 2751 774 2820 sacris
790 2749 1045 2819 eruditionibus
1066 2749 1175 2838 ipsius
1191 2749 1270 2838 (qui
1289 2750 1340 2818 vir
1354 2757 1414 2816 erat

154 2837 408 2925 sanctissimus)
432 2837 621 2920 informari,
640 2859 743 2924 quam
761 2859 799 2906 ex
822 2838 1008 2927 superfluis
1033 2838 1260 2908 enxeniorum
1287 2834 1414 2907 diversi-

155 2925 281 2995 tatibus
307 2927 340 2992 in
368 2948 484 2995 mensa
502 2927 594 3016 regia
619 2925 796 2996 fastidium
816 2927 881 2996 sibi
898 2927 1067 3016 generari.

197 3015 215 3099 5
241 3018 283 3084 ².
312 3017 500 3102 Regressus
523 3029 772 3104 consequenter
795 3015 846 3083 vir
870 3015 928 3084 Dei
953 3013 1183 3084 Rodicbaelus
1209 3037 1269 3084 rex
1294 3015 1328 3083 in
1353 3010 1413 3080 Bri·

154 3100 320 3183 tauniam‚
339 3116 371 3172 et
389 3125 532 3192 regnum
553 3103 746 3190 relinquere
759 3103 1026 3193 praemeditatus
1040 3116 1071 3172 et
1088 3102 1248 3192 patriam,
1269 3125 1310 3172 ac
1323 3103 1414 3170 vitam

153 3192 279 3260 ducere
304 3193 541 3275 monasticam,
564 3192 702 3262 fratrem
729 3214 830 3263 suum
851 3193 1027 3293 juniorem
1053 3213 1099 3272 se,
1127 3191 1268 3260 beatum
1294 3189 1413 3262 scilicet

151 3280 338 3361 Judocum,
358 3281 530 3350 conveniri
550 3280 639 3362 lecit,
666 3280 709 3350 de
734 3281 956 3370 susciptenda
981 3281 1076 3370 regni
1098 3279 1360 3370 gubernatione,
1384 3287 1415 3344 ut

152 3370 187 3438 in
213 3390 276 3438 suo
302 3391 501 3457 permanere
519 3383 632 3458 posset
657 3370 842 3459 proposito,
865 3383 897 3439 et
927 3369 1177 3439 monachorum
1197 3367 1342 3438 fratrum
1366 3385 1413 3432 eo·

152 3457 375 3528 habitatione.
394 3463 508 3527 Frater
526 3471 640 3528 autem
658 3459 733 3547 ejus
758 3459 877 3528 beatus
896 3458 1050 3528 ludocus
1070 3478 1138 3527 non
1165 3457 1284 3526 minus
1304 3477 1342 3525 eo
1355 3453 1412 3522 ser·

153 3567 236 3617 vens
253 3548 289 3616 in
306 3546 421 3616 divina
435 3547 629 3630 dilectione,
649 3545 799 3618 induciis
814 3546 1028 3617 deliberandi
1046 3568 1107 3637 per
1125 3558 1201 3617 octo
1214 3545 1290 3616 dies
1302 3568 1322 3614 a
1335 3549 1413 3630 Rege

152 3635 256 3706 lratre
276 3657 339 3707 suo
363 3637 417 3705 vix
432 3635 641 3726 impetratis:
668 3635 723 3706 die
748 3649 920 3726 noctuque
935 3637 1037 3704 anxia
1061 3636 1213 3725 cogitare
1236 3634 1347 3724 coepit
1368 3633 1411 3698 in·

115 3741 117 3746 '
153 3725 313 3805 tentione,
328 3724 501 3812 quomodo
518 3723 711 3814 relinquere
731 3737 855 3814 posset,
874 3726 983 3794 immo
999 3723 1161 3814 ellugere,
1178 3735 1212 3792 et
1225 3746 1262 3793 re
1289 3744 1369 3792 num
1386 3727 1414 3784 ct
1463 3734 1469 3827 q

153 3813 313 3902 patriam,
339 3835 380 3883 ac
404 3813 518 3884 fratris
543 3815 609 3894 sui,
640 3813 699 3901 qui
724 3815 900 3904 regnabat,
933 3812 1108 3882 declinare
1133 3747 1409 3882 malevolentiam.
1464 3832 1469 3871 :

152 3908 232 3992 Ipso
253 3902 358 3992 igitur
376 3903 410 3970 in
429 3904 635 3974 monasterio
660 3903 909 3972 Lammailmon
933 3903 983 3992 (in
1002 3923 1071 3988 quo
1089 3901 1219 3971 litteras
1243 3891 1412 3979 didicerat)
1465 3916 1470 3975 ;

152 4013 285 4061 moram
301 3989 456 4070 iaciente,
474 4005 506 4062 et
521 3993 668 4064 orationi
685 3990 899 4078 lrequentius
918 3992 982 4062 bac
999 3990 1041 4060 de
1058 4011 1163 4060 causa
1189 3988 1408 4060 incumbente,
1470 4013 1471 4068 j

152 4079 295 4170 contigit
320 4101 380 4169 per
400 4079 487 4148 illud
519 4080 765 4152 monasterium
796 4078 957 4150 undecim
993 4078 1194 4168 peregrinos
1224 4073 1406 4168 praeterire,

152 4168 413 4257 praetendentes
435 4169 525 4255 qnod
544 4175 686 4240 Romam
704 4167 829 4240 vellent
851 4167 1035 4260 proficisci.
1058 4173 1127 4237 Hos
1145 4167 1261 4254 itaque
1285 4165 1409 4258 insecu-
1468 4239 1474 4253 ‚

153 4273 208 4326 tus
227 4269 354 4326 secreto
370 4270 403 4326 et
418 4257 467 4327 eis
483 4260 672 4329 associatus
690 4258 781 4330 venit
797 4259 971 4340 Papisius:
1000 4277 1117 4326 verum
1137 4269 1255 4326 utrum
1279 4273 1354 4324 cum
1371 4267 1406 4316 us
1467 4256 1475 4315 ’ῑ

177 4415 191 4442 ⁸
205 4413 351 4456 Britanniam
359 4414 451 4458 scilicet
459 4415 579 4463 Minorem.
589 4419 644 4468 gall.
655 4420 767 4469 Bruma.
891 4420 919 4448 *t
933 4417 1003 4461 Forte
1012 4417 1139 4468 tenendum
1148 4418 1186 4459 est
1197 4394 1310 4467 crtpprat'o.

177 4468 220 4496 ”⁸
233 4468 311 4516 Hique
320 4471 432 4512 mamerto
442 4472 480 4513 dle
490 4473 515 4511 24
526 4473 621 4521 augusti
629 4469 750 4513 recolitur.
