2960 4824
254 274 317 338 328
577 297 615 342 oa
640 298 666 342 s.
695 295 856 344 turnanro
880 297 928 344 aa.
956 297 1110 345 cenante.
1313 279 1388 344 DEC.
1412 279 1441 340 lt

210 375 250 445 ad
270 375 389 446 urbem
407 381 562 459 Romam,
589 392 619 448 et
644 379 687 449 ab
710 381 806 450 omni
833 386 959 452 Senatu
987 387 1140 452 Romano
1167 379 1313 462 auditus,
1337 380 1442 470 accepit

210 467 412 535 senteutiam
433 466 626 556 capitalem.
654 470 710 538 Dei
726 483 839 540 autem
858 472 1102 561 martyrlucia
1122 470 1215 560 virgo
1231 469 1440 540 sacratissima.

210 553 357 636 deloco,
386 557 418 623 in
444 577 513 643 quo
537 579 698 646 percussa
719 570 780 640 est,
801 560 938 648 penitus
959 572 1047 628 mota
1073 580 1140 629 non
1164 571 1235 628 est:
1259 579 1359 646 neque
1382 557 1443 625 exiit

211 643 353 734 spiritus
376 643 464 732 ejuS,
484 644 592 714 donec
616 647 809 717 viventibus
826 647 1070 728 sacerdotibus,
1097 661 1130 717 et
1154 647 1312 737 mysteria
1334 648 1362 714 ei
1380 645 1443 713 dan·

205 732 315 822 tibus,
334 746 435 822 atque
454 733 616 803 omuibus
641 734 849 818 dicentibus
875 743 996 818 Amen,
1023 735 1082 806 illa
1106 737 1274 806 emitteret
1301 735 1442 826 spiritum.

210 823 248 888 ln
274 819 390 890 eodem
418 836 529 890 autem
557 821 630 892 loco
645 823 809 894 fabricata
824 837 874 894 est
889 826 923 894 in
941 847 1003 896 suo
1028 825 1167 896 nontine
1182 823 1334 906 basilice,
1348 825 1378 892 in
1395 843 1444 910 qua

211 908 469 1068 otrrattiorlrrsAejus
495 911 615 1035 lloreut
633 934 724 982 nunc
752 926 783 982 et
803 935 949 1004 semper,
978 928 1010 984 et
1034 935 1215 1002 quousque
1240 912 1382 984 mundus
1401 911 1445 978 iste

211 1017 349 1079 seen,
403 1018 478 1069 men
517 1055 523 1068 .

299 1328 415 1432 ttta
452 1331 492 1430 S.
525 1330 778 1432 toletan
816 1331 1200 1434 ttntnlttnsts
1236 1333 1385 1434 aelst.

211 1573 371 1630 AUCTORE,
407 1573 446 1619 UT
476 1571 614 1629 suntuna
645 1571 775 1630 sanam,
806 1573 978 1621 anteacto.
1015 1574 1043 1621 lS
1074 1573 1169 1632 ΕΝΙΙ,
1203 1575 1300 1621 TESTE
1326 1565 1445 1620 cfluontto

255 1674 482 1734 cattaneusnst,
508 1674 626 1722 noeton
651 1675 867 1731 matusalam,
894 1675 991 1722 tusstt
1015 1675 1150 1723 nunaunt
1178 1675 1322 1724 antscoat
1343 1669 1446 1722 scnttstt

256 1777 329 1824 EJUS
354 1775 461 1834 ῊΤΑΙ,
490 1777 621 1823 taustst
645 1777 696 1824 ttS.
724 1776 823 1824 conttx
846 1777 921 1826 EJUS
945 1778 1051 1826 notttttt
1075 1777 1137 1826 NON
1162 1779 1267 1826 nanas
1283 1757 1326 1822 μ.

594 1955 730 2010 Floruit
751 1969 816 2011 seo.
832 1955 899 2010 VII
913 1985 951 1996 -
966 1955 1100 2013 Gallus.

256 2159 335 2243 §l-
372 2159 548 2224 Humanae
579 2157 780 2245 perditionis
816 2172 939 2228 sortem
979 2157 1160 2227 miseratus
1194 2162 1286 2229 Deus
1314 2172 1344 2227 et
1365 2153 1470 2224 boni-³

213 2266 278 2314 uus
309 2255 422 2312 noster
452 2245 550 2316 lesus
585 2245 763 2328 Christus,
800 2248 944 2336 peractis
981 2253 1140 2336 patern'ae
1165 2245 1394 2338 dispositionis
1412 2261 1447 2307 sa·

212 2332 409 2411 oramentis,
427 2331 470 2402 ad
495 2332 628 2402 coelum
662 2335 846 2416 rediturus,
875 2355 1066 2422 novamque
1095 2336 1246 2406 victricis
1271 2335 1378 2407 carnis
1398 2328 1446 2428 glo·

213 2423 298 2492 riam
322 2421 472 2511 paternis
493 2421 645 2492 vultibus
671 2435 962 2514 praesentaturus,
984 2444 1086 2494 novos
1111 2426 1286 2496 nascentis
1313 2421 1445 2494 Ecclesiae

212 2510 372 2591 cultores,
392 2509 521 2596 quibus
545 2512 659 2600 gregis
684 2511 807 2582 novelli
831 2535 913 2582 cura
941 2511 1171 2595 mandaretur,
1190 2513 1316 2604 elegit:
1342 2509 1392 2599 qui
1411 2505 1445 2574 lt·

214 2600 306 2669 mine
323 2597 402 2668 fidei
421 2597 587 2676 irradiati,
607 2600 754 2688 Spiritus
772 2602 885 2672 Sancti
904 2621 1046 2671 munere
1061 2601 1170 2682 ditati,
1191 2603 1360 2674 muudum
1379 2598 1445 2686 igro-

213 2689 344 2758 rantiae
370 2686 517 2756 tenebris
534 2687 753 2776 caligantem,
773 2690 923 2760 veritatis
938 2690 1070 2760 lumine
1094 2689 1317 2772 illustrarent,
1336 2701 1365 2759 et
1384 2687 1448 2752 viru·
1475 2741 1476 2780 3

214 2777 303 2847 lenta
335 2776 467 2864 antiqui
504 2775 693 2846 seductoris
729 2779 861 2848 semina
893 2780 935 2848 de
970 2801 1053 2870 agro
1084 2778 1256 2850 Ecclesiae
1290 2785 1476 2864 constanter*

214 2877 416 2936 resecarent.
435 2865 546 2956 Hujus
572 2866 768 2935 Dominicae
788 2868 1015 2937 institutionis
1039 2883 1236 2940 executores
1260 2868 1359 2960 primi
1374 2863 1448 2932 disn-

214 2953 301 3044 puli,
313 2951 436 3022 deinde
450 2975 664 3024 successores
676 2977 807 3036 eorum,
824 2957 931 3026 sancti
949 2955 1105 3025 videlicet
1119 2955 1276 3029 doctores
1288 2956 1446 3026 extiterunt-

214 3063 301 3130 quos
327 3042 359 3110 in
382 3041 449 3110 line
475 3043 683 3118 senescentis
708 3045 828 3113 mundi
857 3045 899 3114 ad
925 3045 1128 3114 excolendas
1157 3059 1289 3116 mentes
1312 3041 1446 3114 fidelium.

215 3129 428 3221 providentia
447 3131 563 3200 divina
583 3131 844 3220 praeordinavit.
866 3133 930 3216 Qui
962 3133 1196 3224 spiritualium
1226 3135 1349 3204 talenta
1369 3129 1447 3222 dono·
1467 3139 1468 3142 ’

215 3241 292 3289 rurn
313 3243 332 3288 a
357 3240 493 3290 summo
523 3219 769 3310 patrefamilias
798 3223 1017 3312 accipientes,
1044 3236 1076 3292 et
1101 3223 1323 3312 praedicandi
1346 3227 1447 3304 nepotc
1462 3266 1469 3301 Ι

215 3309 256 3378 ad
276 3330 416 3378 usuram
442 3307 638 3378 animarum
663 3310 915 3399 expendentes:
938 3323 1030 3382 tanto
1054 3311 1248 3400 impensius
1271 3307 1469 3411 amplificareg

215 3399 433 3478 studuerunt,
452 3411 579 3483 quanto
599 3398 759 3468 certiores
783 3412 880 3470 erant
900 3399 941 3469 de
958 3401 1234 3470 remuneratione
1252 3401 1469 3493 largatortsdl'

216 3487 419 3579 Evangelicb
444 3486 611 3555 sententia
636 3487 808 3557 conterriti
827 3488 870 3558 de
893 3489 1114 3559 damnatione
1134 3491 1299 3581 torpentis
1321 3482 1447 3578 seruile

216 3597 362 3664 quorum
385 3595 528 3644 numero
546 3587 686 3644 sauctus
705 3577 755 3645 nir
778 3578 911 3646 Domini
938 3577 1118 3648 autbertus
1138 3590 1170 3648 et
1185 3579 1340 3650 sacerdos
1354 3571 1447 3643 Clusa

216 3666 480 3765 probatissimus
505 3661 638 3734 refulsit
655 3666 867 3755 temporibus
892 3667 1071 3757 Dagoberti
1087 3667 1140 3702 *⁴⁸*
1156 3667 1259 3758 Regis
1275 3671 1445 3750 Francorum
1463 3738 1469 3747 Ι

214 3754 348 3844 inclyti.
375 3753 440 3836 Qui
464 3753 508 3822 ab
528 3751 613 3852 ipsis
631 3775 747 3823 sacrae
765 3755 932 3844 pueritiae
952 3756 1053 3824 annis
1074 3777 1224 3846 superna
1242 3755 1346 3846 gratia
1359 3747 1469 3836 adopt·

216 3856 322 3924 ratus,
345 3863 495 3912 annosos
521 3861 610 3910 uros
627 3843 756 3912 sanctis
782 3843 935 3934 praeibat
959 3844 1126 3914 moribus.
1151 3835 1445 3937 Litteralibusdeffl·

216 3951 282 4020 que
307 3929 430 4002 studiis
447 3927 604 4010 traditus,
623 3942 656 4000 et
679 3931 926 4003 Ecclesiasticis
951 3933 1189 4004 sanctionibus
1205 3934 1355 4004 decenter
1368 3919 1446 3992 mior-

218 4034 354 4100 matus,
387 4041 447 4110 per
470 4017 600 4109 gradus
625 4019 781 4109 singulos
813 4021 995 4112 proficiens
1031 4023 1293 4092 succedentibus
1316 4018 1444 4086 vinoun

244 4203 331 4264 {Haec
347 4203 368 4244 s.
384 4203 471 4244 Laetae
488 4203 551 4253 vti-g.
568 4205 592 4244 et
607 4203 683 4250 Mart..
699 4205 755 4244 tete
772 4211 820 4242 noo
836 4201 953 4244 habentur
969 4203 993 4242 tn
1014 4204 1077 4244 actts
1090 4203 1191 4244 stnearta
1200 4203 1225 4243 et
1233 4182 1443 4242 attenuando&

218 4257 333 4349 edgisilus
344 4311 445 4349 Auctoris
456 4309 569 4360 Minoum
579 4311 718 4350 omittimus.
1359 4347 1363 4356 ,
1380 4348 1383 4352 .

244 4363 286 4390 ⁸⁸·
299 4363 375 4411 flutas
388 4359 490 4402 nomlnts
505 4364 522 4406 1,
536 4360 576 4412 qul
591 4365 622 4404 ab
638 4374 698 4404 enno
714 4365 753 4404 ott
771 4373 845 4414 nsque
862 4365 891 4402 aa
906 4373 994 4404 eanum
1011 4363 1178 4410 maiesataam
1188 4349 1441 4413 gemttsmtttfflt'lffl

219 4415 243 4456 ot
252 4415 390 4455 {emittar-,m
401 4419 421 4456 s.
434 4415 534 4466 Eltgtam
545 4415 589 4456 sibi
600 4417 688 4458 habult.
699 4419 747 4465 t'sr.
758 4417 780 4458 S.
790 4418 860 4468 Eligit
870 4417 994 4458 Vitemdte
1004 4415 1167 4466 primulianus
