2920 4810
260 263 343 334 992*
610 281 874 332 uaumnouocruur
903 285 1117 332 ruunsruaruru
1357 263 1441 326 l'ltl'.l

214 375 248 430 ut
270 369 339 445 ipsis
361 367 532 439 uidebatur,
556 369 699 444 permoti,
716 381 786 428 cum
802 368 848 428 ri·
877 366 977 443 giosos
1000 366 1151 441 homines,
1176 365 1227 444 qui
1244 364 1295 425 [leo
1314 362 1364 424 illic
1383 377 1441 422 seru·

213 463 285 508 rum
301 447 353 508 Dei
376 462 437 508 uon
459 453 689 522 cognoscerent,
713 447 848 508 tunicam
878 454 968 522 rent,
991 445 1127 524 collegit:
1152 445 1320 522 tandemque
1345 443 1443 504 bonoim

212 527 276 604 eius
300 528 330 588 vi
359 525 532 601 aulerunt,
553 532 584 588 et
613 527 772 588 recedunt.
795 523 849 588 llle
876 541 1005 604 operum
1029 541 1120 587 cursu
1136 526 1277 598 conlecto,
1301 519 1443 585 cumdium

212 607 351 686 sequitur
374 604 533 678 abeuntes,
556 610 694 684 apportat
715 605 847 667 securim
877 613 1038 667 aeternum
1067 613 1260 680 regnaturus,
1281 611 1308 663 tu
1326 617 1379 680 pace
1394 613 1445 676 qua·

212 689 279 748 sive
304 686 476 762 bipeuuim‚
501 693 534 746 ut
553 699 620 746 eam
643 701 764 764 quoque
789 684 847 746 tol·
878 684 935 745 rit.
953 685 1139 747 latrantem
1156 687 1205 746 uir
1219 689 1442 752 muctusetuupa-

211 765 285 828 lant.
314 763 374 825 lllis
395 780 469 841 ergo
492 764 716 835 recedentibus,
738 764 789 826 ubi
812 762 848 826 ad
880 767 962 826 neris
983 763 1141 826 nobilitate
1155 763 1262 836 clarus,
1282 763 1327 824 sed
1345 763 1439 846 uirtutum

210 845 351 923 paludem
372 844 523 922 qnondam
540 851 671 906 rentum
696 851 754 914 est.
776 844 847 924 equi
878 845 1069 906 ornamentis
1091 843 1182 922 longe
1204 843 1347 906 illustrior.
1362 838 1436 922 lunn

211 939 317 988 eorum
345 924 489 1001 progredi
526 923 701 985 noluerunt.
730 923 849 1000 Urgent
879 927 942 999 ipso
962 939 1086 1004 quoque
1116 924 1273 986 vernantis
1291 921 1439 984 adoleamus*

211 1002 254 1065 illi
270 1001 393 1082 quidem
409 1003 540 1076 sortiter,
556 1004 688 1080 adigunt
709 1002 848 1075 calcaria,
878 1004 963 1078 llere,
979 1003 1059 1082 qnod
1075 1006 1169 1066 etiam
1192 1005 1268 1082 apud
1283 1009 1386 1064 marum
1399 1011 1441 1072 r?-

210 1083 262 1145 sed
278 1081 355 1144 nihil
372 1083 522 1144 elilciunt.
546 1083 847 1146 animadvertuntid
879 1098 981 1144 rarum
1005 1089 1061 1156 est,
1085 1084 1185 1145 carnis
1207 1074 1441 1161 proculcantes

210 1179 242 1224 se
257 1163 318 1240 pati
346 1162 385 1223 ob
411 1161 524 1225 illatam
546 1171 650 1224 sancto
674 1163 741 1224 viro
763 1164 847 1242 inju-
877 1161 958 1236 bras,
970 1166 1096 1240 patriam
1120 1154 1439 1242 parentasquoprutln:

211 1242 849 1322 riam:redeuntigitur,redduntquequae
877 1257 979 1304 amore
1000 1243 1146 1316 deseruit,
1163 1241 1441 1316 uoluntarianqueots·

209 1321 408 1384 abstulerant.
425 1321 573 1384 Redditur
587 1325 673 1400 equis
684 1322 845 1398 gradiendi
879 1323 984 1400 plexus
1005 1328 1212 1400 paupertatem
1230 1369 1238 1395 ,
1259 1321 1439 1398 longinquant

211 1401 353 1465 incultas:
373 1403 502 1464 veniunt
517 1402 551 1462 ad
574 1401 781 1478 [ingobertum
793 1401 847 1464 Re·
877 1407 996 1463 exteras
1010 1403 1149 1492 regiones
1170 1399 1409 1480 peregrinationem
1421 1409 1441 1450 s·

211 1481 371 1560 gem:quid
384 1479 849 1544 accideriteuuuciaut.lllecon·
877 1481 972 1560 scepit
987 1477 1164 1559 Christique
1180 1483 1274 1543 bonus
1287 1480 1349 1542 odor
1359 1475 1438 1536 elesa·

211 1559 312 1622 testim
329 1563 423 1622 mittit
437 1575 550 1639 equum
566 1575 656 1622 suum
673 1561 787 1638 optime
803 1561 847 1622 in·
878 1559 1041 1622 Ecclesiam
1064 1560 1117 1622 Dei
1133 1567 1164 1622 et
1178 1561 1265 1623 dictis
1278 1568 1305 1622 et
1317 1555 1441 1624 lactisloaa

211 1647 357 1702 stratum:
382 1646 449 1702 orat
463 1641 567 1704 uirum
581 1639 649 1714 Ilei,
665 1647 699 1700 ut
714 1639 765 1700 illo
779 1640 848 1701 sulu-
877 1639 997 1719 lateque
1012 1641 1146 1702 suauiter
1167 1639 1283 1712 allecit,
1304 1645 1330 1700 et
1348 1641 1442 1710 tauqat

210 1729 340 1794 vectus,
362 1721 397 1780 ad
428 1720 524 1797 ipsum
552 1735 584 1781 se
613 1719 759 1782 conterat.
794 1720 848 1782 Vir
877 1719 975 1781 tidelis
985 1725 1017 1781 et
1039 1719 1170 1796 prudeus
1191 1719 1310 1782 Domini
1328 1728 1442 1778 seruusr

210 1797 316 1861 beatus
337 1815 452 1877 equum
471 1815 532 1861 nou
548 1799 694 1871 admittit,
719 1799 771 1860 sed
794 1816 848 1862 suo
878 1807 980 1861 ternae
1008 1800 1088 1860 uitae
1115 1799 1261 1862 alimonia
1295 1799 1391 1860 reiecit.
1410 1792 1440 1849 la.

211 1878 302 1942 asello
323 1885 497 1950 contemtus,
519 1879 554 1940 ad
581 1878 672 1955 Regis
701 1878 846 1956 palatium
877 1879 988 1941 multos
1009 1887 1110 1940 antem
1127 1879 1293 1940 exantlatos
1312 1877 1443 1938 taboret·

213 1959 425 2035 proficiscitur.
461 1957 518 2020 Ubi
548 1960 583 2020 ad
619 1967 723 2034 portae
752 1959 846 2020 limen
876 1961 968 2034 ptimo
982 1957 1051 2018 Idus
1066 1949 1438 2035 Nouembrismigraritall:

214 2040 350 2109 accessit,
368 2037 427 2098 salia
450 2037 540 2114 Regis
560 2039 598 2102 ab
620 2039 685 2116 ipso
706 2045 775 2100 ortu
798 2037 846 2100 lu·
877 2037 1441 2116 minumconditusquelaeculentum!

210 2117 346 2180 minibus
366 2117 468 2179 orbata
487 2161 494 2190 ‚
516 2119 649 2194 itemque
671 2124 778 2190 muta,
801 2133 847 2178 re·
877 2119 985 2178 rivetus
1007 2117 1205 2194 gubernarat,
1229 2115 1443 2198 praesentirent·

210 2203 347 2275 peuteet
363 2197 456 2270 ridet,
483 2202 513 2258 et
537 2195 682 2276 loquitur,
705 2197 847 2276 appellat·
877 2197 976 2257 rissni
993 2212 1059 2258 earn
1076 2198 1297 2259 condecoravit.
1319 2196 1429 2257 rastas

209 2291 269 2354 que
293 2276 370 2338 beati
393 2275 539 2339 Florentii
566 2291 688 2351 nomen,
715 2292 783 2338 cum
806 2285 846 2340 ta·
876 2275 973 2337 Ratho
999 2276 1232 2354 argentinensis
1256 2277 1443 2357 Episcopus.

208 2371 281 2417 men
305 2357 333 2418 id
349 2355 492 2418 omnibus
510 2363 588 2418 esset
610 2357 845 2434 incompertum.
877 2357 947 2418 uina
971 2355 1158 2426 repelatione
1179 2357 1360 2426 admonitus,
1378 2359 1443 2411 sarre-

209 2435 401 2498 decendente
431 2449 522 2514 porro
543 2435 595 2497 illo
618 2437 649 2496 in
671 2435 845 2514 palatium,
875 2437 944 2497 simi
961 2436 1020 2496 riri
1043 2450 1151 2514 corpus
1173 2436 1321 2498 inlocum
1343 2434 1405 2497 illum
1419 2439 1444 2484 r¹⁴

209 2522 239 2574 et
253 2515 288 2576 ad
304 2513 418 2592 Regem
436 2515 556 2592 ingredi
579 2515 712 2590 uolente,
738 2531 787 2577 res
800 2532 848 2578 ac·
876 2516 980 2587 moris,
994 2529 1087 2592 quem
1104 2517 1272 2592 primosibi
1286 2517 1333 2578 ille
1344 2513 1434 2584 deleget

208 2593 283 2656 cidit
308 2595 509 2656 admiratione
534 2595 637 2672 digua.
662 2593 740 2656 Cum
762 2597 845 2656 enim
877 2595 1120 2658 transiereudum
1146 2597 1292 2666 curarit,
1314 2595 1443 2672 ipseque-1·

211 2689 273 2734 non
290 2673 415 2736 liaberet
438 2673 627 2748 ministrum,
650 2675 736 2751 cuijus
756 2677 846 2752 opere
876 2672 938 2736 illic
958 2674 1146 2750 sepulturam
1161 2674 1269 2754 elegit.
1286 2677 1374 2736 Postea
1388 2665 1445 2729 mul·

210 2759 351 2815 uteretur
376 2755 408 2815 iu
431 2753 580 2816 seruando
608 2755 733 2816 iuterim
755 2753 846 2833 pallio
877 2753 1032 2816 miraculis
1053 2753 1202 2815 dominus
1228 2744 1446 2816 circumuolat:

208 2847 274 2902 sno,
303 2833 338 2894 ad
354 2832 425 2894 solis
447 2833 579 2906 radium,
604 2849 657 2912 per
680 2833 843 2896 fenestram
874 2847 1000 2895 servum
1036 2847 1126 2895 suum
1154 2833 1342 2897 Florentium
1368 2830 1448 2890 illusa·

208 2927 272 2972 sese
288 2911 518 2987 infundentem,
535 2913 691 2990 suspendit
706 2910 842 2990 pallium:
876 2913 933 2973 rit.
951 2935 963 2968 u

208 2990 397 3068 inhaesitque
420 2992 449 3052 id
466 2991 508 3053 illi
527 2992 604 3054 luaud
627 3008 736 3064 secus,
757 3000 846 3070 atque
1358 2997 1380 3034 ⁶

208 3072 339 3146 perticae
367 3070 506 3144 cuidam,
531 3071 627 3134 donec
650 3073 698 3133 uir
726 3081 846 3134 sauctus
900 3097 1071 3140 suxuornns
1359 3087 1435 3138 nun:

208 3164 278 3210 cum
294 3149 374 3227 Rege
387 3151 555 3214 collocutus
579 3157 665 3213 esset.
687 3149 768 3224 Quae
798 3167 846 3212 res
1413 3221 1421 3230 ,

209 3236 308 3290 tantae
336 3230 529 3292 admirationi
560 3229 616 3292 init
631 3239 662 3293 et
677 3231 749 3307 Regi
774 3231 844 3309 ipsi,
914 3229 1267 3294 maurinom-octava
1283 3231 1450 3295 omniuursaa·

208 3316 238 3372 et
258 3308 391 3370 familiae
419 3313 495 3384 ejus,
523 3318 713 3387 utmngoam
742 3309 845 3388 sylvae
875 3317 1006 3372 ntorum.

208 3389 272 3466 ejus
295 3397 409 3463 partem
433 3389 494 3451 llex
519 3391 545 3452 ei
562 3389 691 3465 largitus
705 3391 768 3462 sit,
792 3390 843 3453 ubi
913 3387 996 3450 luter
1012 3389 1139 3467 majores
1153 3386 1285 3453 (lctaras
1300 3389 1408 3470 ponitur.

207 3467 315 3530 cellam
326 3475 529 3544 construeret,
546 3469 694 3548 villasque
709 3468 845 3546 adiacen-

209 3555 254 3609 tes
267 3553 299 3610 et
313 3547 407 3610 mulla
436 3549 557 3626 praedia
574 3548 725 3610 addiderit
740 3595 747 3618 ,
769 3563 844 3625 quae
912 3571 964 3635 ss,
980 3571 1184 3649 gqqppppg
1199 3567 1430 3638 qqqcosqpqrtt.

207 3628 845 3770 auctirriutrarentstillula
873 3669 1234 3748 statuemus.
1257 3653 1449 3736 usion

208 3789 269 3851 rita
297 3786 430 3848 abeunte
455 3787 541 3849 heato
564 3787 752 3864 arbogasto,
773 3803 843 3850 san·
1014 3787 1051 3830 ΕΤ
1073 3769 1287 3833 SIMPLICIUS
1303 3771 1364 3833 llll·

208 3877 274 3930 ctus
297 3865 469 3930 Florentius
484 3867 511 3928 ei
527 3866 737 3944 subrogatus·
750 3873 794 3928 est
812 3867 843 3928 in
954 3893 1077 3958 Sam·
1088 3894 1136 3955 W
1147 3895 1235 3957 inm-0
1246 3896 1333 3975 pm,-
1343 3898 1407 3956 suut.

206 3947 348 4010 cathedra
377 3945 605 4023 argentinensi,
633 3947 788 4024 vitamque
812 3946 842 4008 iu

205 4043 260 4090 suo
275 4025 385 4104 populo
399 4026 506 4086 vivens
521 4026 755 4098 sanctissimam,
775 4040 843 4104 gre·
913 4025 1092 4090 Manrrnoc.
1108 4061 1145 4072 -
1156 4027 1269 4090 Romen
1286 4030 1330 4089 ria
1345 4025 1446 4088 tartara

205 4121 275 4180 gem
296 4106 353 4166 sibi
376 4105 528 4167 creditum
556 4111 589 4166 ut
610 4105 710 4167 honus
742 4111 845 4183 pastor
874 4107 963 4168 tertio
987 4105 1025 4168 ab
1046 4105 1127 4168 Urbe
1149 4106 1305 4180 milliario,
1326 4107 1402 4184 passio
1416 4109 1449 4156 :ar-

204 4191 344 4246 accnrate
371 4185 546 4247 custodivit.
570 4182 605 4245 ln
621 4184 746 4246 ecclesia
768 4200 844 4261 quo·
873 4193 994 4248 ctorum
1006 4185 1172 4265 llartprnm
1187 4185 1325 4256 Guunnu.
1339 4186 1451 4247 Nrcnruu·

203 4275 263 4336 que
277 4279 339 4332 sua.
353 4266 419 4328 sire
442 4267 625 4326 monasterio
641 4263 753 4338 llasale,
768 4263 843 4327 reli·
872 4281 924 4338 rr,
948 4265 1157 4328 Suurrrourasr
1175 4314 1183 4342 ,
1207 4265 1346 4328 Casromr
1369 4271 1394 4326 et
1412 4257 1448 4346 itt·

233 4363 325 4407 *uuna
339 4369 385 4410 aaa.
873 4361 983 4408 auron:
1006 4345 1059 4424 qui
1076 4347 1175 4423 primo
1190 4347 1222 4408 iu
1240 4361 1377 4408 carcerem
1389 4347 1448 4402 mn·
