2954 4816
211 325 273 389 :tol
523 343 562 390 nn
586 343 613 390 s.
642 341 831 392 raineconro
855 343 904 390 rr.
931 341 1079 391 annosa.
1283 325 1359 392 ott.
1380 327 1414 389 io

166 425 380 496 celebritates
404 425 469 495 sub
498 423 676 498 meridiem
708 425 913 517 plerumque
937 425 1138 497 solvuntur:
1167 427 1246 498 illae
1266 445 1336 498 vero
1359 449 1413 497 non
1475 490 1477 507 ,

167 516 259 584 item.
287 519 401 602 Neque
425 515 517 584 enim
544 515 716 584 mensium
739 516 772 584 in
793 517 911 586 orbem
938 535 1112 598 recursus,
1133 539 1245 606 neque
1267 539 1414 587 annorum

166 604 345 685 circuitus,
374 624 484 691 neque
508 603 643 675 dierum
670 623 854 674 numerum
880 615 1063 695 exspectat,
1084 605 1145 676 sed
1170 617 1237 676 stat
1261 617 1412 698 perpetuo.

167 691 329 780 illiusque
345 693 435 764 bona
456 692 559 761 linem
579 714 645 762 non
674 692 820 762 babent:
849 715 911 762 nec
935 715 1123 776 senescere,
1143 715 1205 766 nec
1231 716 1415 765 marcescere

167 794 322 872 possunt,
353 779 411 852 sed
439 793 520 850 sunt
549 793 621 851 tum
649 781 757 864 senii,
786 793 858 852 tum
885 784 1005 854 mortis
1025 786 1188 874 expertia.
1219 783 1339 855 Nullus
1359 783 1415 851 illic

167 869 352 951 tumultus,
382 868 676 957 quemadmodum
703 870 782 951 hic;
809 869 905 940 nulla
930 872 1098 955 turbatio,
1132 873 1192 944 sed
1217 873 1338 974 ingens
1358 895 1416 942 orn-

167 960 263 1028 nium
284 980 365 1028 cum
390 958 511 1029 ordine
527 958 662 1029 decenti
686 961 901 1050 compositio,
917 959 1009 1032 haud
1027 983 1127 1033 secus
1142 963 1247 1050 atque'
1257 983 1291 1032 rn
1307 961 1417 1032 cithara

163 1047 339 1138 quapiam,
368 1046 684 1118 modulatissimum
708 1059 915 1118 concentum
939 1063 972 1119 et
995 1052 1118 1136 quavis
1143 1051 1277 1122 musica
1301 1052 1417 1121 suario·

166 1158 235 1206 rem
263 1135 479 1207 reddentium
513 1136 694 1225 utriusque
720 1149 897 1207 creaturae
925 1139 1081 1220 Domino,
1109 1139 1191 1209 dum
1220 1141 1337 1208 anima
1361 1137 1417 1206 illic

165 1225 307 1295 velutin
333 1225 441 1295 sacris
461 1224 584 1314 adytis,
601 1223 796 1313 divinisque
811 1227 995 1316 mysteriis,
1013 1227 1211 1299 divinorum
1229 1249 1416 1298 arcanorum

164 1313 428 1383 celebrationem
454 1314 598 1405 peragit.
626 1313 671 1384 ld
698 1314 787 1384 banc
820 1315 951 1385 beatam
980 1318 1133 1406 requiem
1160 1319 1295 1388 transiit
1318 1317 1419 1388 beatus

164 1403 398 1492 Philogonius.

208 1493 291 1580 §A
319 1497 493 1575 Quaenam
521 1493 626 1583 igitur
649 1492 757 1562 oratio
782 1513 843 1580 pur
868 1493 911 1562 sit
932 1493 993 1562 viri
1019 1495 1194 1576 laudibus,
1217 1517 1321 1582 quem
1347 1499 1419 1564 Deus

164 1593 231 1649 tam
258 1579 348 1650 selici
372 1594 461 1650 sorte
485 1581 743 1671 dignatusest?
767 1585 837 1652 llon
864 1595 913 1650 est
939 1583 1022 1652 ulla.
1050 1583 1126 1665 Sed,
1153 1607 1227 1674 age,
1255 1585 1311 1653 dic
1338 1583 1417 1663 mibi,

163 1689 246 1739 num
273 1669 400 1740 idcirco
417 1670 618 1739 silebimus?
641 1673 679 1739 Et
695 1671 796 1760 cujus
817 1671 864 1740 rei
884 1671 994 1762 gratia
1009 1673 1320 1744 convenimusttn
1340 1673 1417 1742 dice·

164 1779 241 1828 mus
259 1779 320 1827 nos
337 1757 430 1829 haud
457 1779 556 1850 posse
576 1759 850 1850 magnitudinem
876 1773 1050 1850 gestorum
1073 1763 1226 1832 oratione
1246 1761 1420 1848 consequi?

163 1847 260 1935 Atqui
286 1847 328 1916 ob
353 1847 416 1917 boc
442 1848 555 1938 ipsum
583 1869 720 1919 necesse
743 1861 794 1917 est
817 1848 942 1930 dicere,
969 1849 1252 1938 quandoquidem
1279 1851 1361 1920 haec
1382 1861 1421 1918 est

164 1936 347 2026 praecipua
369 1935 511 2007 laudum
538 1935 632 2006 illius
658 1958 748 2026 pars,
775 1936 866 2027 quod
892 1935 990 2008 lactis
1007 1939 1109 2009 verba
1129 1939 1347 2029 aequiparari
1364 1959 1419 2007 non

164 2026 306 2110 possint.
333 2029 415 2095 Nam
433 2046 579 2112 quorum
606 2025 782 2096 benefacta
807 2037 965 2095 naturam
990 2027 1092 2096 etiam
1119 2043 1285 2118 superant
1311 2041 1422 2098 morta-

162 2114 240 2195 lem,
267 2115 488 2204 perspicnum
509 2125 570 2193 est,
597 2113 689 2202 quod
715 2115 838 2184 borum
856 2114 974 2185 laudes
998 2116 1167 2186 excedunt
1191 2118 1345 2208 linguam
1368 2118 1419 2185 bu·

163 2223 314 2272 manum.
337 2203 435 2272 Haud
457 2215 569 2272 tamen
586 2205 629 2272 ob
650 2203 682 2272 id
705 2203 947 2293 aspernabitur
970 2203 1121 2274 officium
1150 2219 1320 2286 nostrum,
1342 2205 1419 2296 qnod

164 2313 224 2380 pro
241 2292 371 2362 viribus
387 2305 612 2380 praestamus,
631 2292 689 2361 sed
707 2312 809 2361 suum
829 2291 1023 2364 imitabitur
1042 2295 1244 2364 Dominum:
1263 2295 1419 2382 siquiden

162 2393 193 2449 et
218 2380 296 2449 illae
321 2379 444 2449 viduae
468 2379 555 2449 duos
580 2393 713 2451 tanturn
738 2381 856 2452 obolos
880 2380 1054 2468 dejicienti
1081 2383 1114 2450 in
1132 2383 1419 2474 gazophylacium,

164 2490 230 2537 non
256 2480 390 2538 tantum
419 2469 568 2538 duorum
605 2469 784 2539 obolorum
817 2470 1008 2540 mercedem
1040 2471 1162 2542 reddit.
1192 2477 1259 2542 Cur
1291 2474 1336 2542 ita
1359 2485 1420 2540 tan-

161 2558 261 2626 deml
285 2557 452 2640 Quoniam
481 2579 548 2626 non
581 2557 813 2649 perpendebat
842 2560 1008 2648 pecuniae
1041 2562 1202 2642 modum,
1231 2561 1290 2631 sed
1324 2560 1419 2630 animi

162 2646 311 2716 dtr-trias.
340 2651 422 2716 llam
452 2645 481 2714 si
508 2647 673 2736 pecuniae
706 2646 845 2717 modum
872 2648 1070 2804 expendas,
1100 2671 1226 2740 magna
1251 2663 1421 2749 paupertas

161 2748 231 2804 est:
260 2736 311 2806 sin
340 2735 547 2805 voluntatem
578 2736 746 2826 explices,
775 2735 982 2806 ineliabiem
1013 2737 1144 2808 videbis
1172 2739 1296 2808 excelsi
1325 2759 1417 2808 anmn

162 2824 366 2893 mercedem.
386 2822 531 2894 Proindo
555 2825 714 2910 quamvis
734 2839 869 2894 nostrae
893 2824 1071 2896 facultates
1095 2829 1239 2918 exiguae
1265 2829 1344 2908 sint,
1365 2826 1418 2894 mi·

163 2913 316 2999 nimique
342 2913 452 3000 pretii,
475 2926 624 2981 attamen
645 2935 734 3002 quae
761 2935 957 3001 possumus,
977 2915 1165 2987 offerimus.
1195 2913 1341 2987 lla'licet
1363 2935 1418 2983 nun

162 2999 392 3088 respondeant
422 3001 653 3092 magnitudini
686 3003 885 3072 meritorum
918 3005 1054 3073 animae
1087 3005 1252 3095 praeclari
1280 3005 1420 3098 justique

161 3088 364 3178 Philogonii,
385 3101 496 3160 tamen
523 3089 588 3159 hoe
613 3091 727 3180 ipsum
754 3089 971 3160 celsitudinis
995 3091 1091 3162 illius
1118 3095 1306 3164 marimum
1333 3092 1419 3163 luerit

159 3190 417 3266 argumentum,
443 3177 535 3265 quod
561 3199 622 3250 nec
649 3179 773 3268 pusilla
802 3179 954 3268 repellat,
988 3181 1047 3250 sed
1078 3181 1167 3252 idem
1198 3182 1312 3264 faciat,
1342 3179 1418 3270 quod

159 3265 269 3338 solent
293 3267 425 3337 divites.
454 3267 628 3354 Siquidem
655 3267 705 3337 illi
731 3289 838 3356 quum
857 3269 1088 3360 acceperinta
1110 3271 1272 3342 tenuibus
1300 3273 1416 3366 exigua,

158 3357 287 3443 quibus
304 3376 371 3425 non
391 3368 503 3448 egent,
526 3378 588 3426 sua
607 3356 757 3426 vicissim
784 3372 976 3446 apponunt,
1004 3375 1265 3430 remunerantes
1284 3379 1417 3446 eos,an

157 3445 249 3533 quod
269 3457 424 3536 poterant
447 3443 653 3516 obtulerint:
681 3445 797 3516 itidem
816 3458 848 3514 et
872 3445 940 3530 hic,
969 3465 1078 3536 quum
1104 3452 1275 3538 acceperit
1294 3473 1313 3520 a
1335 3448 1418 3518 nobis

160 3534 296 3605 laudem
323 3535 434 3605 verbis
461 3547 653 3621 peractam,
680 3556 749 3623 qua
770 3555 988 3624 nequaquam
1015 3549 1101 3638 eget,
1129 3539 1310 3609 redonabit
1336 3536 1417 3606 nobis

160 3645 219 3714 per
239 3625 312 3714 ipsa
330 3623 417 3692 lacta
438 3622 724 3705 benedictionem,
750 3644 820 3710 qua
844 3645 982 3716 semper
997 3641 1046 3694 un
1067 3627 1255 3716 possimus.

203 3715 287 3800 §5-
317 3711 410 3782 Unde
435 3711 541 3802 igitur
562 3711 793 3782 laudationem
817 3712 913 3790 illius
937 3715 1224 3805 auspicabimurl
1242 3722 1290 3786 ln
1316 3738 1333 3785 a
1358 3736 1416 3783 ma·

158 3801 315 3890 gistratu,
338 3821 438 3887 quem
462 3800 606 3890 spiritus
631 3801 680 3870 illi
704 3800 843 3871 tradidit
859 3803 993 3892 gratia?
1016 3807 1100 3874 Nam
1128 3804 1297 3875 mundani
1323 3803 1416 3891 magi·

156 3901 283 3960 stratus
309 3909 527 3978 nequaquam
547 3903 692 3979 possunt
708 3889 982 3961 Christianorum
1007 3891 1246 3964 demonstrare
1266 3895 1411 3963 virtutes:

155 3979 239 4066 quin
271 3978 384 4068 potius
413 3977 610 4066 frequenter
634 3979 760 4049 babent
784 3981 1038 4051 accusationem
1067 3981 1229 4052 malitiae.
1254 3989 1358 4067 Quam
1380 3975 1414 4046 ob

156 4072 321 4138 causam?
338 4067 508 4150 Quoniam
529 4081 562 4137 et
586 4067 838 4139 sollicitudines
856 4071 1060 4152 amicorum,
1078 4083 1110 4139 et
1129 4069 1414 4166 circumcursans·

158 4177 228 4235 nes,
259 4168 291 4226 et
322 4155 550 4236 adulationes,
577 4157 713 4244 aliaque
742 4159 912 4246 permulta
938 4158 992 4230 his
1016 4159 1180 4240 foediora,
1217 4160 1299 4231 tales
1323 4175 1412 4246 magr·

157 4255 283 4313 stratus
308 4244 417 4314 solent
435 4245 631 4315 conciliare.
660 4250 835 4316 Caeterum
863 4247 922 4316 ubi
950 4252 1036 4318 [leus
1060 4269 1123 4317 suo
1149 4247 1312 4341 sullragio
1335 4243 1409 4314 desi-

156 4331 270 4422 gnarit
289 4331 454 4422 aliquem,
474 4331 603 4420 illaque
622 4355 747 4404 manus
763 4347 922 4405 sanctum
945 4337 1127 4440 eontigerit
1143 4351 1258 4428 caput,
1279 4339 1411 4406 incorru-

158 4431 253 4506 ptum
270 4419 488 4508 suffragium,
500 4421 653 4491 alienum
671 4425 820 4492 abomni
835 4425 1032 4514 suspicione
1039 4425 1227 4515 yudicium,
1243 4423 1410 4495 indubitata
