2920 4810
26 327 98 392 ldt'.
121 329 141 390 9
408 315 670 393 uaoxanuucruu
694 347 908 394 rnuusxnaruu
1178 325 1259 394 11951ι

25 425 128 505 Septem
151 429 244 502 igitur
267 426 372 488 oculos
393 427 482 490 lralret
505 431 578 490 haec
593 441 642 505 pe·
671 442 739 488 curu
754 427 957 490 diocletianus
967 427 1303 501 audiuissetmllaoeas,

26 505 643 585 crapulatotideuaSauotiSpiritusdonis
672 507 792 586 iuquit.
821 513 1000 586 potestatem
1026 507 1057 568 in
1085 515 1145 570 toto
1173 505 1306 586 imperio

24 585 174 662 praefulget
191 584 371 650 Ecclesia...
392 585 471 648 Maec
495 587 590 665 igitur
604 587 640 650 ad
670 601 757 660 meo,
780 587 816 648 ad
832 588 956 664 impiam
986 583 1227 650 Christianorum
1256 605 1305 650 su·

23 665 154 726 honorem
168 665 289 728 condita
313 664 344 728 S.
360 663 526 728 salvatoris
540 667 642 729 Eccle-
671 669 880 744 perstitiouem
893 665 1103 730 evertendam:
1120 667 1304 730 deoseulenl

20 745 179 806 siaculmon
200 761 235 808 ao
256 748 421 806 summitas
443 749 535 808 totius
556 746 641 808 Clari·
671 749 747 824 ipsos
767 749 906 808 omnium
922 747 1074 820 dominos,
1100 763 1134 808 ac
1150 749 1243 808 totius
1257 764 1305 809 or-

20 827 119 886 stianao
134 826 290 902 religionis
316 825 434 896 effecta,
456 835 490 888 ut
505 829 542 887 ita
558 829 640 888 dixe·
671 827 882 890 cisternarum
897 827 1061 904 adiutores,
1078 826 1193 905 ubique
1208 829 1305 889 maui-
1373 861 1377 870 ·

20 903 81 975 rim.
95 904 221 968 Ecclesia
236 913 281 968 est
294 905 510 980 eeclesiarum,
525 905 640 970 etSan·
670 907 759 968 lestos
772 923 837 970 osse
852 907 953 969 iacias.
966 905 1064 968 rcum
1078 906 1227 968 Maximus
1239 907 1305 968 edi·

20 983 286 1047 ctaSanctorum.r
669 994 753 1048 otum
767 986 804 1050 ab
820 985 1002 1064 imperatore
1016 987 1188 1064 accepisset,
1207 987 1305 1048 multo

669 1082 738 1130 cum
753 1074 895 1146 apparatu
917 1082 951 1130 ac
963 1083 1071 1146 pompa
1093 1081 1233 1144 egressus
1246 1075 1304 1141 est,

54 1139 224 1207 Mnnruaou.
251 1177 290 1189 -
314 1143 460 1207 amaseae
489 1145 521 1206 in
544 1145 641 1208 Ponto
671 1152 823 1224 tamquam
838 1144 895 1218 leo,
916 1146 1042 1208 invenlt
1070 1147 1151 1208 esca:
1176 1161 1305 1223 cumque

22 1222 113 1282 natalis
138 1225 233 1286 sancti
263 1222 415 1286 lunonem
437 1223 566 1299 militis,
588 1227 638 1304 qui
668 1227 808 1288 animum
838 1226 987 1288 immitem
1015 1235 1047 1286 et
1074 1225 1303 1288 misericordiae

23 1305 141 1378 tempore
165 1303 342 1366 Maximiani
367 1303 561 1382 imperaturis
585 1321 640 1382 pro
669 1307 961 1383 omniuoexpertem
976 1303 1113 1378 haberet,
1129 1307 1305 1383 properavit

22 1377 196 1446 Christianae
210 1383 284 1445 fidei
308 1383 497 1448 contessione
518 1384 640 1446 lortiter
668 1387 703 1446 ad
720 1383 842 1457 urbem,
858 1401 933 1462 quae
946 1382 1059 1445 dicitur
1075 1385 1178 1462 Tyana
1191 1386 1217 1445 ’.
1240 1383 1305 1456 Quo

22 1473 120 1534 caesus,
132 1468 162 1524 et
179 1465 210 1523 iu
225 1477 377 1524 carcerem
392 1467 512 1532 missus.
530 1463 640 1526 deinde
668 1479 737 1524 oum
766 1465 912 1536 uenisset,
938 1463 1058 1526 audivit
1084 1463 1123 1526 ab
1136 1465 1200 1540 eius
1220 1464 1306 1526 urbis

23 1537 136 1604 llomino
148 1542 205 1604 sibi
227 1551 405 1620 apparente,
420 1560 455 1606 ac
482 1550 639 1616 mouente,
668 1543 794 1616 civilius,
809 1544 961 1605 medicum
978 1544 1129 1621 quendam
1145 1544 1207 1606 illic
1227 1559 1303 1618 esse,

21 1629 228 1684 inconstanter
243 1629 275 1683 et
290 1621 420 1685 viriliter
433 1631 547 1700 ageret,
564 1623 640 1684 rele·
668 1623 805 1686 Acestem
835 1625 982 1693 nomine.
1008 1625 1060 1700 uui
1088 1623 1227 1700 quotidie
1249 1625 1303 1684 toli

22 1707 172 1763 natusest:
190 1703 358 1764 nouissimo
392 1712 527 1778 ostquam
541 1719 638 1780 equu-
668 1703 784 1766 civitati
798 1701 1138 1780 persuaderestudenar.
1156 1709 1189 1766 ut
1201 1703 1305 1764 lesum

23 1776 60 1864 leo
72 1797 228 1858 suspensus
241 1791 273 1844 et
288 1721 413 1857 nugales
430 1797 568 1844 corrasus
582 1788 639 1855 est,
670 1783 825 1844 Christum
841 1797 947 1844 omnes
961 1783 1059 1844 colere
1074 1783 1202 1854 uellent,
1231 1789 1261 1843 et
1277 1801 1306 1844 o·

24 1862 58 1918 rta
76 1867 105 1920 ut
118 1873 181 1938 epus
197 1863 345 1924 interiora
372 1869 567 1940 apparerent,
588 1877 638 1922 ar·
665 1862 715 1938 jus
727 1863 821 1924 fldem
837 1864 935 1940 sequi,
949 1879 1040 1940 quem
1056 1869 1112 1924 eta
1128 1861 1306 1940 parentibus

24 1935 149 2002 dentibus
164 1942 287 2019 ignibus
308 1939 533 2004 comburendus
550 1941 639 2002 tradi·
669 1942 806 2004 didicisse
821 1943 953 2019 aiebant.
983 1958 1043 2003 non
1058 1958 1122 2002 osse
1137 1943 1207 2005 deos
1220 1941 1305 2016 alios,

25 2019 77 2076 tur:
104 2021 186 2099 cnjus
201 2019 307 2084 laudes
331 2027 452 2082 sauctus
476 2017 641 2089 Grouorius
671 2024 727 2083 nisi
744 2022 950 2096 nuumsolum
968 2036 1073 2083 rorum
1086 2021 1305 2083 [leumaccoe-

25 2090 157 2168 Npssenus
172 2099 327 2178 praeclaro
340 2100 480 2162 encomio
505 2101 640 2164 celebra·
670 2101 788 2170 lestem.
803 2101 930 2181 eiusque
958 2102 1057 2164 lilium
1083 2100 1185 2164 lesum
1213 2099 1305 2161 Clari-

25 2177 69 2234 rit.
84 2179 167 2254 (Vide
180 2180 324 2253 Surium,
340 2195 408 2258 pag.
433 2177 513 2254 371).
669 2187 764 2243 stum.
782 2181 834 2242 llis
849 2181 970 2254 auditis,
990 2181 1079 2271 iussit
1092 2180 1251 2272 ¹Max-imus
1266 2179 1303 2271 M-

183 2337 212 2400 s.
234 2335 404 2401 oansrus
425 2338 462 2400 u.
670 2261 1303 2412 ’ἷὸῑιιᾞιιῖᾞῖζῗιὲῗηᾞιῗὲὲῑῖἐιὲυἶιιῖἕοῆἑῑιί

511 2445 578 2508 11
669 2419 1305 2574 111111111111111111111111

42 2570 227 2659 ‚Marruuium
241 2613 280 2626 -·
294 2579 414 2657 Tyanae
439 2581 470 2640 in
493 2579 639 2658 Cappado·
669 2595 774 2654 genus.
788 2603 800 2635 a
814 2579 898 2640 Turrc
912 2587 1032 2640 sanctus
1047 2579 1184 2640 Arestes:
1200 2601 1213 2634 o
1227 2579 1303 2650 Mea.

26 2664 60 2740 cro
75 2659 161 2730 passio
185 2663 283 2722 sancti
298 2657 423 2722 Onasus
448 2661 506 2722 sub
522 2661 637 2724 lliocle·
670 2661 780 2735 inuasit,
808 2657 930 2720 libertas
958 2666 988 2719 et
1017 2658 1124 2719 liduoie
1149 2667 1194 2720 est
1217 2657 1305 2720 lesus

27 2735 94 2793 trano
106 2735 299 2814 Imperatore.
670 2735 816 2811 Christus,
833 2751 885 2815 per
907 2753 998 2816 quiem
1014 2735 1158 2812 loquendi
1183 2737 1305 2799 liberta-

58 2811 119 2876 dola
135 2817 223 2896 hujus
238 2819 396 2897 martyris,
424 2833 515 2957 uppem
531 2819 580 2879 alii
597 2819 639 2880 Α·
669 2823 728 2878 tem
744 2823 923 2878 consecutus
935 2833 1017 2878 sum:
1043 2819 1142 2894 itaque
1164 2831 1249 2880 nunc
1264 2817 1305 2878 lu·

26 2897 432 2974 restemnominant.aMetop
457 2905 534 2958 raste
546 2899 638 2970 edita,
667 2901 756 2974 duan:
778 2895 969 2958 Christianus
986 2911 1047 2972 ego
1067 2907 1097 2958 et
1110 2911 1192 2971 sirm,
1207 2903 1239 2959 et
1255 2914 1306 2958 vc·

26 2965 101 3032 habel
114 2971 229 3040 Sunius.
241 2977 325 3050 Quae
339 2993 395 3038 nos
408 2975 456 3038 iric
467 2976 638 3038 relerimus.
667 2975 1090 3037 cor.rlurrcMaximusdixit:
1101 2973 1266 3048 rQuoniam
1276 2987 1305 3038 te

58 3049 267 3132 (imperatore
293 3055 500 3130 diocletiano,
529 3071 638 3130 magna
668 3053 875 3117 Christianum
889 3054 1030 3133 appellari
1046 3057 1160 3130 dixisti,
1177 3064 1207 3119 et
1224 3055 1305 3118 Cirri-

25 3131 153 3202 uuaedam
164 3133 640 3213 persecutioaduersusClxristia·
667 3141 749 3197 stum
767 3134 865 3196 Deum
881 3152 946 3198 esse
959 3135 1115 3198 contessus
1130 3153 1172 3210 es,
1188 3139 1247 3198 diis
1261 3154 1304 3199 sa-

26 3219 70 3294 nos
82 3223 222 3280 commota
235 3225 292 3278 esi.
321 3215 403 3277 Misit
416 3217 498 3277 enim
515 3215 566 3277 ille
580 3231 640 3278 ma·
668 3215 769 3276 critice
783 3215 958 3293 priusquam
972 3222 1122 3278 tormenta
1139 3218 1298 3294 patiaris.»

26 3293 152 3356 glslralus
166 3312 234 3358 suos
249 3298 383 3357 iuomue
397 3295 454 3357 sibi
470 3295 638 3372 subjectum
669 3293 712 3354 Ad
730 3295 802 3356 haec
827 3293 982 3372 respoudit
1008 3295 1055 3356 vir
1082 3295 1133 3356 ille
1158 3303 1302 3359 sanctus:

27 3359 185 3447 imperium,
207 3377 260 3452 qui
282 3374 472 3436 Christianos
499 3375 640 3436 homines
676 3372 760 3448 rull,
772 3375 824 3452 qui
839 3374 958 3436 coelum
973 3381 1004 3435 et
1019 3383 1133 3438 terram
1151 3391 1212 3436 non
1227 3376 1306 3438 lece·

26 3441 161 3513 demedio
175 3453 326 3516 tollerent.
352 3453 436 3516 Unus
455 3461 559 3516 autem
575 3455 639 3534 qui·
670 3463 755 3526 runt,
767 3455 948 3531 dispereant.
961 3453 1194 3532 Egoenimcum
1206 3455 1305 3518 adhuc

27 3519 93 3612 depr,
108 3535 228 3596 uomina
242 3533 401 3604 Maximus,
424 3531 640 3610 imperatorem
670 3547 747 3611 puer
757 3533 1151 3606 assemdidicisaoriflcium
1164 3537 1306 3597 incruen·

26 3601 99 3688 adiu,
112 3623 198 3685 quoni
211 3615 257 3673 tris
268 3613 368 3674 uerbis
381 3612 487 3674 allatus
500 3621 555 3675 esi:
569 3613 641 3678 elli·
672 3618 737 3672 tum
748 3613 809 3675 lieo
819 3613 937 3676 virenti
949 3613 1072 3686 offerre,
1083 3629 1174 3692 quem
1186 3622 1218 3675 ot
1229 3628 1305 3690 puro

28 3684 270 3766 rrnelnperetor‚
292 3691 540 3754 duxnostrornm
566 3693 639 3754 deo·
669 3689 760 3754 corde
788 3693 897 3755 adoro:
923 3699 988 3754 tuos
1018 3707 1090 3754 raro
1118 3692 1306 3756 adulterinos

29 3771 96 3845 rum,
110 3774 140 3827 et
152 3770 338 3842 divinorum.
351 3771 475 3851 quaead
493 3772 559 3834 illos
573 3787 641 3851 per·
670 3771 742 3832 istos
762 3772 833 3833 deos
853 3779 884 3833 et
900 3773 1006 3836 inanes
1019 3787 1053 3835 ac
1068 3789 1162 3835 ranas
1186 3773 1305 3836 daemo-

30 3840 126 3918 tmeul,
147 3851 361 3929 mysteriorum
385 3853 505 3928 sapiens
520 3867 640 3930 praeco·
670 3865 734 3922 nes,
750 3867 827 3930 quos
842 3857 873 3912 tu
887 3849 974 3923 dicis,
996 3868 1058 3915 non
1079 3847 1181 3916 adoro.
1196 3875 1209 3908 r
1224 3851 1304 3915 Tum

30 3923 92 3994 Mil,
107 3934 196 4001 netoa
212 3931 401 4009 benignitate
415 3937 478 4003 tua,
494 3931 641 4010 utiubeas
668 3929 833 3993 Maximus:
863 3951 876 3986 a
894 3929 990 3994 Video
1012 3938 1050 4003 le,
1071 3931 1185 4011 iuquit,
1207 3937 1305 3994 aetate

30 4005 69 4056 me
82 4012 172 4078 partes
185 4005 346 4074 Ciliciaeet
360 4009 561 4091 Cappadociae
575 4025 640 4090 per·
668 4009 852 4087 Merentem,
881 4009 1042 4088 prudentia
1071 4015 1103 4072 et
1129 4007 1305 4073 eruditione

31 4087 148 4165 currere,
162 4095 195 4149 ut
210 4088 396 4153 Christianos
417 4091 568 4153 malellcos
583 4093 640 4153 lao-
669 4089 801 4152 multum
816 4090 930 4164 valeto,
942 4099 973 4153 et
984 4089 1154 4155 medicinae
1167 4090 1242 4150 artis
1255 4093 1307 4152 lro·

32 4164 267 4250 mrnesaMigens
281 4185 394 4250 eosque
406 4171 640 4250 comprehensos
670 4177 787 4230 uestam
802 4185 835 4232 ac
850 4169 991 4232 decoram
1014 4166 1189 4231 lacultatem
1215 4172 1306 4248 possi·

32 4235 122 4318 uultrs
132 4251 161 4305 et
171 4249 637 4328 variiscruciatibussubpioieus,
667 4249 751 4321 dere,
765 4247 963 4326 quamobrem
977 4247 1074 4311 haheo
1084 4249 1234 4310 rationum
1247 4251 1304 4322 tui,

32 4323 93 4399 ¹8⁰0
114 4335 296 4416 consument,
316 4335 346 4392 θῑ
365 4330 397 4391 in
417 4345 507 4472 8111133
526 4333 637 4410 praeci*
693 4372 1013 4416 nomenniomen.
1029 4368 1082 4413 illio
1092 4369 1260 4414 celeberrimus
1270 4383 1305 4422 ις·

32 4395 123 4470 mma
132 4399 261 4472 fflfldlllls
269 4409 396 4488 [iel'dol'o
405 4425 440 4472 Va
455 4423 531 4472 eam·
540 4432 553 4466 tt
561 4409 640 4474 Hucd
667 4435 785 4486 cepheni·
793 4437 817 4476 et
826 4435 949 4484 impostor,
958 4433 1104 4485 Apollonius,
1114 4433 1209 4476 exortus
1221 4437 1265 4476 eat.
