2954 4816
239 249 303 313 368
549 268 587 312 na
612 267 638 314 s.
667 265 856 314 ruicoeonio
880 267 930 314 cr.
957 239 1105 315 irrincli.
1309 248 1382 312 ott.
1404 247 1436 310 tt

195 349 279 422 illud
307 350 499 431 considera,
520 349 610 438 quod
640 350 812 442 benignus
836 361 887 421 est
912 351 1087 422 Dominus.
1122 349 1392 438 Quandoquidem
1414 363 1438 418 et

196 439 363 510 Ninivitae
379 437 484 510 tridui
510 438 621 540 spatio
646 452 774 510 tantam
801 439 886 508 iram
910 439 966 509 Dei
990 462 1009 508 a
1035 439 1071 510 se
1090 438 1309 529 depulerunt,
1329 437 1439 508 necob·

196 527 368 628 stititillis
392 543 556 628 temporis
571 527 750 620 angustia:
778 528 836 598 sed
857 527 966 598 animi
1012 527 1237 618 romptitudo‚
1259 551 1312 627 am
1339 526 1438 623 lecteiis

198 618 333 688 llomini
349 615 608 708 benignitatem,
629 627 736 689 totuin
762 638 923 718 peragere
940 551 1058 688 valliit.
1070 622 1109 688 llt
1126 618 1287 688 meretrix
1303 550 1357 686 ila
1370 615 1439 684 brevi

198 705 362 795 temporis
379 719 564 786 momento,
584 725 692 794 quum
719 704 762 776 ad
788 705 959 778 Christum
978 707 1189 788 accessisset,
1210 706 1327 775 omnia
1344 705 1439 792 probra

197 793 311 864 diluit.
341 793 426 873 Quin
455 807 487 864 et
518 794 814 865 calumniantibus
837 793 989 877 ludaeis,
1016 795 1109 884 quod
1134 795 1231 864 illam
1263 793 1439 864 admisisset.

198 895 399 983 tantamque
423 883 640 973 praebuisset
662 883 840 966 fiduciam,
860 884 1016 955 Christus
1039 883 1108 956 illis
1132 883 1277 972 quidem
1297 881 1440 952 silentium

198 970 386 1062 imposuit:
413 971 504 1042 banc
532 993 610 1042 vero
634 971 736 1043 malis
765 971 930 1043 omnibus
961 972 1153 1054 liberatam,
1181 973 1441 1063 comprobaturus

198 1058 295 1130 illius
319 1059 445 1146 studio,
466 1062 511 1132 ita
536 1060 679 1132 domum
701 1061 845 1132 remisit.
865 1062 951 1145 Quid
974 1062 1021 1132 ita
1038 1061 1194 1132 tandem?
1219 1062 1381 1144 Quoniam
1396 1057 1442 1126 lei·

199 1149 289 1219 venti
313 1149 441 1232 animo,
459 1163 492 1221 et
515 1149 675 1241 flagranti
696 1149 810 1232 eorde,
829 1149 1031 1238 ardentique
1051 1151 1196 1222 accessit
1221 1148 1302 1231 fide,
1321 1161 1441 1220 sanctos·
1468 1213 1470 1228 ,

199 1259 266 1327 que
284 1237 360 1310 illos
380 1261 420 1309 ac
444 1260 560 1310 sacros
584 1237 697 1331 attigit
721 1238 836 1330 pedes,
864 1239 986 1312 solutis
1006 1239 1155 1331 capillis,
1182 1238 1338 1310 fontibus
1359 1237 1442 1322 lacis·
1468 1309 1470 1328 ,

201 1349 335 1398 marum
361 1349 401 1398 er
432 1328 544 1400 oculis
572 1327 729 1409 emissis,
752 1341 931 1418 unguento
956 1327 1108 1420 profuso.
1135 1330 1273 1398 Etenim
1300 1349 1356 1418 per
1380 1343 1470 1418 quae;

199 1415 379 1507 deceperat
403 1416 573 1499 homines,
601 1438 661 1506 per
679 1417 798 1488 eadem
826 1417 957 1507 paravit
983 1417 1134 1490 remedia
1152 1416 1387 1506 poenitentiae:
1405 1433 1444 1502 pei

199 1527 288 1596 quae
304 1519 463 1576 avocaret
485 1505 604 1576 oculos
621 1506 940 1596 intemperantium,
960 1529 1021 1595 per
1037 1505 1121 1578 baec
1144 1507 1265 1578 emisit
1282 1505 1441 1594 lacrymas:

201 1617 262 1686 per
289 1593 434 1684 capillos
461 1607 533 1666 arte
565 1593 774 1686 compositos
799 1595 926 1666 multos
957 1595 1110 1666 illexerat
1132 1593 1174 1664 ad
1204 1608 1389 1686 peccatum,
1405 1597 1470 1686 ptr}

139 1759 144 1770 ,
200 1684 337 1754 eosdem
380 1683 460 1754 edes
476 1683 637 1754 abstersit
658 1688 753 1754 lesu.
773 1687 954 1774 Unguento
973 1684 1099 1754 multos
1123 1684 1315 1764 inescarat;
1337 1678 1443 1773 perbot
1468 1689 1470 1770 t

201 1772 305 1864 pedes
332 1705 427 1842 illlus
452 1771 545 1843 lavit.
564 1771 711 1843 Proinde
733 1785 766 1842 et
790 1784 826 1842 tu
854 1773 983 1862 quibus
1004 1773 1108 1846 rebus
1134 1773 1329 1860 provocasti
1352 1775 1442 1840 uenn.

201 1884 262 1953 per
286 1861 348 1932 lias
373 1883 511 1933 rursum
536 1859 637 1930 sacito
661 1860 869 1952 propitium:
893 1861 1085 1934 Provocnsti
1115 1860 1217 1932 illum
1251 1858 1442 1953 pecuniarum
1468 1863 1470 1904 l

201 1952 340 2052 rapina‘l
357 1971 417 2041 per
432 1948 570 2020 easdem
587 1948 685 2020 illum
706 1949 901 2021 reconcilia:
923 1972 1103 2039 quumque
1118 1962 1150 2020 et
1169 1962 1272 2040 rapta
1289 1949 1444 2020 restituens

201 2039 283 2120 illis,
301 2060 388 2126 quos
412 2038 540 2128 injuria
564 2037 738 2120 affeceras,
757 2038 872 2110 atalia
889 2040 1033 2130 insuper
1049 2038 1240 2122 addideris,
1263 2038 1364 2108 dicito
1372 2036 1441 2125 juia

201 2130 409 2200 Zachaeum:
435 2128 558 2208 Reddo,
590 2129 721 2220 siquid
743 2129 857 2219 rapui,
875 2130 1106 2220 quadruplum
1128 2128 1223 2217 (an.
1251 2127 1329 2216 xii).
1355 2129 1443 2218 imvi-
1467 2197 1468 2204 χ

201 2219 286 2289 casti
311 2217 452 2376 linguae
479 2215 729 2294 maledicentia,
758 2215 877 2288 multis
899 2217 1108 2290 contumelia
1136 2217 1299 2288 allectis?
1327 2213 1443 2282 vicissim
1467 2265 1468 2276 ,

202 2307 323 2398 lingua
348 2317 506 2396 pacato.
529 2327 635 2396 puras
658 2306 818 2376 emittens
842 2326 983 2395 preces,
1008 2305 1216 2378 benedicens
1242 2295 1442 2402 maledicenti·
1467 2341 1470 2376 l

201 2395 280 2476 bus,
305 2394 453 2464 laudans
478 2393 731 2484 vituperantes,
758 2395 886 2485 gratias
912 2417 1019 2486 agens
1043 2395 1208 2485 injuriam
1236 2389 1442 2484 inserentibus

202 2489 292 2555 Haec
318 2505 384 2554 nnn
410 2495 511 2573 egent
535 2481 653 2553 multis
677 2483 801 2556 diebus
820 2483 974 2568 annisve,
994 2483 1054 2556 sed
1083 2481 1154 2554 solo
1175 2484 1287 2554 animi
1307 2485 1468 2572 propositi¹

202 2573 306 2644 unico
330 2571 386 2644 die
411 2571 648 2663 perficiuntur.
668 2571 809 2660 Discede
824 2594 845 2642 a
860 2572 962 2654 malo,
990 2573 1148 2644 virtutem
1174 2573 1386 2663 amplectere,
1407 2561 1443 2630 ds
1463 2580 1469 2661 jz

202 2661 283 2733 siste
300 2684 320 2731 a
344 2661 521 2752 pravitate.
548 2658 727 2732 Pollicetor
751 2673 782 2730 te
799 2661 941 2750 posthac
964 2661 1030 2754 ista
1053 2683 1119 2732 non
1138 2661 1409 2732 commissurum.
1424 2659 1467 2743 it:

203 2749 295 2821 istud
321 2749 468 2820 sufficiet
491 2747 534 2820 ad
561 2749 829 2821 excusationem.
1465 2746 1466 2785 ³

246 2841 264 2926 ξ
288 2845 355 2912 11.
374 2843 444 2938 Ego
464 2838 627 2909 testificor
653 2861 693 2908 ac
719 2837 889 2928 fidejubeo
913 2837 996 2920 lore,
1019 2851 1057 2909 ut
1080 2839 1110 2910 si
1138 2851 1296 2910 nostrum
1317 2833 1466 2929 quisquo,

201 2929 262 3015 qui
288 2940 435 3016 peccatis
459 2926 597 2998 obnoxii
618 2949 753 3008 sumus,
772 2927 935 2999 recedens
952 2950 972 2997 a
996 2927 1153 3018 pristinis
1171 2927 1286 3010 malis,
1302 2947 1341 2998 eii
1357 2934 1443 2992 anino
1465 2925 1466 2951 ³

202 3037 348 3103 vereque
373 3017 548 3106 promittat
574 3020 650 3098 beo,
680 3037 716 3086 se
771 3029 865 3086 ostaa
896 3037 1076 3104 nunquam
1102 3016 1146 3088 ad
1178 3015 1240 3086 illa
1265 3014 1439 3086 rediturum

203 3102 292 3174 nihil
308 3103 403 3175 aliud
431 3110 519 3176 Deus
539 3105 691 3264 reguirat
714 3039 769 3175 ad
779 3103 1046 3177 satisfactionem
1073 3105 1288 3177 ulteriorem.
1304 3099 1442 3198 benignu

202 3192 294 3264 enim
316 3206 377 3274 est,
397 3206 429 3264 et
447 3215 572 3282 querna
602 3193 741 3264 modum
769 3195 964 3284 parturiens
981 3195 1078 3284 cupit
1103 3193 1186 3266 eniti
1211 3193 1349 3272 loetum,
1369 3199 1407 3255 tlt
1423 3189 1442 3244 tl

204 3281 261 3352 ille
279 3283 376 3372 cupit
398 3282 575 3354 ellundere
591 3305 689 3354 suain
718 3283 1002 3354 misericordiam.
1022 3282 1085 3354 Sed
1107 3283 1246 3354 obstant
1263 3290 1389 3373 peccata
1402 3287 1441 3338 110·
1464 3305 1465 3309 ¹

203 3385 285 3442 stra.
310 3373 494 3442 Diruamus
518 3371 624 3462 igitur
649 3373 844 3455 maceriem,
871 3384 973 3460 atque
1004 3394 1044 3442 er
1068 3371 1133 3443 hoc
1152 3373 1227 3463 jain
1254 3383 1391 3458 tempore
1412 3355 1441 3424 st·

204 3475 294 3533 stum
313 3460 554 3547 auspicemur,
582 3460 685 3530 hosce
714 3459 788 3532 dies
819 3457 974 3549 quin'qne
1002 3461 1149 3551 negotiis
1180 3460 1340 3532 omnibus
1361 3447 1440 3522 valere

200 3550 322 3638 jussis.
343 3549 457 3620 Valeat
480 3548 605 3632 sorum,
622 3549 731 3620 valeat
746 3549 855 3632 curia,
871 3547 1042 3620 lacessant
1062 3549 1260 3622 mundanae
1279 3563 1372 3618 curae
1384 3549 1439 3627 cuit
1466 3577 1467 3636 p

204 3641 314 3796 Factis
337 3653 369 3707 et
392 3637 645 3711 contractibus:
673 3639 826 3709 animam
851 3660 962 3710 ineam
979 3659 1116 3710 servare
1131 3638 1246 3731 cupio.
1265 3631 1346 3721 Quid
1362 3629 1438 3730 lucu·
1466 3637 1467 3656 ³

217 3728 321 3798 ecerit
339 3727 452 3809 bomo,
480 3727 509 3796 si
535 3739 643 3798 totum
670 3727 839 3799 mundum
862 3726 1094 3810 lucrifaciens,
1116 3727 1255 3798 animae
1271 3743 1347 3796 suae
1357 3723 1438 3806 Jactit·

206 3839 278 3886 ram
297 3815 419 3886 faciat‘l
435 3816 571 3906 Egressi
590 3828 673 3887 sunt
687 3839 705 3886 a
724 3817 861 3888 Perside
876 3817 977 3907 Magi:
996 3839 1015 3888 e
1041 3817 1158 3888 redere
1174 3828 1212 3888 tu
1226 3839 1245 3886 e
1261 3813 1438 3968 temfffltll?

205 3905 362 3994 negotiis,
385 3904 427 3973 ad
452 3905 568 3977 lesum
595 3905 833 3996 proficiscere:
861 3927 928 3975 non
947 3918 998 3976 est
1016 3840 1161 3996 longum
1187 3899 1325 3975 interval
1343 3915 1398 3988 uulf
1419 3903 1436 3950 ⁵¹

205 3994 364 4064 velimus.
393 3999 464 4064 llon
489 3995 581 4064 enim
609 4015 747 4065 necesse
771 4008 821 4066 est
849 3995 1006 4085 trajicere
1030 4017 1147 4075 mare,
1171 4015 1213 4064 ne
1239 4016 1281 4064 ue
1304 3989 1436 4059 montium
1465 4047 1466 4050 ,

204 4105 370 4172 superare
394 4084 589 4152 cacumina:
617 4083 673 4154 sed
697 4083 792 4153 dorni
809 4083 932 4156 sedens
956 4084 986 4153 si
1004 4084 1163 4174 pietatem
1188 4105 1227 4154 eii
1254 4081 1349 4156 ibeas
1372 4057 1436 4136 ‘¹¹⁰¹'
1465 4085 1466 4136 ἕ

207 4185 345 4269 tamque
368 4171 484 4242 cordis
503 4173 818 4262 compunctionem,
846 4185 941 4263 potes
966 4172 1065 4242 illurn
1096 4171 1222 4252 videre,
1254 4181 1340 4268 potes
1360 4163 1434 4258 total]

205 4258 343 4331 diruere
360 4260 554 4342 maceriem,
575 4274 682 4331 totum
701 4263 905 4334 submovere
928 4260 1160 4343 obstaculum,
1179 4260 1363 4334 abbreviare
1382 4257 1433 4306 viae

205 4346 470 4438 longitudinem.
505 4355 593 4420 Deus
616 4349 731 4432 enim,
759 4351 892 4438 inquit,
920 4351 1207 4442 appropinquans
1240 4369 1298 4438 ego
1320 4357 1393 4412 suin.
1412 4331 1433 4387 nt
