2960 4824
39 276 96 340 llic
130 277 168 342 ts
308 298 348 345 ns
371 297 398 344 s.
424 296 591 346 sernrnons
615 297 761 347 uenter.
788 298 963 346 rnruurre.
1163 284 1228 348 289
1287 240 1295 255 .

38 392 126 448 auum
142 393 172 449 et
188 380 379 470 hospitibus
403 393 467 452 tarn
494 381 607 454 facilis
630 382 674 451 ad
698 404 777 453 curn
800 385 937 472 patebat
959 382 1085 465 editoe,
1111 395 1144 453 et
1163 406 1201 453 se
1222 386 1275 457 eis

39 483 87 535 nro
103 468 275 556 praebebat
289 470 471 553 affabilem,
491 484 529 542 ut
545 483 634 542 esset
657 472 821 542 omnibus
845 471 1047 542 hominibus
1062 473 1098 541 in
1116 494 1277 544 sermone

35 555 200 640 jucundior,
221 571 254 628 et
276 559 318 628 ed
335 559 512 632 facultates
536 583 618 630 suas
642 561 953 630 communicandas
978 560 1079 650 longe
1102 561 1274 634 liberalis·

37 645 131 714 sinus.
148 649 363 720 Praeteriisse
383 663 472 719 certe
496 649 646 736 aliquem
671 672 710 718 ex
729 649 771 718 iis
795 650 856 737 qui
880 649 1100 731 accedebant,
1119 651 1180 737 qui
1204 673 1274 722 non

36 731 128 830 luisset
148 737 192 806 ab
212 757 251 806 eo
275 738 423 827 bospitio
436 750 611 829 acceptus,
628 751 701 808 erat
713 737 744 808 ei
761 738 862 828 lenge
879 739 1175 819 molestissimum,
1196 761 1273 830 per·

37 820 144 892 rndeec
162 826 189 895 si
209 847 245 896 re
269 826 385 913 aliqua
409 826 558 897 maxima
581 838 615 897 et
636 828 943 914 quaestuosissima
967 842 1055 898 esset
1078 827 1274 899 fraudatus.

36 912 65 978 lit
81 923 140 981 erat
154 914 290 1002 quidem
315 915 445 1003 alioqui
468 917 500 986 ei
524 915 610 985 liber
633 916 784 999 animus,
804 928 836 986 et
859 916 995 988 alienus
1018 918 1064 987 ab
1085 918 1180 986 omni
1205 918 1275 987 illi-

36 998 116 1069 lcrali
134 1005 360 1074 assentatione
382 1017 417 1074 ct
436 1004 647 1074 humilitate:
673 1005 715 1075 ad
734 1026 853 1076 comm
872 1019 986 1075 autem
1003 1007 1064 1093 qui
1081 1007 1145 1076 iter
1161 1006 1275 1098 ingrc-

35 1085 207 1174 debentur,
241 1091 378 1163 labores
399 1093 627 1175 recreandos,
662 1107 694 1164 ct
717 1095 759 1164 ad
791 1094 895 1184 pedes
919 1095 979 1182 qui
1003 1107 1099 1164 erant
1122 1095 1253 1186 fatigati
1263 1153 1273 1181 ,

36 1175 203 1264 ebibendos,
220 1193 256 1252 et
269 1182 311 1252 ad
332 1203 487 1253 mensam
503 1182 756 1274 apponendam,
775 1183 890 1253 atalia
906 1183 1182 1254 administranda
1193 1185 1273 1274 jure

38 1265 174 1339 amicitiae
195 1282 229 1341 et
249 1271 506 1354 moderationis,
535 1283 607 1342 erat
625 1271 710 1342 adeo
735 1271 851 1342 dexter
872 1284 906 1340 et
925 1271 1114 1355 officiosus,
1140 1285 1177 1343 ut
1199 1275 1275 1364 ipsa

38 1351 109 1424 salus
127 1358 184 1428 boc
209 1360 323 1450 magis
400 1371 534 1442 astaret,
551 1383 656 1448 quem
673 1360 806 1442 famuli,
825 1362 983 1448 quisunt
1003 1363 1037 1430 in
1063 1384 1144 1432 suos
1164 1361 1275 1433 dorni·

36 1461 84 1510 nas
93 1449 228 1518 maxima
240 1469 327 1550 pree
355 1451 390 1519 iti
407 1449 653 1520 benevolentia.
670 1455 748 1518 Erat
764 1450 857 1520 enim
875 1450 905 1518 ei
920 1463 1175 1539 contemperata
1192 1473 1273 1522 curn

34 1534 167 1618 gravitate
187 1538 330 1626 quadem
352 1538 577 1627 simplicitas:
598 1561 680 1609 curn
704 1538 811 1607 animi
837 1560 916 1608 varo
942 1539 1199 1628 magnitudine,
1228 1540 1275 1611 lc·

34 1619 115 1704 nitas;
137 1647 215 1706 curn
240 1627 376 1697 intensa
392 1640 509 1698 autern
523 1639 556 1696 et
572 1627 706 1696 ardenti
721 1628 899 1710 charitate,
918 1641 1015 1718 grata
1032 1628 1175 1699 florebat
1189 1640 1274 1698 tern-
1315 1661 1320 1671 ·

35 1713 177 1794 perantia:
196 1737 303 1802 quarn
322 1739 389 1786 non
406 1717 522 1785 minus
532 1715 662 1798 dilexit,
677 1729 710 1788 et
724 1717 884 1787 ardenter
897 1729 948 1788 est
961 1717 1152 1806 amplexus,
1170 1739 1273 1806 quam

34 1796 138 1895 reliqua
151 1806 280 1884 omnia,
302 1817 341 1874 ut
355 1805 416 1892 qui
439 1827 519 1874 curn
536 1804 689 1896 legitima
712 1805 853 1892 quidem
874 1818 909 1876 et
926 1807 1052 1896 pudica
1077 1827 1184 1877 uxore
1206 1829 1274 1878 non

34 1883 258 1975 duraremus,
290 1905 325 1963 ct
351 1893 537 1964 liberorum
567 1907 663 1984 pater
684 1916 725 1964 ex
747 1916 787 1965 ea
809 1893 962 1974 allectus,
989 1895 1153 1984 deinceps
1178 1895 1276 1964 volu·

35 1987 103 2060 prate
121 1993 151 2049 et
167 1985 261 2052 omni
289 1983 358 2052 alia
382 1982 561 2053 mundana
583 1983 772 2074 cupiditate
813 1985 979 2053 ermansit
999 1985 1167 2074 superior.
1188 1985 1276 2054 Hinc

34 2064 84 2132 nel
100 2068 224 2141 virtutis
247 2072 439 2142 conficiens
458 2070 672 2162 diligentiae,
694 2073 777 2142 etin
828 2095 869 2164 ge
886 2073 1021 2142 bomini
1036 2072 1190 2142 studiose
1206 2093 1277 2142 rue·

34 2149 132 2237 ditans,
146 2158 419 2254 benignissimus
433 2162 541 2232 evasit
552 2175 584 2230 et
597 2161 899 2232 clementissimus.
920 2166 958 2230 Et
971 2173 1009 2230 ut
1025 2161 1130 2231 semel
1145 2161 1272 2242 dicam,

35 2253 90 2310 erat
110 2248 261 2336 Spiridon
290 2249 446 2320 divinum
473 2250 637 2320 virtutum
673 2250 848 2340 exemplar
871 2250 1115 2339 archetypum:
1146 2249 1276 2319 habens

37 2331 145 2411 quiden
161 2359 288 2409 omnes
304 2338 339 2407 in
356 2361 395 2410 sc
411 2339 579 2430 scriptas,
596 2339 654 2410 sed
681 2339 725 2409 ad
749 2360 896 2428 quarum
923 2339 1148 2409 imitationem
1175 2338 1276 2428 pauci

40 2426 349 2501 ll⁰lt¹rrntaceedera

42 2591 46 2600 ¹
73 2509 87 2592 i
103 2515 138 2583 8.
161 2521 245 2586 Cum
264 2516 317 2584 sic
333 2515 390 2586 ille
406 2515 639 2606 resplenderet
653 2515 852 2600 benefactis,
872 2536 1115 2615 magnamque¹
1128 2515 1231 2584 vitam
1246 2528 1278 2586 et

38 2613 174 2688 rnergncm
197 2604 383 2688 attulisset,
410 2603 518 2674 malta
541 2625 679 2693 quoque
699 2604 788 2674 dona
809 2605 939 2694 majora
954 2616 1187 2690 consequitur,
1208 2615 1277 2674 tem

36 2701 102 2766 qaae
117 2705 192 2762 sunt
207 2694 281 2774 hic,
300 2692 454 2782 inquam,
473 2714 577 2779 quam
602 2715 692 2780 quae
707 2692 903 2763 futurorum
929 2693 1129 2763 describunt
1145 2694 1279 2784 magni·

38 2773 174 2850 tudinem.
195 2787 293 2853 llaec
317 2794 429 2851 eutem
447 2795 555 2852 erant:
574 2781 694 2852 morbo
708 2782 862 2852 conlecta
879 2781 1107 2853 confirmabat
1121 2804 1276 2873 corpora,

36 2866 241 2941 membrorum
271 2870 507 2941 mutilationes
524 2871 669 2942 sanabat
692 2871 913 2953 incurabiles,
935 2870 1105 2962 malignos
1125 2871 1280 2964 increpa-

34 2945 78 3020 bat
90 2956 234 3044 spiritum
253 2981 344 3047 qnos
367 2980 448 3031 curn
466 2960 618 3050 primum
643 2961 864 3050 increpasset,
881 2959 976 3028 nulla
994 2982 1089 3030 mora
1103 2961 1281 3050 interjecta

35 3036 196 3130 fugiebant,
219 3061 257 3119 et
282 3048 397 3118 statim
426 3049 647 3132 recedebant;
675 3048 743 3118 alia
766 3069 906 3138 quoque
930 3048 973 3117 ab
1002 3070 1042 3118 eo
1067 3049 1195 3118 liebant
1226 3049 1281 3118 his

36 3132 162 3216 maiora,
185 3137 315 3208 virtute
339 3137 456 3207 divina
479 3137 511 3207 ei
533 3159 633 3227 opem
657 3137 797 3209 lerante.
819 3137 1050 3238 Quamobrem
1079 3159 1118 3206 er
1144 3149 1281 3227 pastore

34 3223 229 3296 constituitur
243 3237 374 3317 pastor,
394 3225 469 3296 loco
484 3226 599 3297 orium
617 3249 700 3297 cura
717 3227 831 3318 gregis
851 3247 881 3296 er
897 3247 1095 3308 commissa,
1111 3245 1180 3312 quo
1197 3237 1281 3294 tern-

36 3324 97 3390 tore
118 3333 265 3415 magnus
285 3315 530 3386 Constantinus
553 3319 786 3386 Romanorum
809 3315 945 3385 tenebat
961 3315 1160 3405 imperium,
1174 3315 1282 3383 Trim=

35 3395 310 3482 npihuntrnorum
327 3404 496 3475 *creatus
519 3404 722 3506 Episcopus.
748 3409 919 3488 Quantam
943 3417 1070 3484 autern,
1089 3415 1280 3562 Xostquam

36 3487 197 3580 perductus
220 3493 289 3563 luit
311 3492 356 3563 ad
380 3493 508 3576 sedem,
526 3496 662 3565 virtutis
680 3515 799 3564 curam
820 3493 975 3585 gesserit,
991 3505 1085 3562 osten
1113 3505 1181 3574 ent,
1194 3512 1283 3579 quae

36 3575 205 3650 anilitera
230 3581 348 3652 sedern
375 3582 499 3671 adepto
522 3581 612 3652 facta
639 3596 721 3654 sunt
742 3582 924 3654 miracula.
948 3587 1068 3652 lerum
1092 3581 1185 3650 enirn
1204 3601 1283 3651 raro

34 3665 130 3738 onnia
153 3669 251 3758 illius
280 3672 452 3761 persequi,
479 3671 576 3742 stulti
599 3685 632 3742 et
654 3673 820 3744 ineruditi
843 3671 945 3742 luerit
973 3670 1146 3750 hominis;
1173 3691 1284 3772 neque

35 3769 96 3822 uro
115 3757 147 3826 id
171 3761 253 3846 quis
272 3761 410 3847 assequi
434 3763 593 3853 potuerit:
611 3761 784 3850 quomodo
806 3761 909 3831 etiarn
929 3760 1047 3831 omnia
1072 3769 1284 3850 praetermit-

37 3847 106 3937 tere,
134 3846 240 3919 nimis
264 3870 430 3938 magnum
453 3850 623 3920 damnum
648 3849 811 3921 attulerit.
843 3855 1090 3936 Quaecumque
1113 3860 1228 3919 autern
1252 3859 1286 3918 et

36 3923 88 3998 drci
110 3948 265 4022 possunt,
282 3950 315 4007 et
338 3937 461 4008 auditu
484 3938 582 4008 valde
606 3947 687 4009 sun't
709 3938 821 4020 utilia,
839 3960 879 4008 ea
903 3937 1029 4008 dicam.

68 4019 141 4104 Μ.
161 4026 355 4118 Castigabat
383 4031 472 4098 Deus
494 4027 646 4098 insulam
673 4027 808 4116 pluviae
836 4039 994 4118 egestate,
1014 4041 1049 4098 et
1069 4027 1185 4118 gravis
1210 4048 1286 4118 pre-

37 4109 132 4181 mebat
151 4115 313 4199 siccitas;
342 4127 376 4186 et
405 4115 594 4186 siccitatem
618 4117 758 4206 quidem
784 4117 1060 4204 consequebatur
1083 4117 1215 4188 sames:
1238 4115 1287 4186 la·

38 4209 110 4266 mern
128 4215 242 4273 autem
290 4206 384 4291 estis,
400 4219 433 4274 et
453 4204 573 4296 populi
592 4206 731 4293 quidem
757 4227 885 4296 magna
903 4226 982 4296 pars
1003 4206 1076 4294 jam
1096 4206 1284 4286 interierat

39 4280 123 4358 altera
144 4313 224 4363 vero
247 4225 288 4364 il
307 4316 386 4364 mox
398 4293 603 4365 credebatur
618 4317 772 4385 passura.
793 4298 886 4386 Opus
902 4309 1016 4368 eutem
1037 4293 1285 4366 habebatillud

60 4408 69 4430 ¹
81 4411 132 4456 urhe
141 4417 164 4458 tn
174 4417 246 4470 cypri
255 4421 340 4467 imula.
350 4421 412 4470 apud
421 4419 573 4463 Salaminem.

102 4497 217 4558 Sumne
231 4529 242 4542 ·
259 4500 343 4562 Vitae
357 4499 411 4562 SS.
425 4533 439 4548 ·
453 4499 524 4564 Vol.
538 4497 601 4562 lill.
1173 4501 1209 4560 lll
