2960 4824
53 325 119 387 ilEl'.
148 325 182 386 16
409 343 445 388 nn
470 343 497 388 s.
524 343 657 388 uttsesro
682 344 731 388 ae.
760 319 904 387 variata.
1187 325 1250 390 355

50 441 130 496 natus
151 427 177 506 ⁴²,
191 438 274 527 post
297 426 391 496 iilius
415 426 560 504 obitum,
580 426 620 495 ad
649 427 770 496 Urbem
789 430 932 496 Romam
959 447 1038 495 cum
1066 439 1174 496 matre
1190 441 1222 496 et
1240 450 1295 498 so·

50 538 106 586 rore
128 529 225 585 renrt.

81 608 131 673 lli.
155 605 200 675 ib
226 604 396 684 Eusebio,
423 607 576 674 Romano
608 603 795 686 Pontifice,
827 603 1023 672 divinorum
1052 604 1294 692 mysteriorum

46 693 218 782 disciplinis
244 696 449 776 instructus,
485 694 519 762 iu
546 693 770 775 sacrofonte,
806 691 953 762 Paschae
984 690 1129 760 solemni
1155 692 1230 776 die,
1262 707 1295 763 et

45 785 233 868 baptismum
252 794 285 851 et
301 803 425 851 nomen
443 783 574 872 aceepit
590 781 635 850 ⁴⁵⁸.
1121 795 1127 808 ·
1274 851 1276 856 ,

78 877 121 940 il'.
148 877 233 951 iles,
260 871 344 940 dum
371 871 582 961 baptizatur,
613 870 779 940 divinitus
806 868 893 940 iacta
921 882 988 950 est,
1015 869 1106 956 quod
1133 871 1294 941 manibus

41 983 103 1030 cunr
119 960 266 1052 Angelus
284 960 318 1028 in
336 981 432 1029 sacro
451 959 540 1030 sonte
556 961 725 1031 sustinere
742 960 834 1029 risus
850 958 928 1028 est'

77 1055 105 1117 v.
130 1050 366 1141 virginitatem
393 1049 477 1118 adeo
502 1061 666 1138 perpetuo
690 1049 812 1128 coluit,
839 1060 877 1118 ut
902 1047 1037 1131 mulier,
1071 1051 1145 1141 ejus
1179 1071 1295 1118 amore

40 1139 182 1228 llagrans,
201 1139 245 1209 ad
266 1138 365 1208 illum
389 1138 580 1228 irrumpere
600 1150 733 1218 conata,
754 1137 860 1208 valvis
879 1139 1085 1228 patentibus,
1105 1160 1122 1206 a
1140 1137 1294 1207 cubiculi

41 1228 120 1296 ariitu
140 1227 308 1298 divinitus
327 1227 480 1314 mireque
500 1225 670 1317 prohibita
687 1227 742 1296 sit.

79 1321 120 1386 vi.
136 1321 171 1388 in
192 1316 398 1387 Pontificum
425 1321 658 1386 Romanorum
680 1315 817 1384 Eusebii
833 1328 866 1384 et
891 1315 1091 1386 iieiehiadis
1108 1315 1294 1405 disciplina

39 1404 194 1488 ariaratus,
215 1419 253 1475 ut
278 1416 397 1486 aetate,
416 1405 465 1474 siu
489 1405 582 1474 omui
604 1405 726 1474 virtute
753 1403 897 1472 mirifice
925 1405 1099 1492 processit.

75 1499 179 1565 llis
214 1493 389 1586 sylvestro
413 1494 520 1563 sacris
544 1493 744 1573 Ordinibus,
773 1506 1009 1580 praeterquam
1043 1493 1290 1582 presbyteratu,
1318 1550 1334 1575 ,

40 1583 227 1666 initiatus,a
263 1605 378 1653 rerum
410 1583 642 1652 humanarum
664 1582 758 1652 curis
787 1603 939 1662 aversus,
962 1581 1096 1652 divinas
1131 1593 1294 1672 perpetuo

38 1673 131 1740 sturiio
146 1683 379 1767 consectatur.

73 1766 145 1831 l'iii.
165 1769 187 1832 i
206 1767 323 1831 liarco
343 1760 501 1831 Pontilice
517 1759 694 1848 Presbyter
711 1770 931 1830 consecratus
955 1757 1040 1828 adeo
1065 1772 1181 1829 sancte
1198 1759 1291 1838 vixit,

39 1861 75 1923 nt,
93 1851 169 1920 dum
197 1852 324 1919 Missae
348 1849 557 1920 sacriiioium
584 1848 778 1930 conliserat,
798 1845 1004 1938 Angelorum
1024 1847 1057 1916 in
1083 1847 1157 1934 ejas
1183 1849 1294 1917 mani-

40 1935 89 2006 bus
104 1939 335 2016 ministerium
358 1953 550 2029 appareret.

73 2032 118 2095 tlt.
149 2033 235 2098 Dum
266 2035 393 2098 ilornae
418 2028 611 2098 divinarum
643 2028 900 2118 scripturarum
932 2025 1126 2114 interpretis
1152 2045 1293 2093 munere

38 2112 182 2205 iungitur,
203 2116 374 2187 Vercellas
402 2128 502 2204 atque
529 2117 571 2186 ati
593 2117 680 2186 alias
705 2115 961 2208 Langobardiae
984 2115 1137 2204 regiones
1161 2111 1294 2212 legatur

38 2207 218 2277 avantiirce
235 2206 349 2277 iulio:
371 2227 439 2292 quo
460 2220 612 2296 tempore
634 2205 784 2275 haeresis
806 2206 947 2274 Arianae
964 2203 1054 2274 iaces
1075 2207 1293 2272 Constantius

39 2295 206 2383 imperator
233 2294 385 2364 nefariae
417 2295 575 2368 factionis
600 2293 714 2364 lurore
739 2293 974 2363 inflammatus
1009 2294 1041 2360 in
1074 2291 1168 2359 omni
1195 2288 1294 2359 ltalia

39 2383 203 2454 accendere
228 2384 431 2455 conabatur.

72 2475 102 2540 l.
127 2479 148 2544 ,i
168 2471 446 2543 vercellensibus
472 2491 608 2542 summa
633 2471 790 2542 omniurn
821 2469 1060 2550 consensione,
1089 2467 1294 2559 posthabitis

37 2560 165 2643 lilibus,
184 2564 379 2652 Episcopus
399 2560 601 2650 postulatum
628 2573 831 2650 tantumque
858 2558 1010 2630 interluit
1036 2571 1073 2627 ut
1096 2557 1291 2647 eligeretur,

35 2661 181 2731 quamum
208 2663 248 2721 ut
275 2649 447 2718 videretur
472 2647 536 2717 Μ.

70 2742 117 2806 ll.
143 2745 167 2810 i
189 2739 288 2810 iulio
314 2737 475 2808 Pontiiice
500 2738 690 2828 Episcopus
715 2737 941 2808 vercellensis
977 2745 1221 2833 consecratus,
1250 2743 1294 2831 tot

36 2827 190 2913 tantisque
217 2829 384 2897 virtutum
415 2827 626 2896 ornamentis
654 2827 833 2918 praeluxit,
855 2840 891 2896 ut
917 2827 950 2894 in
976 2846 1015 2893 eo
1042 2823 1110 2892 veri
1136 2827 1293 2911 Episcopi

34 2917 192 3006 exemplar
211 2916 343 2986 intueri
368 2915 495 2985 liceret.
1219 2999 1225 3010 ,

69 3007 131 3072 iiii.
166 3004 376 3088 clericorum
413 3005 566 3074 instituta
598 3027 676 3075 curn
707 3003 899 3074 monachali
930 3001 1120 3090 disciplina
1149 3019 1294 3088 conyun-

34 3089 158 3251 ιίιιᾛ,
176 3115 247 3182 quo
273 3093 429 3163 sanctius
447 3093 512 3162 vita
528 3093 698 3163 clericalis
722 3093 878 3162 devincta
897 3091 1057 3181 religiose
1077 3087 1201 3176 agendi
1226 3109 1294 3156 usn

35 3199 47 3243 t
79 3204 115 3249 eu
143 3195 286 3253 esceret.

37 3201 147 3362 filil.
175 3277 248 3344 Non
278 3271 379 3340 modo
397 3269 439 3339 ad
456 3270 671 3340 occasionem
695 3269 893 3350 iubendam,
914 3265 1151 3424 quapopulns
1168 3265 1295 3365 iriapt't

36 3359 148 3430 insidii
171 3361 339 3431 seductus
364 3361 397 3428 in
413 3381 491 3429 eum
510 3373 673 3446 peccaret,
697 3360 754 3428 sed
776 3357 909 3428 ardenti
930 3371 985 3428 stu
1015 3357 1045 3425 io
1064 3353 1206 3422 vacandi
1228 3350 1293 3419 srbr

35 3451 142 3530 ellim,
163 3449 194 3518 in
214 3463 350 3519 montes
366 3449 591 3538 Oropae*****
609 3447 822 3539 Bugellensis
838 3447 991 3526 ditionis,
1011 3459 1043 3514 et
1058 3443 1147 3513 ultra
1160 3439 1291 3510 Parium

36 3533 238 3609 oleastrum
261 3537 468 3608 Cridoneuse
488 3537 620 3608 tiiverso
647 3552 799 3628 tempore
819 3535 957 3606 secedit.

56 3657 133 3702 'iuno
146 3665 193 3704 28⁶.
657 3665 681 3692 *¹
698 3665 763 3704 anuo
777 3664 824 3704 stt.

55 3711 87 3738 '⁸'
100 3717 146 3764 Quo
159 3725 223 3758 suno
239 3714 263 3758 iu
275 3717 395 3764 acciderit,
408 3717 533 3757 incertum.
550 3717 648 3757 Videtur
662 3719 748 3764 tamen,
759 3725 820 3757 suno
838 3715 884 3763 Bit,
901 3714 923 3756 S.
939 3711 1056 3754 Eusebius
1074 3709 1204 3759 Episcopus
1221 3707 1295 3768 tuisse

35 3771 175 3812 conseerstos.
191 3773 213 3812 S.
229 3769 373 3816 Ambrosius.
388 3771 416 3810 stt
429 3771 601 3810 vercellensem
611 3771 746 3817 Ecclemnm,
757 3780 817 3812 snuo
828 3771 884 3810 etro.
897 3767 943 3814 ³98,
954 3765 1069 3810 scribens,
1079 3764 1136 3804 haee
1150 3764 1179 3803 de
1189 3761 1295 3802 mlrsbrll

36 3823 146 3868 cenaculis.
160 3835 208 3874 qus
222 3824 343 3864 Eusebius
356 3824 434 3864 tuerat
452 3825 550 3870 eiectus,
566 3825 609 3864 stt:
628 3823 686 3866 “..,..
699 3824 833 3870 Eusebium,
844 3831 914 3872 quem
924 3829 1047 3868 nunquam
1057 3819 1111 3858 aute
1126 3817 1296 3876 coguoverunt.

37 3872 158 3932 rnatbstttts
171 3876 272 3922 ciuibus,
286 3874 358 3917 simul
371 3878 399 3917 ut
412 3877 523 3918 vitiarunt
539 3878 563 3916 et
579 3877 738 3924 probaverunt
798 3877 884 3918 Merito
901 3875 938 3914 ιιι·
952 3873 1035 3914 taulus
1047 3870 1129 3916 evasit.
1139 3879 1208 3920 quem
1218 3879 1295 3909 omnis

37 3923 91 3972 ‘itti
104 3931 216 3972 melesio:
232 3931 317 3972 mertto
333 3931 448 3970 creditura
462 3931 525 3979 quon
535 3930 614 3970 dlrlrm
625 3930 689 3970 esset
699 3931 790 3970 eiectus
796 3927 892 3980 judicio.
902 3937 973 3976 quem
984 3935 1065 3986 omues
1076 3923 1271 3973 postulavissent.
1284 3951 1294 3972 ,

58 3979 103 4034 ἴω
116 3985 146 4023 De
159 3984 203 4023 buo
218 3981 282 4023 vitae
297 3984 440 4024 monasticae
449 3993 505 4024 eum
514 3979 624 4028 clericalis
633 3982 809 4032 conjunctione,
818 3983 880 4024 idem
890 3979 1028 4020 Ambrosius
1039 3982 1073 4019 ιιι
1084 3978 1201 4028 loquitur:
1213 3977 1222 3998 ⁸
1234 3977 1296 4016 Haeo

40 4035 109 4090 intans
123 4033 145 4075 iu
159 4037 295 4077 Occidentis
309 4037 419 4087 partibus
436 4038 530 4078 diverse
546 4037 609 4077 iuter
626 4047 651 4077 se
670 4037 786 4078 Eusebius
804 4037 900 4076 sauctae
916 4031 1045 4094 memoriae
1056 4031 1189 4091 contusum
1201 4033 1228 4070 ut
1238 4029 1297 4068 etin

41 4087 114 4126 ttrltste
126 4087 217 4136 positus
232 4091 345 4130 institute
358 4091 524 4132 monachorum
539 4089 675 4135 temerabat
689 4088 820 4130 Ecclesiam
836 4085 1027 4137 angustiatorum
1047 4085 1181 4125 sobrietate.
1194 4083 1297 4122 Mullum

42 4136 86 4175 raim
99 4141 225 4190 adsumenti
239 4141 332 4184 secedit
345 4145 374 4185 sd
389 4145 518 4185 sacerdotis
533 4143 640 4194 matiam,
650 4143 670 4183 si
681 4145 709 4183 sd
720 4144 825 4184 studium
836 4139 999 4186 abstinentiae.
1010 4141 1034 4180 et
1044 4140 1072 4180 ud
1082 4147 1188 4178 normam
1198 4134 1296 4186 iutegri-
1368 4157 1370 4160 ·

45 4189 234 4238 misiuventutem
243 4197 383 4247 adstringat,
393 4199 548 4238 obversantes
560 4195 622 4237 iutrs
632 4197 713 4237 urbem
724 4195 817 4237 abdicet
827 4205 871 4236 usu
882 4195 948 4235 urbis
957 4196 982 4234 st
991 4192 1178 4234 conversatione.
1191 4219 1202 4240 ,‚
1225 4240 1230 4250 ,

62 4241 115 4272 ⁸⁴³⁶*
127 4249 169 4297 ibi,
182 4261 276 4292 summa
290 4261 345 4292 eum
359 4253 510 4292 veneratione
520 4259 546 4290 ac
562 4247 757 4298 trequentissimo
768 4247 964 4290 christifidelium
983 4256 1105 4292 concursu.
1117 4245 1196 4294 Imago
1215 4239 1297 4292 lignes.

47 4288 171 4344 Elatissimae
185 4305 291 4355 Virginis
306 4304 400 4348 colitur.
413 4306 482 4354 eujus
499 4301 573 4345 steini
588 4303 671 4352 populi
690 4303 712 4343 s.
732 4301 820 4342 eresm
837 4301 1019 4350 Evangeltstem,
1033 4296 1297 4340 coustantitredlttoue,

46 4350 135 4408 yeme.
147 4359 258 4399 Truditur
273 4367 344 4408 porro
360 4354 450 4408 insigne
467 4357 512 4399 iroo
529 4357 683 4398 simulacrum
702 4357 730 4396 sb
748 4356 799 4406 ipso
815 4355 837 4396 8.
848 4355 955 4401 Eusebio,
965 4364 1019 4394 cum
1030 4355 1058 4394 sd
1069 4353 1148 4392 sedem
1159 4361 1232 4396 suam.
1242 4355 1296 4398 pest

44 4401 134 4491 minor.
141 4413 306 4457 reverteretur.
314 4411 343 4451 sb
354 4407 448 4453 oriente
459 4411 533 4454 ittlsse
544 4411 655 4456 delatum,
662 4408 785 4459 eidemque
797 4407 821 4450 iu
831 4410 919 4462 Oropse
929 4409 1008 4450 moute
1019 4407 1132 4447 sacellum
1142 4405 1204 4456 quoe
1215 4403 1298 4444 adhue

87 4465 114 4504 ur,
125 4461 268 4506 exaltemus.
