2972 4826
56 335 156 400 tttt.o
439 351 477 398 nc
501 352 528 398 s.
555 350 690 399 nrcocso
713 351 789 398 rrrn.
816 352 866 397 nr.
1182 335 1244 400 lbi

56 436 158 524 lyciam
183 456 221 504 ea
246 445 443 524 tempestate
465 434 673 525 depopulata
697 447 758 518 est,
789 435 879 504 intra
907 435 1060 505 triduum
1092 438 1288 520 morientes,

56 523 202 594 haeredem
237 523 338 592 illum
375 537 573 594 testamento
604 524 801 594 instituunt.
825 529 981 606 Quorum
1018 538 1159 596 mortem
1197 527 1292 598 omni

53 613 137 683 officio
156 635 194 683 ac
219 613 343 701 pietate
361 613 405 682 ita
431 627 482 682 est
507 627 722 714 prosecutus,
753 626 792 683 ut
817 612 904 681 nihil
929 613 1109 695 omitteret,
1135 615 1226 700 quod
1249 616 1292 686 ab

50 702 257 772 amantissimo
285 701 359 770 filio
383 702 583 792 parentibus
607 702 748 791 optimis
769 702 932 791 praestari
957 703 1099 792 parsit.
1128 704 1292 772 Haeredi-

50 804 124 860 tatem
144 791 246 880 igitur
261 789 395 872 adiens
414 804 447 860 et
467 813 533 860 non
568 803 637 860 tam
663 811 894 878 possessorem
920 813 968 872 se,
994 812 1097 880 quam
1134 791 1291 862 haeredi-

49 879 381 968 tatisdispensatorem
408 879 565 948 relictum
586 879 793 969 intelligens,
810 880 931 970 coepit,
950 901 1018 949 nou
1042 881 1215 966 quomodo
1230 903 1291 971 pa-

47 969 214 1038 trimonium
233 982 376 1057 augeret
398 967 447 1057 (id
472 967 563 1054 quod
594 967 749 1057 plerique
773 989 893 1052 omnes
917 967 1078 1038 mortales
1105 968 1287 1128 factitantg,

44 1057 175 1146 cogitare,
194 1056 250 1126 sed
277 1077 347 1142 quo
373 1069 471 1144 pacto
490 1057 736 1146 patrimonium
763 1056 979 1139 seminando,
1006 1057 1198 1126 uberiorem
1224 1059 1253 1126 si
1282 1059 1291 1126 i

44 1143 150 1245 frugem
167 1148 200 1213 in
225 1145 321 1214 coelo
340 1145 525 1235 colligeret.
552 1145 641 1227 Quid
668 1145 765 1214 enint
786 1144 883 1214 aliud
899 1158 978 1235 agat
995 1147 1045 1214 vir
1067 1159 1230 1216 constans
1259 1158 1292 1217 et

44 1255 166 1322 sapiens,
186 1235 247 1320 qui
263 1234 308 1302 ab
327 1234 468 1303 ineunte
478 1245 586 1302 aetate
610 1233 767 1304 funditus
788 1235 961 1304 exanimo
981 1246 1133 1304 terrenas
1145 1236 1292 1322 ejecerat

44 1321 230 1411 cupiditates,
264 1322 333 1390 nisi
352 1335 392 1392 ut
411 1321 548 1392 duriore
567 1323 640 1478 pam
674 1335 783 1392 aetate
808 1334 1015 1404 contemnat,
1045 1323 1136 1410 quod
1162 1325 1288 1394 teneris

42 1412 122 1480 annis
143 1412 254 1480 animo
279 1432 407 1502 magno
429 1423 462 1480 et
485 1433 564 1480 exce
581 1433 617 1494 so
641 1413 895 1500 contempserit,
923 1433 965 1480 ne
996 1412 1082 1481 vitae
1112 1411 1287 1502 praeclara

40 1499 184 1568 exordiae
208 1499 424 1569 succedentis
441 1499 559 1569 aetatis
584 1499 777 1570 actionibus
802 1499 1049 1568 dissentirenrt
1079 1505 1197 1588 ltaque
1217 1523 1286 1572 nou

41 1587 73 1654 ad
94 1588 341 1677 congregandas
355 1587 502 1669 divitiae,
521 1588 579 1658 sed
593 1588 636 1657 ad
650 1601 829 1678 congestas
843 1589 1108 1678 dispertiendos,
1128 1590 1284 1660 animum

42 1676 164 1762 appulit,
189 1690 224 1746 ut
241 1677 288 1746 nil
315 1676 411 1745 aliud
437 1676 555 1766 patula
575 1699 710 1760 manue,
742 1699 845 1764 quam
871 1698 1016 1768 egenum
1044 1690 1076 1747 et
1099 1701 1285 1768 pauperem

42 1765 190 1852 cogitaret.
227 1766 404 1834 Caeterum
440 1765 732 1853 quemadmodum
760 1765 863 1835 tellus
890 1767 965 1856 ipsa
993 1767 1150 1836 omnium
1187 1767 1287 1858 longe

45 1851 269 1934 liberalissima,
294 1853 434 1934 herbis,
460 1854 632 1944 frugibus,
663 1854 886 1925 arboribusve
914 1854 964 1923 sic
993 1853 1157 1925 alimenta
1186 1867 1288 1943 atque

45 1941 114 2008 ritae
127 1942 288 2029 praesidia
316 1943 470 2033 porrigit,
493 1958 531 2012 ut
548 1964 649 2012 nemo
677 1943 815 2030 quidem
841 1945 982 2012 omnino
1007 1943 1041 2012 id
1067 1944 1209 2025 sentiat,
1240 1946 1287 2014 ita

49 2043 139 2096 noster
156 2031 206 2100 bic
229 2052 418 2122 egenorum
449 2031 638 2112 alumnus,
670 2032 758 2101 clam
808 2033 938 2114 uidem,
969 2043 1001 2102 et
1030 2031 1126 2101 nullo
1159 2033 1287 2102 sciente

51 2117 231 2201 mortalium,
270 2120 542 2190 misericordiam
573 2143 670 2189 suam
697 2055 891 2189 increbibili
912 2120 1027 2191 studio
1050 2121 1086 2188 in
1118 2142 1286 2209 pauperes

52 2206 202 2276 exercebat.
235 2209 346 2296 Cujus
370 2208 520 2294 reliquas
547 2208 783 2298 eleemosynas
812 2208 1046 2298 intelligemus
1069 2207 1225 2290 facilius,
1257 2208 1285 2277 si

50 2289 103 2360 hoc
122 2317 209 2364 unum
229 2319 249 2365 e
266 2297 429 2387 pluribus
445 2296 578 2366 celebre
603 2297 697 2367 illius
721 2297 848 2367 sactum
874 2299 1113 2384 subjiciemus.

86 2383 156 2466 §st
177 2386 247 2454 Fuit
271 2388 412 2454 Paterae
436 2386 634 2476 virgenere
658 2385 777 2466 nobili,
800 2386 860 2473 qui
882 2387 936 2476 (ut
960 2387 1023 2456 lert
1039 2386 1211 2456 humanae
1237 2385 1253 2455 l
1271 2425 1286 2436 -

48 2465 159 2540 licitatis
177 2474 223 2542 lra
254 2473 375 2561 ilites)
398 2473 441 2542 ab
466 2473 655 2544 honoribus
684 2475 717 2542 in
756 2488 1016 2564 contemptum,
1053 2497 1072 2544 a
1096 2474 1225 2544 divitiis
1249 2475 1285 2543 in

43 2572 193 2645 egestatem
218 2497 405 2632 ‹lecideraa
425 2562 462 2631 Ei
477 2575 575 2632 erant
590 2576 656 2632 tres
680 2563 782 2644 filiae,
800 2565 952 2652 corporis
969 2562 1165 2650 formaeque
1180 2583 1285 2632 venu-

39 2659 117 2723 state,
133 2666 161 2720 et
184 2673 321 2720 morum
345 2650 513 2740 elegantia
543 2651 642 2740 longe
666 2663 876 2741 praestantes
907 2653 1056 2742 virgines
1079 2673 1220 2734 omncs,
1254 2663 1287 2721 et

36 2757 160 2823 quarum
182 2754 275 2809 aetas
293 2739 339 2828 (si
361 2741 467 2830 patris
484 2739 662 2810 calamitas
678 2763 745 2810 uon
762 2740 922 2830 obsistat)
940 2741 1079 2830 nuptias
1103 2741 1285 2898 flagitaret.

35 2827 90 2894 Has
112 2829 206 2918 inops
223 2841 331 2918 pater,
358 2831 452 2898 omni
487 2851 601 2898 rerum
630 2841 777 2920 egestate
801 2829 964 2912 calcatus,
993 2851 1060 2900 uon
1091 2851 1146 2899 mo
1173 2829 1285 2899 oriro

34 2915 158 2997 tradere,
184 2917 242 2986 sed
268 2938 313 2985 ne
336 2916 427 2985 alere
445 2917 584 3004 quidem
608 2939 747 3004 quoquo
775 2929 873 3008 pacto
895 2930 1041 3006 poterat:
1072 2939 1182 3005 neque
1207 2939 1286 3008 spes

33 3001 92 3071 ulla
115 3006 277 3075 miserum
293 3005 468 3074 bominem
486 3005 672 3085 solabatur,
690 3027 758 3092 qua
774 3006 927 3093 quotidie
949 3009 1132 3077 crescentis
1149 3008 1287 3096 inopiae

31 3091 85 3160 vim
110 3093 281 3182 perterret.
301 3098 375 3162 Heu
396 3116 465 3163 rem
487 3095 583 3164 dictu
607 3093 752 3176 loedam,
772 3094 839 3164 heu
853 3117 922 3182 quo
943 3095 1136 3165 mortalium
1156 3107 1286 3166 mentes

30 3179 259 3270 insuperabilis
273 3181 323 3251 vis
340 3183 501 3273 egestatis
516 3182 673 3272 impellitl
693 3189 841 3265 Tetrum,
861 3197 968 3282 atrpx,
984 3184 1135 3252 immane
1148 3183 1286 3253 facinus

29 3282 143 3354 patrem
162 3272 343 3361 (paternae
369 3271 503 3359 pietatis
533 3293 718 3340 memorem
748 3293 810 3352 ne,
838 3280 882 3340 ιιι
910 3273 1145 3341 immemorem
1171 3272 1285 3360 potius

28 3355 209 3449 dixerimt)
231 3360 380 3450 exagitat
403 3359 554 3428 tiliarum
569 3359 687 3440 decus,
707 3381 746 3428 ac
764 3359 965 3449 pudicitiam
995 3360 1220 3440 deserentem,
1247 3370 1287 3427 ut

29 3450 105 3518 natis
120 3449 354 3518 esurientibus
379 3471 446 3517 non
465 3447 607 3518 deesset.
635 3449 750 3537 Coepit
764 3449 856 3517 enim
874 3449 916 3518 de
936 3447 1073 3518 illarum
1091 3447 1286 3537 virginitate
1323 3487 1324 3490 =

28 3533 145 3606 alienae
161 3536 398 3628 prostituenda
415 3536 552 3605 lrbrdrm
578 3536 747 3624 cogitare,
775 3548 813 3606 ut
836 3537 1036 3626 turpissimo
1059 3546 1092 3604 et
1115 3535 1285 3626 llagitioso

28 3639 158 3706 quaestu
190 3627 294 3694 vitam
328 3626 504 3714 pereuntis
534 3623 684 3694 familiae
718 3635 879 3694 tueretur.
912 3631 989 3695 Jam
1021 3646 1146 3696 vesana
1178 3625 1286 3696 tames

29 3712 237 3783 reluctantem
262 3715 373 3814 patris
410 3714 565 3784 animum
596 3735 696 3803 aegre
721 3713 938 3804 perfregerat.
967 3714 1041 3783 lam
1071 3712 1221 3795 crudele,
1254 3725 1287 3783 et

28 3795 180 3872 humanis
195 3801 381 3892 indignum
400 3801 606 3884 luminibus,
624 3801 859 3891 spectaculum
878 3803 1075 3892 parabatur.
1090 3803 1178 3885 Quid
1192 3803 1284 3872 enim

31 3899 87 3955 tam
109 3890 257 3960 validum
275 3903 338 3971 est,
367 3903 506 3976 tamque
531 3891 717 3972 munitum,
740 3891 830 3978 quod
846 3891 1030 3961 necessitas
1054 3912 1120 3960 non
1141 3904 1287 3982 proster-

31 3981 102 4044 nat?
119 3979 181 4048 Sed
205 3979 306 4048 affuit
325 3978 367 4048 de
390 3979 485 4048 coelo
510 3981 689 4049 miserator
710 3981 886 4062 Dominus,
912 3980 973 4066 qui
996 4001 1109 4050 escam
1134 3981 1230 4050 daret
1248 3983 1288 4050 ti-

32 4067 188 4137 mentibus
204 4089 254 4152 se;
279 4067 341 4154 qui
358 4069 465 4157 patris
481 4067 515 4136 in
542 4067 632 4138 filias
656 4068 797 4138 invitam
829 4068 1066 4138 crudelitatem
1097 4090 1164 4139 non
1196 4085 1287 4159 pate-

32 4165 123 4234 retur;
140 4157 198 4244 qui
218 4157 394 4246 virgiuum
410 4157 623 4227 castissimas
638 4157 810 4246 lacrymas
825 4157 1018 4240 miseratus,
1038 4180 1058 4226 a
1076 4169 1145 4226 tam
1162 4156 1287 4228 foetido

35 4235 147 4329 lagitio
164 4245 332 4314 liberaret.
353 4245 417 4314 Sed
443 4267 511 4332 quo
535 4257 635 4336 pacto
659 4246 693 4314 id
717 4245 833 4327 facies,
860 4246 1060 4316 dulcissime
1083 4251 1181 4328 Deus,
1208 4248 1287 4315 uni-

37 4344 132 4401 rcrsae
154 4333 410 4403 misericordiae
449 4345 543 4435 pater
566 4346 599 4404 et
622 4333 719 4413 lons,
752 4346 812 4404 aut
835 4355 903 4420 quo
929 4335 1086 4404 ministro
1116 4333 1285 4404 auxilium

37 4423 116 4486 tuum
143 4443 326 4513 oppressae
351 4421 501 4493 lamilrae
535 4423 713 4514 porriges?
739 4421 905 4513 Angelum
936 4421 1085 4512 prolecto
1119 4435 1190 4494 tute
1225 4421 1287 4492 tibi
