<?xml version="1.0" encoding="UTF-8"?>
<!DOCTYPE html PUBLIC "-//W3C//DTD XHTML 1.0 Transitional//EN"
    "http://www.w3.org/TR/xhtml1/DTD/xhtml1-transitional.dtd">
<html xmlns="http://www.w3.org/1999/xhtml" xml:lang="en" lang="en">
 <head>
  <title>
</title>
<meta http-equiv="Content-Type" content="text/html;charset=utf-8" />
  <meta name='ocr-system' content='tesseract 3.04.00' />
  <meta name='ocr-capabilities' content='ocr_page ocr_carea ocr_par ocr_line ocrx_word'/>
</head>
<body>
  <div class='ocr_page' id='page_1' title='image "./historiaeseuvit00lippgoog_0096.png"; bbox 0 0 3046 4838; ppageno 0'>
   <div class='ocr_carea' id='block_1_1' title="bbox 52 271 1246 338">
    <p class='ocr_par' dir='ltr' id='par_1_1' title="bbox 52 271 1246 338">
     <span class='ocr_line' id='line_1_1' title="bbox 52 271 1246 338; baseline 0 -2"><span class='ocrx_word' id='word_1_1' title='bbox 52 271 155 336; x_wconf 23' lang='lat' dir='ltr'><strong>lutri</strong></span> <span class='ocrx_word' id='word_1_2' title='bbox 378 290 419 335; x_wconf 84' lang='lat' dir='ltr'><strong>ux</strong></span> <span class='ocrx_word' id='word_1_3' title='bbox 444 290 470 336; x_wconf 93' lang='lat' dir='ltr'><strong>s.</strong></span> <span class='ocrx_word' id='word_1_4' title='bbox 498 291 637 336; x_wconf 71' lang='lat' dir='ltr'><strong>nanneni</strong></span> <span class='ocrx_word' id='word_1_5' title='bbox 661 290 746 338; x_wconf 84' lang='lat' dir='ltr'><strong>vino.</strong></span> <span class='ocrx_word' id='word_1_6' title='bbox 774 289 811 336; x_wconf 84' lang='lat' dir='ltr'><strong>ur</strong></span> <span class='ocrx_word' id='word_1_7' title='bbox 835 289 929 336; x_wconf 77' lang='lat' dir='ltr'><strong>unna.</strong></span> <span class='ocrx_word' id='word_1_8' title='bbox 1206 274 1246 336; x_wconf 79' lang='lat'><strong>75</strong></span> 
     </span>
    </p>
   </div>
   <div class='ocr_carea' id='block_1_2' title="bbox 36 372 1293 1620">
    <p class='ocr_par' dir='ltr' id='par_1_2' title="bbox 39 372 1293 1086">
     <span class='ocr_line' id='line_1_2' title="bbox 50 372 1291 455; baseline 0.002 -15"><span class='ocrx_word' id='word_1_9' title='bbox 50 384 229 444; x_wconf 71' lang='lat' dir='ltr'><strong>amovetur:</strong></span> <span class='ocrx_word' id='word_1_10' title='bbox 248 373 359 444; x_wconf 90' lang='lat' dir='ltr'><strong>immo</strong></span> <span class='ocrx_word' id='word_1_11' title='bbox 380 373 512 443; x_wconf 91' lang='lat' dir='ltr'><strong>firmior</strong></span> <span class='ocrx_word' id='word_1_12' title='bbox 525 388 555 444; x_wconf 88' lang='lat' dir='ltr'><strong>et</strong></span> <span class='ocrx_word' id='word_1_13' title='bbox 570 375 781 445; x_wconf 77' lang='lat' dir='ltr'>constantior</span> <span class='ocrx_word' id='word_1_14' title='bbox 801 372 901 455; x_wconf 89' lang='lat' dir='ltr'><strong>lacta,</strong></span> <span class='ocrx_word' id='word_1_15' title='bbox 921 374 955 442; x_wconf 93' lang='lat' dir='ltr'><strong>in</strong></span> <span class='ocrx_word' id='word_1_16' title='bbox 973 385 1095 443; x_wconf 88' lang='lat' dir='ltr'><strong>tetrum</strong></span> <span class='ocrx_word' id='word_1_17' title='bbox 1118 396 1291 444; x_wconf 82' lang='lat' dir='ltr'><strong>carcerem</strong></span> 
     </span>
     <span class='ocr_line' id='line_1_3' title="bbox 49 461 1292 554; baseline 0.002 -24"><span class='ocrx_word' id='word_1_18' title='bbox 49 461 231 532; x_wconf 69' lang='lat' dir='ltr'>includitur:</span> <span class='ocrx_word' id='word_1_19' title='bbox 258 463 319 532; x_wconf 93' lang='lat' dir='ltr'><strong>ubi</strong></span> <span class='ocrx_word' id='word_1_20' title='bbox 347 464 394 532; x_wconf 92' lang='lat' dir='ltr'><strong>ab</strong></span> <span class='ocrx_word' id='word_1_21' title='bbox 410 463 569 533; x_wconf 91' lang='lat' dir='ltr'><strong>omnibus</strong></span> <span class='ocrx_word' id='word_1_22' title='bbox 584 465 757 545; x_wconf 90' lang='lat' dir='ltr'><strong>destituta,</strong></span> <span class='ocrx_word' id='word_1_23' title='bbox 781 461 871 532; x_wconf 86' lang='lat' dir='ltr'><strong>lame</strong></span> <span class='ocrx_word' id='word_1_24' title='bbox 884 473 916 532; x_wconf 92' lang='lat' dir='ltr'><strong>et</strong></span> <span class='ocrx_word' id='word_1_25' title='bbox 940 463 995 530; x_wconf 91' lang='lat' dir='ltr'><strong>siti</strong></span> <span class='ocrx_word' id='word_1_26' title='bbox 1021 463 1157 544; x_wconf 87' lang='lat' dir='ltr'><strong>afflicta,</strong></span> <span class='ocrx_word' id='word_1_27' title='bbox 1180 465 1292 554; x_wconf 89' lang='lat' dir='ltr'><strong>passis</strong></span> 
     </span>
     <span class='ocr_line' id='line_1_4' title="bbox 47 550 1287 643; baseline 0.003 -25"><span class='ocrx_word' id='word_1_28' title='bbox 47 553 76 618; x_wconf 82' lang='lat' dir='ltr'><strong>al</strong></span> <span class='ocrx_word' id='word_1_29' title='bbox 92 550 211 620; x_wconf 89' lang='lat' dir='ltr'><strong>coelum</strong></span> <span class='ocrx_word' id='word_1_30' title='bbox 233 552 413 634; x_wconf 72' lang='lat' dir='ltr'><strong>manibus</strong></span> <span class='ocrx_word' id='word_1_31' title='bbox 433 575 452 621; x_wconf 93' lang='lat' dir='ltr'><strong>a</strong></span> <span class='ocrx_word' id='word_1_32' title='bbox 470 552 598 622; x_wconf 79' lang='lat' dir='ltr'><strong>Christo</strong></span> <span class='ocrx_word' id='word_1_33' title='bbox 622 575 760 643; x_wconf 90' lang='lat' dir='ltr'><strong>sponso,</strong></span> <span class='ocrx_word' id='word_1_34' title='bbox 780 553 882 641; x_wconf 90' lang='lat' dir='ltr'><strong>cujus</strong></span> <span class='ocrx_word' id='word_1_35' title='bbox 902 551 1072 622; x_wconf 90' lang='lat' dir='ltr'><strong>desiderio</strong></span> <span class='ocrx_word' id='word_1_36' title='bbox 1097 552 1287 634; x_wconf 87' lang='lat' dir='ltr'><strong>tenebatur,</strong></span> 
     </span>
     <span class='ocr_line' id='line_1_5' title="bbox 46 639 1292 732; baseline 0.005 -26"><span class='ocrx_word' id='word_1_37' title='bbox 46 639 184 708; x_wconf 84' lang='lat' dir='ltr'><strong>auxilium</strong></span> <span class='ocrx_word' id='word_1_38' title='bbox 201 641 378 730; x_wconf 78' lang='lat' dir='ltr'>implorat,</span> <span class='ocrx_word' id='word_1_39' title='bbox 397 639 588 712; x_wconf 91' lang='lat' dir='ltr'><strong>clamitans:</strong></span> <span class='ocrx_word' id='word_1_40' title='bbox 610 647 800 712; x_wconf 77' lang='lat' dir='ltr'><strong>uenronstra</strong></span> <span class='ocrx_word' id='word_1_41' title='bbox 812 642 909 721; x_wconf 83' lang='lat' dir='ltr'><strong>milri,</strong></span> <span class='ocrx_word' id='word_1_42' title='bbox 928 665 1025 732; x_wconf 82' lang='lat' dir='ltr'><strong>quem</strong></span> <span class='ocrx_word' id='word_1_43' title='bbox 1038 643 1162 711; x_wconf 69' lang='lat' dir='ltr'><strong>ditescit</strong></span> <span class='ocrx_word' id='word_1_44' title='bbox 1176 645 1292 712; x_wconf 79' lang='lat' dir='ltr'><strong>areima</strong></span> 
     </span>
     <span class='ocr_line' id='line_1_6' title="bbox 43 729 1292 822; baseline 0.002 -26"><span class='ocrx_word' id='word_1_45' title='bbox 43 753 111 809; x_wconf 84' lang='lat' dir='ltr'><strong>ntea,</strong></span> <span class='ocrx_word' id='word_1_46' title='bbox 133 729 189 798; x_wconf 80' lang='lat' dir='ltr'><strong>cdi</strong></span> <span class='ocrx_word' id='word_1_47' title='bbox 206 753 345 821; x_wconf 78' lang='lat' dir='ltr'><strong>gregem</strong></span> <span class='ocrx_word' id='word_1_48' title='bbox 359 732 484 822; x_wconf 78' lang='lat' dir='ltr'><strong>poscis,</strong></span> <span class='ocrx_word' id='word_1_49' title='bbox 507 732 566 799; x_wconf 84' lang='lat' dir='ltr'><strong>adi</strong></span> <span class='ocrx_word' id='word_1_50' title='bbox 580 733 719 800; x_wconf 84' lang='lat' dir='ltr'><strong>meridie</strong></span> <span class='ocrx_word' id='word_1_51' title='bbox 734 732 884 800; x_wconf 85' lang='lat' dir='ltr'><strong>recubas.</strong></span> <span class='ocrx_word' id='word_1_52' title='bbox 905 735 1059 800; x_wconf 79' lang='lat' dir='ltr'>Rursus:</span> <span class='ocrx_word' id='word_1_53' title='bbox 1082 736 1292 821; x_wconf 74' lang='lat' dir='ltr'><strong>tropaeorum</strong></span> 
     </span>
     <span class='ocr_line' id='line_1_7' title="bbox 42 819 1292 911; baseline 0.004 -27"><span class='ocrx_word' id='word_1_54' title='bbox 42 829 79 884; x_wconf 85' lang='lat' dir='ltr'><strong>est</strong></span> <span class='ocrx_word' id='word_1_55' title='bbox 93 819 219 906; x_wconf 73' lang='lat' dir='ltr'><strong>effusum</strong></span> <span class='ocrx_word' id='word_1_56' title='bbox 242 843 364 889; x_wconf 85' lang='lat' dir='ltr'><strong>nomen</strong></span> <span class='ocrx_word' id='word_1_57' title='bbox 384 831 490 900; x_wconf 82' lang='lat' dir='ltr'><strong>tuam,</strong></span> <span class='ocrx_word' id='word_1_58' title='bbox 539 831 691 911; x_wconf 87' lang='lat' dir='ltr'><strong>ropterco</strong></span> <span class='ocrx_word' id='word_1_59' title='bbox 717 821 912 888; x_wconf 81' lang='lat' dir='ltr'><strong>dileccerunt</strong></span> <span class='ocrx_word' id='word_1_60' title='bbox 936 829 967 887; x_wconf 87' lang='lat' dir='ltr'><strong>te</strong></span> <span class='ocrx_word' id='word_1_61' title='bbox 989 822 1137 910; x_wconf 82' lang='lat' dir='ltr'><strong>puellae,</strong></span> <span class='ocrx_word' id='word_1_62' title='bbox 1162 831 1192 889; x_wconf 87' lang='lat' dir='ltr'><strong>te</strong></span> <span class='ocrx_word' id='word_1_63' title='bbox 1216 843 1292 910; x_wconf 88' lang='lat' dir='ltr'><strong>pro-</strong></span> 
     </span>
     <span class='ocr_line' id='line_1_8' title="bbox 40 843 1293 998; baseline 0.004 -24"><span class='ocrx_word' id='word_1_64' title='bbox 40 917 149 976; x_wconf 80' lang='lat' dir='ltr'><em>secutae</em></span> <span class='ocrx_word' id='word_1_65' title='bbox 182 919 280 988; x_wconf 79' lang='lat' dir='ltr'><strong>sunt,</strong></span> <span class='ocrx_word' id='word_1_66' title='bbox 308 911 476 978; x_wconf 80' lang='lat' dir='ltr'><strong>dicentes:</strong></span> <span class='ocrx_word' id='word_1_67' title='bbox 504 843 685 980; x_wconf 62' lang='lat' dir='ltr'><strong>domamus</strong></span> <span class='ocrx_word' id='word_1_68' title='bbox 712 911 746 978; x_wconf 84' lang='lat' dir='ltr'><strong>in</strong></span> <span class='ocrx_word' id='word_1_69' title='bbox 779 909 911 978; x_wconf 85' lang='lat' dir='ltr'><strong>odorem</strong></span> <span class='ocrx_word' id='word_1_70' title='bbox 945 919 1193 998; x_wconf 75' lang='lat' dir='ltr'><strong>unguentorum</strong></span> <span class='ocrx_word' id='word_1_71' title='bbox 1221 920 1293 979; x_wconf 87' lang='lat' dir='ltr'><strong>tuo-</strong></span> 
     </span>
     <span class='ocr_line' id='line_1_9' title="bbox 39 996 289 1086; baseline 0.008 -28"><span class='ocrx_word' id='word_1_72' title='bbox 39 1019 97 1062; x_wconf 87' lang='lat' dir='ltr'><strong>rrtm</strong></span> <span class='ocrx_word' id='word_1_73' title='bbox 118 996 223 1083; x_wconf 80' lang='lat' dir='ltr'><strong>(Cant.</strong></span> <span class='ocrx_word' id='word_1_74' title='bbox 250 997 289 1086; x_wconf 90' lang='lat'><strong>1).</strong></span> 
     </span>
    </p>

    <p class='ocr_par' dir='ltr' id='par_1_3' title="bbox 36 1085 1293 1620">
     <span class='ocr_line' id='line_1_10' title="bbox 72 1085 1292 1176; baseline -0.001 -20"><span class='ocrx_word' id='word_1_75' title='bbox 72 1086 145 1170; x_wconf 72' lang='grc' dir='ltr'><strong>ξῦ.</strong></span> <span class='ocrx_word' id='word_1_76' title='bbox 169 1085 340 1156; x_wconf 78' lang='lat' dir='ltr'>Barbarae</span> <span class='ocrx_word' id='word_1_77' title='bbox 359 1086 503 1176; x_wconf 88' lang='lat' dir='ltr'><strong>virginis</strong></span> <span class='ocrx_word' id='word_1_78' title='bbox 530 1086 757 1157; x_wconf 76' lang='lat' dir='ltr'><strong>constantiam</strong></span> <span class='ocrx_word' id='word_1_79' title='bbox 784 1097 880 1175; x_wconf 88' lang='lat' dir='ltr'><strong>pater</strong></span> <span class='ocrx_word' id='word_1_80' title='bbox 903 1107 1003 1176; x_wconf 89' lang='lat' dir='ltr'><strong>aegre</strong></span> <span class='ocrx_word' id='word_1_81' title='bbox 1026 1085 1163 1168; x_wconf 86' lang='lat' dir='ltr'><strong>serens,</strong></span> <span class='ocrx_word' id='word_1_82' title='bbox 1191 1085 1292 1155; x_wconf 89' lang='lat' dir='ltr'><strong>vehe-</strong></span> 
     </span>
     <span class='ocr_line' id='line_1_11' title="bbox 39 1175 1293 1265; baseline 0.006 -28"><span class='ocrx_word' id='word_1_83' title='bbox 39 1175 174 1242; x_wconf 88' lang='lat' dir='ltr'><strong>mentiori</strong></span> <span class='ocrx_word' id='word_1_84' title='bbox 201 1175 252 1244; x_wconf 89' lang='lat' dir='ltr'><strong>ira</strong></span> <span class='ocrx_word' id='word_1_85' title='bbox 283 1175 499 1246; x_wconf 73' lang='lat' dir='ltr'><strong>exardescit:</strong></span> <span class='ocrx_word' id='word_1_86' title='bbox 526 1197 670 1263; x_wconf 91' lang='lat' dir='ltr'><strong>eamque</strong></span> <span class='ocrx_word' id='word_1_87' title='bbox 698 1187 877 1265; x_wconf 89' lang='lat' dir='ltr'><strong>propterca</strong></span> <span class='ocrx_word' id='word_1_88' title='bbox 909 1175 1061 1244; x_wconf 91' lang='lat' dir='ltr'><strong>Praesidi</strong></span> <span class='ocrx_word' id='word_1_89' title='bbox 1095 1175 1293 1264; x_wconf 90' lang='lat' dir='ltr'><strong>provinciae</strong></span> 
     </span>
     <span class='ocr_line' id='line_1_12' title="bbox 38 1262 1289 1354; baseline 0.005 -27"><span class='ocrx_word' id='word_1_90' title='bbox 38 1262 178 1331; x_wconf 89' lang='lat' dir='ltr'><strong>llartiauo</strong></span> <span class='ocrx_word' id='word_1_91' title='bbox 202 1263 328 1334; x_wconf 88' lang='lat' dir='ltr'><strong>tradit:</strong></span> <span class='ocrx_word' id='word_1_92' title='bbox 357 1285 378 1332; x_wconf 93' lang='lat' dir='ltr'><strong>a</strong></span> <span class='ocrx_word' id='word_1_93' title='bbox 402 1285 470 1350; x_wconf 91' lang='lat' dir='ltr'><strong>quo</strong></span> <span class='ocrx_word' id='word_1_94' title='bbox 496 1263 526 1332; x_wconf 93' lang='lat' dir='ltr'><strong>id</strong></span> <span class='ocrx_word' id='word_1_95' title='bbox 548 1285 753 1354; x_wconf 80' lang='lat' dir='ltr'><strong>magnopere</strong></span> <span class='ocrx_word' id='word_1_96' title='bbox 775 1265 868 1354; x_wconf 87' lang='lat' dir='ltr'><strong>petit,</strong></span> <span class='ocrx_word' id='word_1_97' title='bbox 890 1275 926 1333; x_wconf 92' lang='lat' dir='ltr'><strong>ut</strong></span> <span class='ocrx_word' id='word_1_98' title='bbox 944 1263 1014 1333; x_wconf 89' lang='lat' dir='ltr'><strong>nisi</strong></span> <span class='ocrx_word' id='word_1_99' title='bbox 1034 1265 1184 1332; x_wconf 90' lang='lat' dir='ltr'><strong>Barbara</strong></span> <span class='ocrx_word' id='word_1_100' title='bbox 1205 1264 1289 1345; x_wconf 89' lang='lat' dir='ltr'><strong>lilia,</strong></span> 
     </span>
     <span class='ocr_line' id='line_1_13' title="bbox 38 1351 1291 1448; baseline 0.006 -32"><span class='ocrx_word' id='word_1_101' title='bbox 38 1351 203 1420; x_wconf 76' lang='lat' dir='ltr'><strong>christiana</strong></span> <span class='ocrx_word' id='word_1_102' title='bbox 229 1351 415 1442; x_wconf 90' lang='lat' dir='ltr'><strong>repudiata</strong></span> <span class='ocrx_word' id='word_1_103' title='bbox 433 1351 510 1434; x_wconf 85' lang='lat' dir='ltr'><strong>side,</strong></span> <span class='ocrx_word' id='word_1_104' title='bbox 539 1353 689 1441; x_wconf 92' lang='lat' dir='ltr'><strong>patrium</strong></span> <span class='ocrx_word' id='word_1_105' title='bbox 715 1353 856 1422; x_wconf 91' lang='lat' dir='ltr'><strong>deorum</strong></span> <span class='ocrx_word' id='word_1_106' title='bbox 883 1352 1015 1422; x_wconf 92' lang='lat' dir='ltr'><strong>cultum</strong></span> <span class='ocrx_word' id='word_1_107' title='bbox 1037 1353 1217 1448; x_wconf 78' lang='lat' dir='ltr'><strong>suscipere</strong></span> <span class='ocrx_word' id='word_1_108' title='bbox 1237 1375 1291 1423; x_wconf 91' lang='lat' dir='ltr'><strong>ve-</strong></span> 
     </span>
     <span class='ocr_line' id='line_1_14' title="bbox 37 1437 1291 1531; baseline 0.006 -27"><span class='ocrx_word' id='word_1_109' title='bbox 37 1437 78 1518; x_wconf 89' lang='lat' dir='ltr'><strong>lit,</strong></span> <span class='ocrx_word' id='word_1_110' title='bbox 99 1441 265 1526; x_wconf 81' lang='lat' dir='ltr'><strong>exquisitis</strong></span> <span class='ocrx_word' id='word_1_111' title='bbox 290 1453 494 1529; x_wconf 87' lang='lat' dir='ltr'><strong>torqueatur</strong></span> <span class='ocrx_word' id='word_1_112' title='bbox 518 1441 712 1531; x_wconf 76' lang='lat' dir='ltr'><strong>suppliciis.</strong></span> <span class='ocrx_word' id='word_1_113' title='bbox 744 1446 884 1512; x_wconf 90' lang='lat' dir='ltr'><strong>Praeses</strong></span> <span class='ocrx_word' id='word_1_114' title='bbox 915 1453 1051 1521; x_wconf 89' lang='lat' dir='ltr'><strong>autem,</strong></span> <span class='ocrx_word' id='word_1_115' title='bbox 1085 1464 1128 1510; x_wconf 91' lang='lat' dir='ltr'><strong>ne</strong></span> <span class='ocrx_word' id='word_1_116' title='bbox 1157 1441 1206 1510; x_wconf 91' lang='lat' dir='ltr'><strong>ira</strong></span> <span class='ocrx_word' id='word_1_117' title='bbox 1232 1457 1291 1512; x_wconf 88' lang='lat' dir='ltr'><strong>aut</strong></span> 
     </span>
     <span class='ocr_line' id='line_1_15' title="bbox 36 1529 1293 1620; baseline 0.004 -25"><span class='ocrx_word' id='word_1_118' title='bbox 36 1529 265 1614; x_wconf 87' lang='lat' dir='ltr'><strong>perturbatione</strong></span> <span class='ocrx_word' id='word_1_119' title='bbox 282 1531 361 1600; x_wconf 90' lang='lat' dir='ltr'><strong>ulla</strong></span> <span class='ocrx_word' id='word_1_120' title='bbox 386 1543 577 1600; x_wconf 89' lang='lat' dir='ltr'><strong>commotus</strong></span> <span class='ocrx_word' id='word_1_121' title='bbox 595 1531 776 1611; x_wconf 90' lang='lat' dir='ltr'><strong>videretur,</strong></span> <span class='ocrx_word' id='word_1_122' title='bbox 807 1531 958 1620; x_wconf 91' lang='lat' dir='ltr'><strong>primum</strong></span> <span class='ocrx_word' id='word_1_123' title='bbox 983 1529 1163 1600; x_wconf 86' lang='lat' dir='ltr'><strong>verborum</strong></span> <span class='ocrx_word' id='word_1_124' title='bbox 1192 1530 1293 1600; x_wconf 90' lang='lat' dir='ltr'><strong>blan·</strong></span> 
     </span>
    </p>
   </div>
   <div class='ocr_carea' id='block_1_3' title="bbox 15 1616 1292 1707">
    <p class='ocr_par' dir='ltr' id='par_1_4' title="bbox 15 1616 1292 1707">
     <span class='ocr_line' id='line_1_16' title="bbox 15 1616 1292 1707; baseline 0.009 -30"><span class='ocrx_word' id='word_1_125' title='bbox 15 1616 129 1696; x_wconf 79' lang='lat' dir='ltr'><strong>ditiis,</strong></span> <span class='ocrx_word' id='word_1_126' title='bbox 144 1631 173 1687; x_wconf 88' lang='lat' dir='ltr'><strong>et</strong></span> <span class='ocrx_word' id='word_1_127' title='bbox 186 1619 332 1689; x_wconf 88' lang='lat' dir='ltr'><strong>laudum</strong></span> <span class='ocrx_word' id='word_1_128' title='bbox 360 1618 541 1700; x_wconf 82' lang='lat' dir='ltr'><strong>illecebris,</strong></span> <span class='ocrx_word' id='word_1_129' title='bbox 568 1621 698 1707; x_wconf 88' lang='lat' dir='ltr'><strong>quibus</strong></span> <span class='ocrx_word' id='word_1_130' title='bbox 722 1621 829 1688; x_wconf 90' lang='lat' dir='ltr'><strong>armis</strong></span> <span class='ocrx_word' id='word_1_131' title='bbox 857 1619 899 1688; x_wconf 89' lang='lat' dir='ltr'><strong>ad</strong></span> <span class='ocrx_word' id='word_1_132' title='bbox 933 1618 1122 1688; x_wconf 79' lang='lat' dir='ltr'><strong>fallendum</strong></span> <span class='ocrx_word' id='word_1_133' title='bbox 1153 1631 1292 1689; x_wconf 89' lang='lat' dir='ltr'><strong>satanas</strong></span> 
     </span>
    </p>
   </div>
   <div class='ocr_carea' id='block_1_4' title="bbox 31 1705 1393 3396">
    <p class='ocr_par' dir='ltr' id='par_1_5' title="bbox 31 1705 1393 3396">
     <span class='ocr_line' id='line_1_17' title="bbox 36 1705 1393 1798; baseline 0.004 -26"><span class='ocrx_word' id='word_1_134' title='bbox 36 1706 142 1786; x_wconf 92' lang='lat' dir='ltr'><strong>utitur,</strong></span> <span class='ocrx_word' id='word_1_135' title='bbox 167 1707 331 1798; x_wconf 76' lang='lat' dir='ltr'><strong>virginem</strong></span> <span class='ocrx_word' id='word_1_136' title='bbox 358 1719 519 1778; x_wconf 89' lang='lat' dir='ltr'><strong>attentat:</strong></span> <span class='ocrx_word' id='word_1_137' title='bbox 545 1730 694 1797; x_wconf 88' lang='lat' dir='ltr'><strong>cumque</strong></span> <span class='ocrx_word' id='word_1_138' title='bbox 719 1708 760 1778; x_wconf 91' lang='lat' dir='ltr'><strong>de</strong></span> <span class='ocrx_word' id='word_1_139' title='bbox 784 1711 859 1798; x_wconf 88' lang='lat' dir='ltr'><strong>ejus</strong></span> <span class='ocrx_word' id='word_1_140' title='bbox 890 1705 1135 1796; x_wconf 89' lang='lat' dir='ltr'><strong>pulcritudine,</strong></span> <span class='ocrx_word' id='word_1_141' title='bbox 1156 1710 1291 1797; x_wconf 88' lang='lat' dir='ltr'><strong>generis</strong></span> <span class='ocrx_word' id='word_1_142' title='bbox 1392 1761 1393 1766; x_wconf 17' lang='grc' dir='ltr'>η</span> 
     </span>
     <span class='ocr_line' id='line_1_18' title="bbox 39 1793 1374 1886; baseline 0.003 -28"><span class='ocrx_word' id='word_1_143' title='bbox 39 1793 206 1880; x_wconf 87' lang='lat' dir='ltr'><strong>splendore,</strong></span> <span class='ocrx_word' id='word_1_144' title='bbox 239 1797 465 1886; x_wconf 86' lang='lat' dir='ltr'><strong>paternisque</strong></span> <span class='ocrx_word' id='word_1_145' title='bbox 488 1797 624 1885; x_wconf 90' lang='lat' dir='ltr'><strong>opibus,</strong></span> <span class='ocrx_word' id='word_1_146' title='bbox 651 1809 723 1868; x_wconf 90' lang='lat' dir='ltr'><strong>tum</strong></span> <span class='ocrx_word' id='word_1_147' title='bbox 749 1797 791 1866; x_wconf 89' lang='lat' dir='ltr'><strong>de</strong></span> <span class='ocrx_word' id='word_1_148' title='bbox 821 1797 899 1867; x_wconf 89' lang='lat' dir='ltr'><strong>aliis</strong></span> <span class='ocrx_word' id='word_1_149' title='bbox 924 1797 1047 1878; x_wconf 75' lang='lat' dir='ltr'><strong>rebuS,</strong></span> <span class='ocrx_word' id='word_1_150' title='bbox 1075 1795 1204 1884; x_wconf 90' lang='lat' dir='ltr'><strong>quibus</strong></span> <span class='ocrx_word' id='word_1_151' title='bbox 1233 1797 1307 1866; x_wconf 88' lang='lat' dir='ltr'><strong>illa.</strong></span> <span class='ocrx_word' id='word_1_152' title='bbox 1370 1853 1374 1862; x_wconf 92' lang='lat'>.</span> 
     </span>
     <span class='ocr_line' id='line_1_19' title="bbox 41 1881 1293 1974; baseline 0.006 -27"><span class='ocrx_word' id='word_1_153' title='bbox 41 1881 122 1951; x_wconf 81' lang='lat' dir='ltr'><strong>facile</strong></span> <span class='ocrx_word' id='word_1_154' title='bbox 140 1884 281 1955; x_wconf 88' lang='lat' dir='ltr'><strong>allectari</strong></span> <span class='ocrx_word' id='word_1_155' title='bbox 302 1899 431 1974; x_wconf 87' lang='lat' dir='ltr'><strong>posset,</strong></span> <span class='ocrx_word' id='word_1_156' title='bbox 461 1886 565 1954; x_wconf 88' lang='lat' dir='ltr'><strong>multa</strong></span> <span class='ocrx_word' id='word_1_157' title='bbox 587 1886 774 1956; x_wconf 88' lang='lat' dir='ltr'><strong>admodum</strong></span> <span class='ocrx_word' id='word_1_158' title='bbox 793 1885 946 1966; x_wconf 83' lang='lat' dir='ltr'><strong>dixisset,</strong></span> <span class='ocrx_word' id='word_1_159' title='bbox 977 1898 1147 1974; x_wconf 87' lang='lat' dir='ltr'><strong>postremo</strong></span> <span class='ocrx_word' id='word_1_160' title='bbox 1179 1898 1293 1954; x_wconf 88' lang='lat' dir='ltr'><strong>osten-</strong></span> 
     </span>
     <span class='ocr_line' id='line_1_20' title="bbox 44 1970 1293 2075; baseline 0.006 -39"><span class='ocrx_word' id='word_1_161' title='bbox 44 1970 96 2049; x_wconf 87' lang='lat' dir='ltr'><strong>dit,</strong></span> <span class='ocrx_word' id='word_1_162' title='bbox 112 1993 153 2052; x_wconf 86' lang='lat' dir='ltr'><strong>se,</strong></span> <span class='ocrx_word' id='word_1_163' title='bbox 169 1989 203 2042; x_wconf 91' lang='lat' dir='ltr'><strong>ut</strong></span> <span class='ocrx_word' id='word_1_164' title='bbox 224 1975 302 2075; x_wconf 82' lang='lat' dir='ltr'><strong>ejus</strong></span> <span class='ocrx_word' id='word_1_165' title='bbox 324 1975 427 2044; x_wconf 90' lang='lat' dir='ltr'><strong>statui</strong></span> <span class='ocrx_word' id='word_1_166' title='bbox 454 1975 658 2056; x_wconf 87' lang='lat' dir='ltr'><strong>consuleret,</strong></span> <span class='ocrx_word' id='word_1_167' title='bbox 681 1975 835 2064; x_wconf 89' lang='lat' dir='ltr'><strong>deposita</strong></span> <span class='ocrx_word' id='word_1_168' title='bbox 860 1977 1094 2064; x_wconf 67' lang='lat' dir='ltr'><strong>magistratus</strong></span> <span class='ocrx_word' id='word_1_169' title='bbox 1114 1997 1216 2060; x_wconf 90' lang='lat' dir='ltr'><strong>quem</strong></span> <span class='ocrx_word' id='word_1_170' title='bbox 1236 1998 1293 2064; x_wconf 87' lang='lat' dir='ltr'><strong>ge-</strong></span> 
     </span>
     <span class='ocr_line' id='line_1_21' title="bbox 46 2059 1327 2154; baseline 0.007 -30"><span class='ocrx_word' id='word_1_171' title='bbox 46 2059 139 2140; x_wconf 89' lang='lat' dir='ltr'><strong>rebat,</strong></span> <span class='ocrx_word' id='word_1_172' title='bbox 154 2075 331 2144; x_wconf 78' lang='lat' dir='ltr'><strong>severitate,</strong></span> <span class='ocrx_word' id='word_1_173' title='bbox 371 2062 492 2132; x_wconf 90' lang='lat' dir='ltr'><strong>leniter</strong></span> <span class='ocrx_word' id='word_1_174' title='bbox 518 2087 556 2132; x_wconf 87' lang='lat' dir='ltr'><strong>ac</strong></span> <span class='ocrx_word' id='word_1_175' title='bbox 581 2065 730 2154; x_wconf 91' lang='lat' dir='ltr'><strong>benigne</strong></span> <span class='ocrx_word' id='word_1_176' title='bbox 762 2085 877 2133; x_wconf 90' lang='lat' dir='ltr'><strong>secum</strong></span> <span class='ocrx_word' id='word_1_177' title='bbox 903 2063 1025 2152; x_wconf 84' lang='lat' dir='ltr'><strong>egisse.</strong></span> <span class='ocrx_word' id='word_1_178' title='bbox 1049 2063 1195 2132; x_wconf 90' lang='lat' dir='ltr'><strong>Proinde</strong></span> <span class='ocrx_word' id='word_1_179' title='bbox 1218 2063 1293 2152; x_wconf 92' lang='lat' dir='ltr'><strong>ipsa</strong></span> <span class='ocrx_word' id='word_1_180' title='bbox 1323 2099 1327 2108; x_wconf 91' lang='lat'><em>·</em></span> 
     </span>
     <span class='ocr_line' id='line_1_22' title="bbox 50 2146 1291 2242; baseline 0.006 -31"><span class='ocrx_word' id='word_1_181' title='bbox 50 2146 131 2216; x_wconf 87' lang='lat' dir='ltr'><strong>daret</strong></span> <span class='ocrx_word' id='word_1_182' title='bbox 148 2171 286 2238; x_wconf 88' lang='lat' dir='ltr'><strong>operam,</strong></span> <span class='ocrx_word' id='word_1_183' title='bbox 314 2165 354 2222; x_wconf 90' lang='lat' dir='ltr'><strong>ut</strong></span> <span class='ocrx_word' id='word_1_184' title='bbox 374 2152 461 2220; x_wconf 92' lang='lat' dir='ltr'><strong>bene</strong></span> <span class='ocrx_word' id='word_1_185' title='bbox 478 2154 628 2222; x_wconf 91' lang='lat' dir='ltr'><strong>monenti</strong></span> <span class='ocrx_word' id='word_1_186' title='bbox 655 2155 800 2242; x_wconf 79' lang='lat' dir='ltr'><strong>pareret,</strong></span> <span class='ocrx_word' id='word_1_187' title='bbox 826 2163 1071 2241; x_wconf 86' lang='lat' dir='ltr'><strong>paternamque</strong></span> <span class='ocrx_word' id='word_1_188' title='bbox 1089 2151 1291 2238; x_wconf 79' lang='lat' dir='ltr'><strong>religionem</strong></span> 
     </span>
     <span class='ocr_line' id='line_1_23' title="bbox 50 2234 1291 2330; baseline 0.006 -30"><span class='ocrx_word' id='word_1_189' title='bbox 50 2234 292 2324; x_wconf 88' lang='lat' dir='ltr'><strong>amplecteretur,</strong></span> <span class='ocrx_word' id='word_1_190' title='bbox 315 2253 470 2329; x_wconf 88' lang='lat' dir='ltr'><strong>tempore</strong></span> <span class='ocrx_word' id='word_1_191' title='bbox 484 2241 659 2330; x_wconf 88' lang='lat' dir='ltr'><strong>etlegibus</strong></span> <span class='ocrx_word' id='word_1_192' title='bbox 672 2241 924 2310; x_wconf 83' lang='lat' dir='ltr'><strong>confirmatam.</strong></span> <span class='ocrx_word' id='word_1_193' title='bbox 944 2239 1006 2310; x_wconf 89' lang='lat' dir='ltr'><strong>Ubi</strong></span> <span class='ocrx_word' id='word_1_194' title='bbox 1019 2262 1070 2320; x_wconf 86' lang='lat' dir='ltr'><strong>ea,</strong></span> <span class='ocrx_word' id='word_1_195' title='bbox 1087 2263 1175 2327; x_wconf 88' lang='lat' dir='ltr'><strong>quae</strong></span> <span class='ocrx_word' id='word_1_196' title='bbox 1191 2245 1291 2308; x_wconf 90' lang='lat' dir='ltr'><strong>Prae-</strong></span> 
     </span>
     <span class='ocr_line' id='line_1_24' title="bbox 47 2324 1291 2420; baseline 0.006 -30"><span class='ocrx_word' id='word_1_197' title='bbox 47 2345 94 2392; x_wconf 90' lang='lat' dir='ltr'><strong>ses</strong></span> <span class='ocrx_word' id='word_1_198' title='bbox 117 2324 230 2398; x_wconf 89' lang='lat' dir='ltr'><strong>locutus</strong></span> <span class='ocrx_word' id='word_1_199' title='bbox 251 2341 318 2410; x_wconf 84' lang='lat' dir='ltr'><strong>est,</strong></span> <span class='ocrx_word' id='word_1_200' title='bbox 350 2328 449 2418; x_wconf 88' lang='lat' dir='ltr'><strong>virgo</strong></span> <span class='ocrx_word' id='word_1_201' title='bbox 472 2329 621 2412; x_wconf 87' lang='lat' dir='ltr'><strong>audivit,</strong></span> <span class='ocrx_word' id='word_1_202' title='bbox 649 2331 743 2420; x_wconf 89' lang='lat' dir='ltr'><strong>gravi</strong></span> <span class='ocrx_word' id='word_1_203' title='bbox 769 2351 808 2398; x_wconf 94' lang='lat' dir='ltr'><strong>ac</strong></span> <span class='ocrx_word' id='word_1_204' title='bbox 835 2330 891 2419; x_wconf 92' lang='lat' dir='ltr'><strong>pia</strong></span> <span class='ocrx_word' id='word_1_205' title='bbox 915 2329 1068 2402; x_wconf 88' lang='lat' dir='ltr'><strong>oratione</strong></span> <span class='ocrx_word' id='word_1_206' title='bbox 1092 2328 1291 2410; x_wconf 87' lang='lat' dir='ltr'><strong>declaravit,</strong></span> 
     </span>
     <span class='ocr_line' id='line_1_25' title="bbox 44 2417 1293 2506; baseline -0.004 -16"><span class='ocrx_word' id='word_1_207' title='bbox 44 2433 88 2490; x_wconf 68' lang='lat' dir='ltr'><strong>St,</strong></span> <span class='ocrx_word' id='word_1_208' title='bbox 104 2435 180 2500; x_wconf 86' lang='lat' dir='ltr'><strong>quae</strong></span> <span class='ocrx_word' id='word_1_209' title='bbox 199 2431 331 2488; x_wconf 86' lang='lat' dir='ltr'><strong>terrena</strong></span> <span class='ocrx_word' id='word_1_210' title='bbox 362 2432 455 2498; x_wconf 90' lang='lat' dir='ltr'><strong>sunt,</strong></span> <span class='ocrx_word' id='word_1_211' title='bbox 475 2439 630 2506; x_wconf 90' lang='lat' dir='ltr'><strong>quaeque</strong></span> <span class='ocrx_word' id='word_1_212' title='bbox 655 2418 797 2500; x_wconf 90' lang='lat' dir='ltr'><strong>caduca,</strong></span> <span class='ocrx_word' id='word_1_213' title='bbox 833 2418 969 2505; x_wconf 90' lang='lat' dir='ltr'><strong>aliaque</strong></span> <span class='ocrx_word' id='word_1_214' title='bbox 999 2417 1183 2506; x_wconf 88' lang='lat' dir='ltr'><strong>ejusmodi,</strong></span> <span class='ocrx_word' id='word_1_215' title='bbox 1210 2440 1293 2486; x_wconf 94' lang='lat' dir='ltr'><strong>con-</strong></span> 
     </span>
     <span class='ocr_line' id='line_1_26' title="bbox 42 2505 1289 2597; baseline 0.006 -29"><span class='ocrx_word' id='word_1_216' title='bbox 42 2515 183 2586; x_wconf 87' lang='lat' dir='ltr'><strong>temnere,</strong></span> <span class='ocrx_word' id='word_1_217' title='bbox 206 2529 243 2577; x_wconf 89' lang='lat' dir='ltr'><strong>ac</strong></span> <span class='ocrx_word' id='word_1_218' title='bbox 261 2530 326 2597; x_wconf 89' lang='lat' dir='ltr'><strong>pro</strong></span> <span class='ocrx_word' id='word_1_219' title='bbox 344 2505 452 2576; x_wconf 90' lang='lat' dir='ltr'><strong>nihilo</strong></span> <span class='ocrx_word' id='word_1_220' title='bbox 474 2520 612 2596; x_wconf 90' lang='lat' dir='ltr'><strong>putare:</strong></span> <span class='ocrx_word' id='word_1_221' title='bbox 631 2529 738 2595; x_wconf 90' lang='lat' dir='ltr'><strong>eaque</strong></span> <span class='ocrx_word' id='word_1_222' title='bbox 763 2519 830 2577; x_wconf 92' lang='lat' dir='ltr'><strong>toto</strong></span> <span class='ocrx_word' id='word_1_223' title='bbox 852 2507 970 2576; x_wconf 88' lang='lat' dir='ltr'><strong>animo</strong></span> <span class='ocrx_word' id='word_1_224' title='bbox 987 2506 1099 2576; x_wconf 90' lang='lat' dir='ltr'><strong>solum</strong></span> <span class='ocrx_word' id='word_1_225' title='bbox 1118 2519 1289 2596; x_wconf 89' lang='lat' dir='ltr'><strong>appetere,</strong></span> 
     </span>
     <span class='ocr_line' id='line_1_27' title="bbox 39 2595 1291 2686; baseline 0.006 -28"><span class='ocrx_word' id='word_1_226' title='bbox 39 2611 115 2675; x_wconf 89' lang='lat' dir='ltr'><strong>quae</strong></span> <span class='ocrx_word' id='word_1_227' title='bbox 129 2595 282 2666; x_wconf 85' lang='lat' dir='ltr'><strong>coelestia</strong></span> <span class='ocrx_word' id='word_1_228' title='bbox 303 2606 398 2676; x_wconf 90' lang='lat' dir='ltr'><strong>sunt,</strong></span> <span class='ocrx_word' id='word_1_229' title='bbox 418 2607 450 2664; x_wconf 92' lang='lat' dir='ltr'><strong>et</strong></span> <span class='ocrx_word' id='word_1_230' title='bbox 477 2618 563 2682; x_wconf 89' lang='lat' dir='ltr'><strong>quac</strong></span> <span class='ocrx_word' id='word_1_231' title='bbox 581 2599 800 2686; x_wconf 88' lang='lat' dir='ltr'><strong>sempiterna.</strong></span> <span class='ocrx_word' id='word_1_232' title='bbox 820 2601 999 2684; x_wconf 89' lang='lat' dir='ltr'><strong>Propterea</strong></span> <span class='ocrx_word' id='word_1_233' title='bbox 1018 2617 1084 2665; x_wconf 92' lang='lat' dir='ltr'><strong>non</strong></span> <span class='ocrx_word' id='word_1_234' title='bbox 1102 2618 1176 2664; x_wconf 87' lang='lat' dir='ltr'><strong>esse</strong></span> <span class='ocrx_word' id='word_1_235' title='bbox 1194 2595 1291 2674; x_wconf 81' lang='lat' dir='ltr'><strong>dixit,</strong></span> 
     </span>
     <span class='ocr_line' id='line_1_28' title="bbox 36 2682 1292 2773; baseline 0.006 -26"><span class='ocrx_word' id='word_1_236' title='bbox 36 2703 89 2748; x_wconf 88' lang='lat' dir='ltr'><strong>eur</strong></span> <span class='ocrx_word' id='word_1_237' title='bbox 102 2682 170 2772; x_wconf 84' lang='lat' dir='ltr'><strong>ejus</strong></span> <span class='ocrx_word' id='word_1_238' title='bbox 185 2684 336 2754; x_wconf 90' lang='lat' dir='ltr'><strong>consilio</strong></span> <span class='ocrx_word' id='word_1_239' title='bbox 361 2686 514 2773; x_wconf 78' lang='lat' dir='ltr'><strong>pareret:</strong></span> <span class='ocrx_word' id='word_1_240' title='bbox 537 2685 642 2754; x_wconf 93' lang='lat' dir='ltr'><strong>immo</strong></span> <span class='ocrx_word' id='word_1_241' title='bbox 663 2707 740 2754; x_wconf 84' lang='lat' dir='ltr'><strong>vero</strong></span> <span class='ocrx_word' id='word_1_242' title='bbox 768 2707 859 2764; x_wconf 87' lang='lat' dir='ltr'><strong>voce,</strong></span> <span class='ocrx_word' id='word_1_243' title='bbox 895 2684 991 2754; x_wconf 90' lang='lat' dir='ltr'><strong>vultu</strong></span> <span class='ocrx_word' id='word_1_244' title='bbox 1009 2695 1041 2753; x_wconf 90' lang='lat' dir='ltr'><strong>et</strong></span> <span class='ocrx_word' id='word_1_245' title='bbox 1071 2685 1188 2755; x_wconf 90' lang='lat' dir='ltr'><strong>animo</strong></span> <span class='ocrx_word' id='word_1_246' title='bbox 1213 2706 1292 2754; x_wconf 89' lang='lat' dir='ltr'><strong>con-</strong></span> 
     </span>
     <span class='ocr_line' id='line_1_29' title="bbox 35 2772 1291 2856; baseline 0.008 -22"><span class='ocrx_word' id='word_1_247' title='bbox 35 2773 176 2842; x_wconf 87' lang='lat' dir='ltr'><strong>stantiae</strong></span> <span class='ocrx_word' id='word_1_248' title='bbox 199 2773 310 2844; x_wconf 85' lang='lat' dir='ltr'><strong>libero</strong></span> <span class='ocrx_word' id='word_1_249' title='bbox 335 2786 487 2842; x_wconf 88' lang='lat' dir='ltr'><strong>sanctam</strong></span> <span class='ocrx_word' id='word_1_250' title='bbox 513 2780 594 2843; x_wconf 81' lang='lat' dir='ltr'><strong>lesu</strong></span> <span class='ocrx_word' id='word_1_251' title='bbox 619 2775 743 2844; x_wconf 86' lang='lat' dir='ltr'><strong>Christi</strong></span> <span class='ocrx_word' id='word_1_252' title='bbox 762 2774 864 2843; x_wconf 88' lang='lat' dir='ltr'><strong>iidem</strong></span> <span class='ocrx_word' id='word_1_253' title='bbox 887 2772 1054 2853; x_wconf 84' lang='lat' dir='ltr'><strong>confessa,</strong></span> <span class='ocrx_word' id='word_1_254' title='bbox 1082 2773 1291 2856; x_wconf 87' lang='lat' dir='ltr'><strong>Praesidem,</strong></span> 
     </span>
     <span class='ocr_line' id='line_1_30' title="bbox 32 2859 1294 2950; baseline 0.006 -24"><span class='ocrx_word' id='word_1_255' title='bbox 32 2859 83 2943; x_wconf 91' lang='lat' dir='ltr'><strong>qui</strong></span> <span class='ocrx_word' id='word_1_256' title='bbox 106 2859 272 2932; x_wconf 90' lang='lat' dir='ltr'><strong>idolorum</strong></span> <span class='ocrx_word' id='word_1_257' title='bbox 299 2862 509 2950; x_wconf 90' lang='lat' dir='ltr'><strong>impietatem</strong></span> <span class='ocrx_word' id='word_1_258' title='bbox 533 2861 712 2934; x_wconf 88' lang='lat' dir='ltr'><strong>malitiosis</strong></span> <span class='ocrx_word' id='word_1_259' title='bbox 737 2863 914 2934; x_wconf 89' lang='lat' dir='ltr'><strong>blanditiis</strong></span> <span class='ocrx_word' id='word_1_260' title='bbox 932 2861 1077 2932; x_wconf 87' lang='lat' dir='ltr'><strong>suadere</strong></span> <span class='ocrx_word' id='word_1_261' title='bbox 1093 2863 1123 2932; x_wconf 92' lang='lat' dir='ltr'><strong>ei</strong></span> <span class='ocrx_word' id='word_1_262' title='bbox 1145 2863 1294 2933; x_wconf 88' lang='lat' dir='ltr'><strong>conaba-</strong></span> 
     </span>
     <span class='ocr_line' id='line_1_31' title="bbox 34 2951 1295 3041; baseline 0.007 -28"><span class='ocrx_word' id='word_1_263' title='bbox 34 2959 92 3026; x_wconf 88' lang='lat' dir='ltr'><strong>tur,</strong></span> <span class='ocrx_word' id='word_1_264' title='bbox 110 2951 325 3022; x_wconf 85' lang='lat' dir='ltr'><strong>rehementer</strong></span> <span class='ocrx_word' id='word_1_265' title='bbox 345 2951 564 3040; x_wconf 88' lang='lat' dir='ltr'><strong>reprehendit</strong></span> <span class='ocrx_word' id='word_1_266' title='bbox 598 2951 642 3021; x_wconf 93' lang='lat' dir='ltr'><strong>iis</strong></span> <span class='ocrx_word' id='word_1_267' title='bbox 659 2952 790 3022; x_wconf 88' lang='lat' dir='ltr'><strong>verbis:</strong></span> <span class='ocrx_word' id='word_1_268' title='bbox 813 2974 830 3018; x_wconf 83' lang='lat' dir='ltr'><strong>t&lt;</strong></span> <span class='ocrx_word' id='word_1_269' title='bbox 847 2955 926 3041; x_wconf 89' lang='lat' dir='ltr'><strong>Ege,</strong></span> <span class='ocrx_word' id='word_1_270' title='bbox 947 2951 1070 3038; x_wconf 87' lang='lat' dir='ltr'><strong>inquit,</strong></span> <span class='ocrx_word' id='word_1_271' title='bbox 1099 2953 1295 3022; x_wconf 87' lang='lat' dir='ltr'><strong>sacrificare</strong></span> 
     </span>
     <span class='ocr_line' id='line_1_32' title="bbox 32 3039 1294 3128; baseline 0.005 -25"><span class='ocrx_word' id='word_1_272' title='bbox 32 3051 138 3122; x_wconf 87' lang='lat' dir='ltr'><strong>parata</strong></span> <span class='ocrx_word' id='word_1_273' title='bbox 153 3063 234 3110; x_wconf 83' lang='lat' dir='ltr'><strong>suro</strong></span> <span class='ocrx_word' id='word_1_274' title='bbox 258 3041 402 3109; x_wconf 83' lang='lat' dir='ltr'><strong>Domino</strong></span> <span class='ocrx_word' id='word_1_275' title='bbox 429 3062 502 3126; x_wconf 89' lang='lat' dir='ltr'><strong>mco</strong></span> <span class='ocrx_word' id='word_1_276' title='bbox 526 3045 608 3110; x_wconf 84' lang='lat' dir='ltr'><strong>Jesu</strong></span> <span class='ocrx_word' id='word_1_277' title='bbox 632 3041 776 3121; x_wconf 89' lang='lat' dir='ltr'><strong>Christo,</strong></span> <span class='ocrx_word' id='word_1_278' title='bbox 803 3041 863 3128; x_wconf 95' lang='lat' dir='ltr'><strong>qui</strong></span> <span class='ocrx_word' id='word_1_279' title='bbox 878 3041 1005 3110; x_wconf 89' lang='lat' dir='ltr'><strong>creavit</strong></span> <span class='ocrx_word' id='word_1_280' title='bbox 1021 3039 1155 3111; x_wconf 91' lang='lat' dir='ltr'><strong>coelum</strong></span> <span class='ocrx_word' id='word_1_281' title='bbox 1181 3054 1212 3111; x_wconf 92' lang='lat' dir='ltr'><strong>et</strong></span> <span class='ocrx_word' id='word_1_282' title='bbox 1230 3057 1294 3110; x_wconf 91' lang='lat' dir='ltr'><strong>ter-</strong></span> 
     </span>
     <span class='ocr_line' id='line_1_33' title="bbox 31 3129 1291 3216; baseline 0.005 -26"><span class='ocrx_word' id='word_1_283' title='bbox 31 3147 106 3206; x_wconf 86' lang='lat' dir='ltr'><strong>ram,</strong></span> <span class='ocrx_word' id='word_1_284' title='bbox 131 3141 162 3198; x_wconf 92' lang='lat' dir='ltr'><strong>et</strong></span> <span class='ocrx_word' id='word_1_285' title='bbox 187 3129 304 3198; x_wconf 91' lang='lat' dir='ltr'><strong>omnia</strong></span> <span class='ocrx_word' id='word_1_286' title='bbox 329 3149 569 3216; x_wconf 86' lang='lat' dir='ltr'><strong>quaecumque</strong></span> <span class='ocrx_word' id='word_1_287' title='bbox 592 3129 677 3199; x_wconf 88' lang='lat' dir='ltr'><strong>coeli</strong></span> <span class='ocrx_word' id='word_1_288' title='bbox 707 3143 739 3198; x_wconf 90' lang='lat' dir='ltr'><strong>et</strong></span> <span class='ocrx_word' id='word_1_289' title='bbox 771 3142 876 3198; x_wconf 86' lang='lat' dir='ltr'><strong>terrae</strong></span> <span class='ocrx_word' id='word_1_290' title='bbox 901 3129 1034 3199; x_wconf 88' lang='lat' dir='ltr'><strong>ambitu</strong></span> <span class='ocrx_word' id='word_1_291' title='bbox 1058 3129 1291 3198; x_wconf 86' lang='lat' dir='ltr'><strong>continentur.</strong></span> 
     </span>
     <span class='ocr_line' id='line_1_34' title="bbox 31 3216 1289 3306; baseline 0.002 -25"><span class='ocrx_word' id='word_1_292' title='bbox 31 3217 152 3285; x_wconf 80' lang='lat' dir='ltr'><strong>t&#39;estros</strong></span> <span class='ocrx_word' id='word_1_293' title='bbox 175 3231 290 3286; x_wconf 89' lang='lat' dir='ltr'><strong>autem</strong></span> <span class='ocrx_word' id='word_1_294' title='bbox 308 3216 390 3286; x_wconf 88' lang='lat' dir='ltr'><strong>deos</strong></span> <span class='ocrx_word' id='word_1_295' title='bbox 407 3217 565 3303; x_wconf 89' lang='lat' dir='ltr'><strong>detestor,</strong></span> <span class='ocrx_word' id='word_1_296' title='bbox 588 3241 674 3305; x_wconf 91' lang='lat' dir='ltr'><strong>quos</strong></span> <span class='ocrx_word' id='word_1_297' title='bbox 688 3219 855 3303; x_wconf 87' lang='lat' dir='ltr'><strong>Propheta</strong></span> <span class='ocrx_word' id='word_1_298' title='bbox 879 3219 1006 3306; x_wconf 90' lang='lat' dir='ltr'><strong>optime</strong></span> <span class='ocrx_word' id='word_1_299' title='bbox 1032 3217 1081 3288; x_wconf 84' lang='lat' dir='ltr'><strong>sic</strong></span> <span class='ocrx_word' id='word_1_300' title='bbox 1096 3219 1289 3306; x_wconf 90' lang='lat' dir='ltr'><strong>descripsit:</strong></span> 
     </span>
     <span class='ocr_line' id='line_1_35' title="bbox 31 3305 1294 3396; baseline 0.003 -27"><span class='ocrx_word' id='word_1_301' title='bbox 31 3310 65 3370; x_wconf 82' lang='lat' dir='ltr'><strong>tls</strong></span> <span class='ocrx_word' id='word_1_302' title='bbox 87 3305 217 3386; x_wconf 76' lang='lat' dir='ltr'><strong>turbent,</strong></span> <span class='ocrx_word' id='word_1_303' title='bbox 236 3317 267 3376; x_wconf 88' lang='lat' dir='ltr'><strong>et</strong></span> <span class='ocrx_word' id='word_1_304' title='bbox 296 3329 360 3376; x_wconf 83' lang='lat' dir='ltr'><strong>non</strong></span> <span class='ocrx_word' id='word_1_305' title='bbox 384 3309 583 3396; x_wconf 79' lang='lat' dir='ltr'><strong>loquentur:</strong></span> <span class='ocrx_word' id='word_1_306' title='bbox 602 3311 712 3378; x_wconf 83' lang='lat' dir='ltr'><strong>oculos</strong></span> <span class='ocrx_word' id='word_1_307' title='bbox 732 3309 864 3389; x_wconf 82' lang='lat' dir='ltr'><strong>hadent,</strong></span> <span class='ocrx_word' id='word_1_308' title='bbox 884 3317 914 3377; x_wconf 87' lang='lat' dir='ltr'><strong>ct</strong></span> <span class='ocrx_word' id='word_1_309' title='bbox 934 3331 999 3377; x_wconf 84' lang='lat' dir='ltr'><strong>non</strong></span> <span class='ocrx_word' id='word_1_310' title='bbox 1021 3307 1196 3375; x_wconf 83' lang='lat' dir='ltr'><strong>videbunt:</strong></span> <span class='ocrx_word' id='word_1_311' title='bbox 1222 3328 1294 3374; x_wconf 86' lang='lat' dir='ltr'><strong>ma·</strong></span> 
     </span>
    </p>
   </div>
   <div class='ocr_carea' id='block_1_5' title="bbox 8 3395 1293 3487">
    <p class='ocr_par' dir='ltr' id='par_1_6' title="bbox 8 3395 1293 3487">
     <span class='ocr_line' id='line_1_36' title="bbox 8 3395 1293 3487; baseline 0.003 -29"><span class='ocrx_word' id='word_1_312' title='bbox 8 3455 9 3458; x_wconf 74' lang='grc'>,</span> <span class='ocrx_word' id='word_1_313' title='bbox 33 3415 86 3459; x_wconf 79' lang='lat' dir='ltr'><strong>nur</strong></span> <span class='ocrx_word' id='word_1_314' title='bbox 111 3395 243 3474; x_wconf 82' lang='lat' dir='ltr'><strong>habent,</strong></span> <span class='ocrx_word' id='word_1_315' title='bbox 270 3406 301 3464; x_wconf 87' lang='lat' dir='ltr'><strong>et</strong></span> <span class='ocrx_word' id='word_1_316' title='bbox 321 3418 386 3465; x_wconf 81' lang='lat' dir='ltr'><strong>oon</strong></span> <span class='ocrx_word' id='word_1_317' title='bbox 407 3397 595 3486; x_wconf 83' lang='lat' dir='ltr'><strong>palpabunt</strong></span> <span class='ocrx_word' id='word_1_318' title='bbox 609 3422 620 3465; x_wconf 89' lang='lat'><em>:</em></span> <span class='ocrx_word' id='word_1_319' title='bbox 636 3397 739 3487; x_wconf 86' lang='lat' dir='ltr'><strong>pedes</strong></span> <span class='ocrx_word' id='word_1_320' title='bbox 754 3397 887 3476; x_wconf 83' lang='lat' dir='ltr'><strong>hubent,</strong></span> <span class='ocrx_word' id='word_1_321' title='bbox 914 3406 944 3466; x_wconf 88' lang='lat' dir='ltr'><strong>et</strong></span> <span class='ocrx_word' id='word_1_322' title='bbox 968 3419 1033 3465; x_wconf 82' lang='lat' dir='ltr'><strong>noc</strong></span> <span class='ocrx_word' id='word_1_323' title='bbox 1048 3396 1266 3464; x_wconf 82' lang='lat' dir='ltr'><strong>ambulabunt</strong></span> <span class='ocrx_word' id='word_1_324' title='bbox 1281 3419 1293 3463; x_wconf 94' lang='grc'><strong>.·</strong></span> 
     </span>
    </p>
   </div>
   <div class='ocr_carea' id='block_1_6' title="bbox 31 3485 1294 3574">
    <p class='ocr_par' dir='ltr' id='par_1_7' title="bbox 31 3485 1294 3574">
     <span class='ocr_line' id='line_1_37' title="bbox 31 3485 1294 3574; baseline 0.005 -29"><span class='ocrx_word' id='word_1_325' title='bbox 31 3503 87 3549; x_wconf 87' lang='lat' dir='ltr'><strong>non</strong></span> <span class='ocrx_word' id='word_1_326' title='bbox 103 3485 167 3552; x_wconf 83' lang='lat' dir='ltr'><strong>erit</strong></span> <span class='ocrx_word' id='word_1_327' title='bbox 191 3507 258 3553; x_wconf 72' lang='lat' dir='ltr'><strong>vocs</strong></span> <span class='ocrx_word' id='word_1_328' title='bbox 281 3487 317 3553; x_wconf 86' lang='lat' dir='ltr'><strong>in</strong></span> <span class='ocrx_word' id='word_1_329' title='bbox 364 3495 478 3554; x_wconf 78' lang='lat' dir='ltr'><strong>attare</strong></span> <span class='ocrx_word' id='word_1_330' title='bbox 501 3507 626 3556; x_wconf 83' lang='lat' dir='ltr'><strong>corum.</strong></span> <span class='ocrx_word' id='word_1_331' title='bbox 648 3487 783 3556; x_wconf 82' lang='lat' dir='ltr'><strong>Similes</strong></span> <span class='ocrx_word' id='word_1_332' title='bbox 816 3487 887 3554; x_wconf 79' lang='lat' dir='ltr'><strong>tttr&#39;s</strong></span> <span class='ocrx_word' id='word_1_333' title='bbox 905 3495 995 3565; x_wconf 82' lang='lat' dir='ltr'><strong>sunt,</strong></span> <span class='ocrx_word' id='word_1_334' title='bbox 1018 3487 1079 3574; x_wconf 80' lang='lat' dir='ltr'><strong>qui</strong></span> <span class='ocrx_word' id='word_1_335' title='bbox 1091 3485 1235 3573; x_wconf 73' lang='lat' dir='ltr'><strong>faciunt,</strong></span> <span class='ocrx_word' id='word_1_336' title='bbox 1263 3493 1294 3551; x_wconf 83' lang='lat' dir='ltr'><strong>ct</strong></span> 
     </span>
    </p>
   </div>
   <div class='ocr_carea' id='block_1_7' title="bbox 8 3575 1295 3833">
    <p class='ocr_par' dir='ltr' id='par_1_8' title="bbox 8 3575 1295 3833">
     <span class='ocr_line' id='line_1_38' title="bbox 8 3575 922 3664; baseline 0.003 -27"><span class='ocrx_word' id='word_1_337' title='bbox 8 3575 9 3596; x_wconf 78' lang='lat'>³</span> <span class='ocrx_word' id='word_1_338' title='bbox 33 3590 132 3640; x_wconf 79' lang='lat' dir='ltr'><strong>omnes</strong></span> <span class='ocrx_word' id='word_1_339' title='bbox 155 3575 218 3664; x_wconf 82' lang='lat' dir='ltr'><strong>qni</strong></span> <span class='ocrx_word' id='word_1_340' title='bbox 237 3575 322 3663; x_wconf 80' lang='lat' dir='ltr'><strong>confi</strong></span> <span class='ocrx_word' id='word_1_341' title='bbox 346 3584 407 3642; x_wconf 85' lang='lat' dir='ltr'><strong>unt</strong></span> <span class='ocrx_word' id='word_1_342' title='bbox 432 3577 467 3642; x_wconf 84' lang='lat' dir='ltr'><strong>in</strong></span> <span class='ocrx_word' id='word_1_343' title='bbox 490 3577 537 3643; x_wconf 86' lang='lat' dir='ltr'><strong>er&#39;s</strong></span> <span class='ocrx_word' id='word_1_344' title='bbox 559 3578 626 3664; x_wconf 78' lang='lat' dir='ltr'><strong>(Pe.</strong></span> <span class='ocrx_word' id='word_1_345' title='bbox 648 3579 710 3643; x_wconf 83' lang='lat' dir='ltr'><strong>tta</strong></span> <span class='ocrx_word' id='word_1_346' title='bbox 731 3585 762 3643; x_wconf 87' lang='lat' dir='ltr'><strong>ct</strong></span> <span class='ocrx_word' id='word_1_347' title='bbox 787 3575 875 3663; x_wconf 74' lang='lat' dir='ltr'><strong>tat).</strong></span> <span class='ocrx_word' id='word_1_348' title='bbox 905 3597 922 3640; x_wconf 81' lang='lat' dir='ltr'><strong>u</strong></span> 
     </span>
     <span class='ocr_line' id='line_1_39' title="bbox 8 3659 1293 3752; baseline -0.002 -21"><span class='ocrx_word' id='word_1_349' title='bbox 8 3671 10 3750; x_wconf 59' lang='grc' dir='ltr'>ζ</span> <span class='ocrx_word' id='word_1_350' title='bbox 67 3659 153 3743; x_wconf 58' lang='lat' dir='ltr'><strong>§a</strong></span> <span class='ocrx_word' id='word_1_351' title='bbox 190 3665 327 3732; x_wconf 88' lang='lat' dir='ltr'><strong>Praeses</strong></span> <span class='ocrx_word' id='word_1_352' title='bbox 371 3661 476 3752; x_wconf 91' lang='lat' dir='ltr'><strong>igitur</strong></span> <span class='ocrx_word' id='word_1_353' title='bbox 514 3685 592 3732; x_wconf 92' lang='lat' dir='ltr'><strong>cum</strong></span> <span class='ocrx_word' id='word_1_354' title='bbox 632 3662 768 3732; x_wconf 90' lang='lat' dir='ltr'><strong>allicere</strong></span> <span class='ocrx_word' id='word_1_355' title='bbox 800 3661 978 3732; x_wconf 90' lang='lat' dir='ltr'><strong>blanditiis</strong></span> <span class='ocrx_word' id='word_1_356' title='bbox 1016 3661 1182 3750; x_wconf 86' lang='lat' dir='ltr'><strong>virginem</strong></span> <span class='ocrx_word' id='word_1_357' title='bbox 1226 3681 1293 3729; x_wconf 93' lang='lat' dir='ltr'><strong>non</strong></span> 
     </span>
     <span class='ocr_line' id='line_1_40' title="bbox 8 3747 1295 3833; baseline 0.003 -19"><span class='ocrx_word' id='word_1_358' title='bbox 8 3767 9 3810; x_wconf 73' lang='lat'>1</span> <span class='ocrx_word' id='word_1_359' title='bbox 32 3747 191 3828; x_wconf 85' lang='lat' dir='ltr'><strong>potuisset</strong></span> <span class='ocrx_word' id='word_1_360' title='bbox 210 3750 252 3820; x_wconf 91' lang='lat' dir='ltr'><strong>ad</strong></span> <span class='ocrx_word' id='word_1_361' title='bbox 286 3750 411 3820; x_wconf 89' lang='lat' dir='ltr'><strong>falsum</strong></span> <span class='ocrx_word' id='word_1_362' title='bbox 444 3750 613 3822; x_wconf 89' lang='lat' dir='ltr'><strong>idolorum</strong></span> <span class='ocrx_word' id='word_1_363' title='bbox 640 3751 795 3833; x_wconf 89' lang='lat' dir='ltr'><strong>cultum,</strong></span> <span class='ocrx_word' id='word_1_364' title='bbox 824 3764 895 3820; x_wconf 94' lang='lat' dir='ltr'><strong>tum</strong></span> <span class='ocrx_word' id='word_1_365' title='bbox 917 3750 1018 3820; x_wconf 90' lang='lat' dir='ltr'><strong>etiam</strong></span> <span class='ocrx_word' id='word_1_366' title='bbox 1044 3752 1119 3832; x_wconf 85' lang='lat' dir='ltr'><strong>ejus</strong></span> <span class='ocrx_word' id='word_1_367' title='bbox 1143 3750 1295 3820; x_wconf 88' lang='lat' dir='ltr'><strong>oratione</strong></span> 
     </span>
    </p>
   </div>
   <div class='ocr_carea' id='block_1_8' title="bbox 8 3983 10 3992">
    <p class='ocr_par' dir='ltr' id='par_1_9' title="bbox 8 3983 10 3992">
     <span class='ocr_line' id='line_1_41' title="bbox 8 3983 10 3992; baseline 0 0"><span class='ocrx_word' id='word_1_368' title='bbox 8 3983 10 3992; x_wconf 75' lang='lat' dir='ltr'><strong>r</strong></span> 
     </span>
    </p>
   </div>
   <div class='ocr_carea' id='block_1_9' title="bbox 32 3837 1295 3930">
    <p class='ocr_par' dir='ltr' id='par_1_10' title="bbox 32 3837 1295 3930">
     <span class='ocr_line' id='line_1_42' title="bbox 32 3837 1295 3930; baseline 0.005 -28"><span class='ocrx_word' id='word_1_369' title='bbox 32 3837 398 3920; x_wconf 75' lang='lat' dir='ltr'><strong>gratiuscommotus,</strong></span> <span class='ocrx_word' id='word_1_370' title='bbox 426 3840 580 3930; x_wconf 91' lang='lat' dir='ltr'><strong>deposita</strong></span> <span class='ocrx_word' id='word_1_371' title='bbox 613 3841 706 3910; x_wconf 90' lang='lat' dir='ltr'><strong>omni</strong></span> <span class='ocrx_word' id='word_1_372' title='bbox 743 3839 990 3919; x_wconf 88' lang='lat' dir='ltr'><strong>simulatione,</strong></span> <span class='ocrx_word' id='word_1_373' title='bbox 1017 3837 1114 3908; x_wconf 89' lang='lat' dir='ltr'><strong>vultu</strong></span> <span class='ocrx_word' id='word_1_374' title='bbox 1140 3841 1227 3910; x_wconf 90' lang='lat' dir='ltr'><strong>tristi</strong></span> <span class='ocrx_word' id='word_1_375' title='bbox 1255 3861 1295 3908; x_wconf 92' lang='lat' dir='ltr'><strong>ac</strong></span> 
     </span>
    </p>
   </div>
   <div class='ocr_carea' id='block_1_10' title="bbox 8 3925 1296 4018">
    <p class='ocr_par' dir='ltr' id='par_1_11' title="bbox 8 3925 1296 4018">
     <span class='ocr_line' id='line_1_43' title="bbox 8 3925 1296 4018; baseline 0.008 -32"><span class='ocrx_word' id='word_1_376' title='bbox 8 3925 140 3994; x_wconf 82' lang='lat' dir='ltr'><strong>isevero</strong></span> <span class='ocrx_word' id='word_1_377' title='bbox 166 3939 340 4008; x_wconf 88' lang='lat' dir='ltr'><strong>tormenta,</strong></span> <span class='ocrx_word' id='word_1_378' title='bbox 368 3929 498 4014; x_wconf 90' lang='lat' dir='ltr'><strong>quibus</strong></span> <span class='ocrx_word' id='word_1_379' title='bbox 529 3929 587 3998; x_wconf 88' lang='lat' dir='ltr'><strong>illa</strong></span> <span class='ocrx_word' id='word_1_380' title='bbox 621 3929 806 4011; x_wconf 89' lang='lat' dir='ltr'><strong>crucietur,</strong></span> <span class='ocrx_word' id='word_1_381' title='bbox 835 3927 997 4018; x_wconf 89' lang='lat' dir='ltr'><strong>apparari</strong></span> <span class='ocrx_word' id='word_1_382' title='bbox 1023 3927 1136 4016; x_wconf 88' lang='lat' dir='ltr'><strong>jubet,</strong></span> <span class='ocrx_word' id='word_1_383' title='bbox 1167 3927 1199 3996; x_wconf 93' lang='lat' dir='ltr'><strong>id</strong></span> <span class='ocrx_word' id='word_1_384' title='bbox 1232 3928 1296 3997; x_wconf 91' lang='lat' dir='ltr'><strong>ali·</strong></span> 
     </span>
    </p>
   </div>
   <div class='ocr_carea' id='block_1_11' title="bbox 37 4014 1298 4282">
    <p class='ocr_par' dir='ltr' id='par_1_12' title="bbox 37 4014 1298 4282">
     <span class='ocr_line' id='line_1_44' title="bbox 37 4014 1298 4106; baseline 0.006 -28"><span class='ocrx_word' id='word_1_385' title='bbox 37 4014 165 4093; x_wconf 89' lang='lat' dir='ltr'><strong>quando</strong></span> <span class='ocrx_word' id='word_1_386' title='bbox 188 4038 328 4106; x_wconf 90' lang='lat' dir='ltr'><strong>sperans</strong></span> <span class='ocrx_word' id='word_1_387' title='bbox 358 4016 448 4099; x_wconf 87' lang='lat' dir='ltr'><strong>lore,</strong></span> <span class='ocrx_word' id='word_1_388' title='bbox 479 4029 516 4088; x_wconf 94' lang='lat' dir='ltr'><strong>ut</strong></span> <span class='ocrx_word' id='word_1_389' title='bbox 544 4017 608 4088; x_wconf 92' lang='lat' dir='ltr'><strong>hac</strong></span> <span class='ocrx_word' id='word_1_390' title='bbox 633 4019 686 4088; x_wconf 93' lang='lat' dir='ltr'><strong>via</strong></span> <span class='ocrx_word' id='word_1_391' title='bbox 716 4018 782 4088; x_wconf 87' lang='lat' dir='ltr'><strong>sibi</strong></span> <span class='ocrx_word' id='word_1_392' title='bbox 807 4016 1015 4098; x_wconf 89' lang='lat' dir='ltr'><strong>succederet,</strong></span> <span class='ocrx_word' id='word_1_393' title='bbox 1042 4017 1134 4104; x_wconf 94' lang='lat' dir='ltr'><strong>quod</strong></span> <span class='ocrx_word' id='word_1_394' title='bbox 1160 4019 1298 4104; x_wconf 85' lang='lat' dir='ltr'><strong>assequi</strong></span> 
     </span>
     <span class='ocr_line' id='line_1_45' title="bbox 39 4099 1298 4196; baseline 0.007 -31"><span class='ocrx_word' id='word_1_395' title='bbox 39 4099 240 4174; x_wconf 62' lang='lat' dir='ltr'><strong>»elementer</strong></span> <span class='ocrx_word' id='word_1_396' title='bbox 275 4106 476 4176; x_wconf 86' lang='lat' dir='ltr'><strong>conabatur.</strong></span> <span class='ocrx_word' id='word_1_397' title='bbox 502 4111 621 4194; x_wconf 88' lang='lat' dir='ltr'><strong>Itaque</strong></span> <span class='ocrx_word' id='word_1_398' title='bbox 652 4107 778 4175; x_wconf 87' lang='lat' dir='ltr'><strong>virini</strong></span> <span class='ocrx_word' id='word_1_399' title='bbox 811 4107 1012 4176; x_wconf 84' lang='lat' dir='ltr'><strong>vestimenta</strong></span> <span class='ocrx_word' id='word_1_400' title='bbox 1046 4106 1196 4196; x_wconf 92' lang='lat' dir='ltr'><strong>primum</strong></span> <span class='ocrx_word' id='word_1_401' title='bbox 1230 4105 1298 4176; x_wconf 87' lang='lat' dir='ltr'><strong>eri-</strong></span> 
     </span>
     <span class='ocr_line' id='line_1_46' title="bbox 42 4129 1297 4282; baseline 0.006 -28"><span class='ocrx_word' id='word_1_402' title='bbox 42 4187 195 4269; x_wconf 87' lang='lat' dir='ltr'><strong>piuntur:</strong></span> <span class='ocrx_word' id='word_1_403' title='bbox 220 4193 341 4264; x_wconf 89' lang='lat' dir='ltr'><strong>deinde</strong></span> <span class='ocrx_word' id='word_1_404' title='bbox 366 4193 462 4264; x_wconf 90' lang='lat' dir='ltr'><strong>nuda</strong></span> <span class='ocrx_word' id='word_1_405' title='bbox 479 4197 591 4266; x_wconf 89' lang='lat' dir='ltr'><strong>nervis</strong></span> <span class='ocrx_word' id='word_1_406' title='bbox 612 4129 753 4267; x_wconf 77' lang='lat' dir='ltr'><strong>bubniis</strong></span> <span class='ocrx_word' id='word_1_407' title='bbox 777 4195 952 4265; x_wconf 90' lang='lat' dir='ltr'><strong>caeditur:</strong></span> <span class='ocrx_word' id='word_1_408' title='bbox 977 4207 1009 4264; x_wconf 88' lang='lat' dir='ltr'><strong>et</strong></span> <span class='ocrx_word' id='word_1_409' title='bbox 1037 4217 1106 4282; x_wconf 90' lang='lat' dir='ltr'><strong>quo</strong></span> <span class='ocrx_word' id='word_1_410' title='bbox 1130 4197 1243 4264; x_wconf 91' lang='lat' dir='ltr'><strong>acrior</strong></span> <span class='ocrx_word' id='word_1_411' title='bbox 1267 4194 1297 4264; x_wconf 90' lang='lat' dir='ltr'><strong>ei</strong></span> 
     </span>
    </p>
   </div>
   <div class='ocr_carea' id='block_1_12' title="bbox 43 4273 1299 4464">
    <p class='ocr_par' dir='ltr' id='par_1_13' title="bbox 43 4273 1299 4464">
     <span class='ocr_line' id='line_1_47' title="bbox 43 4273 1299 4373; baseline 0.009 -33"><span class='ocrx_word' id='word_1_412' title='bbox 43 4273 129 4345; x_wconf 87' lang='lat' dir='ltr'><strong>dolor</strong></span> <span class='ocrx_word' id='word_1_413' title='bbox 157 4279 365 4364; x_wconf 89' lang='lat' dir='ltr'><strong>inureretur,</strong></span> <span class='ocrx_word' id='word_1_414' title='bbox 395 4285 588 4373; x_wconf 88' lang='lat' dir='ltr'><strong>praeacutis</strong></span> <span class='ocrx_word' id='word_1_415' title='bbox 621 4283 755 4354; x_wconf 90' lang='lat' dir='ltr'><strong>testulis</strong></span> <span class='ocrx_word' id='word_1_416' title='bbox 786 4282 928 4352; x_wconf 86' lang='lat' dir='ltr'><strong>vulnera</strong></span> <span class='ocrx_word' id='word_1_417' title='bbox 965 4283 1204 4373; x_wconf 84' lang='lat' dir='ltr'><strong>perfricaotur.</strong></span> <span class='ocrx_word' id='word_1_418' title='bbox 1238 4283 1299 4352; x_wconf 88' lang='lat' dir='ltr'><strong>His</strong></span> 
     </span>
     <span class='ocr_line' id='line_1_48' title="bbox 47 4371 1299 4464; baseline 0.005 -32"><span class='ocrx_word' id='word_1_419' title='bbox 47 4371 150 4434; x_wconf 80' lang='lat' dir='ltr'><strong>tamen</strong></span> <span class='ocrx_word' id='word_1_420' title='bbox 171 4371 407 4442; x_wconf 87' lang='lat' dir='ltr'><strong>cruciamentis</strong></span> <span class='ocrx_word' id='word_1_421' title='bbox 424 4373 518 4464; x_wconf 86' lang='lat' dir='ltr'><strong>virgo</strong></span> <span class='ocrx_word' id='word_1_422' title='bbox 543 4386 575 4443; x_wconf 89' lang='lat' dir='ltr'><strong>et</strong></span> <span class='ocrx_word' id='word_1_423' title='bbox 606 4386 738 4463; x_wconf 83' lang='lat' dir='ltr'><strong>martyr</strong></span> <span class='ocrx_word' id='word_1_424' title='bbox 770 4371 919 4442; x_wconf 85' lang='lat' dir='ltr'><strong>Barbara</strong></span> <span class='ocrx_word' id='word_1_425' title='bbox 943 4393 1009 4441; x_wconf 94' lang='lat' dir='ltr'><strong>non</strong></span> <span class='ocrx_word' id='word_1_426' title='bbox 1040 4371 1158 4452; x_wconf 87' lang='lat' dir='ltr'><strong>fracta,</strong></span> <span class='ocrx_word' id='word_1_427' title='bbox 1189 4390 1299 4458; x_wconf 87' lang='lat' dir='ltr'><strong>neque</strong></span> 
     </span>
    </p>
   </div>
   <div class='ocr_carea' id='block_1_13' title="bbox 0 0 1528 4838">
    <p class='ocr_par' dir='ltr' id='par_1_14' title="bbox 0 0 1528 4838">
     <span class='ocr_line' id='line_1_49' title="bbox 0 0 1528 4838; baseline 0 2"><span class='ocrx_word' id='word_1_428' title='bbox 0 0 1528 4838; x_wconf 95' lang='lat' dir='ltr'><strong> </strong></span> 
     </span>
    </p>
   </div>
  </div>
 </body>
</html>
